2448 3900
166 220 232 288 ³58
329 222 445 284 LIBER
458 220 548 282 XXX.
572 219 655 282 enl’.
669 226 714 284 ὅ.
728 225 773 282 36.
795 220 831 298 [ι
843 223 879 276 U.
891 239 915 278 c.
927 221 993 290 55⁰]

169 373 290 452 vigiotn
312 387 369 449 pur
382 373 477 432 terme
491 385 636 433 numerus
652 378 761 446 captus
777 385 846 431 cum
861 368 958 446 signis
973 367 1171 432 uilitaribus

171 465 292 522 centum
306 455 428 531 triginta
441 456 573 529 duobus,
588 454 759 530 elephantis
773 454 927 516 undecim.
962 453 1114 514 victores
1132 453 1171 516 ad

170 543 252 604 nulle
265 549 296 604 et
310 539 468 616 quingenti
483 539 634 601 cecidere.

253 625 404 688 Hannibal
425 639 494 686 cum
509 623 617 699 paucis
632 621 786 699 equitibus
800 624 880 683 inter
893 622 1063 684 tumultum
1078 621 1169 696 elap-

171 727 225 773 sus
249 709 469 772 Hadrumetum
492 707 640 784 perfugit,
668 706 771 770 omnia
791 715 821 770 et
840 707 871 768 in
894 707 1015 782 proelio
1038 711 1074 765 et
1095 712 1170 766 antu

171 795 281 870 eciem,
303 793 483 870 priusquam
504 792 668 854 excederet
682 807 787 868 pugna
801 797 965 867 expertus,
987 797 1020 852 et
1036 790 1168 850 conlas-

170 879 259 941 sione
292 878 382 940 etum
417 877 572 954 Scipionis
602 877 798 952 omniumque
831 874 1002 952 peritorum
1036 873 1170 934 militiae

171 979 291 1026 omnem
305 964 387 1024 illam
401 963 523 1024 laudem
538 959 679 1037 adeptus,
697 961 845 1036 singulari
858 965 925 1020 arte
939 959 1041 1020 aciem
1054 973 1099 1019 eo
1117 958 1168 1018 die

170 1047 368 1110 instruxisse=
391 1046 572 1123 elepHuntos
587 1047 617 1106 in
632 1046 730 1122 priora
744 1047 852 1122 trente,
868 1059 1000 1119 quorum
1013 1043 1167 1104 scaurus

171 1135 301 1210 inpetus
322 1137 415 1207 atque
434 1130 632 1192 intolerabilis
647 1130 697 1192 vis
712 1131 801 1206 signa
815 1129 904 1206 sequi
919 1135 950 1190 et
963 1143 1100 1190 semme
1116 1143 1166 1188 or-

171 1218 275 1291 dines,
296 1215 327 1276 iu
344 1232 408 1291 quo
430 1216 594 1292 plurimum
607 1216 677 1291 spei
691 1219 857 1291 ponerent,
877 1214 1038 1274 Romam
1053 1213 1165 1288 prohi-

170 1301 293 1370 herena
326 1300 437 1364 danda
457 1300 622 1362 auxiliares
642 1307 712 1361 ante
733 1297 1029 1376 emtbaginiensium
1051 1297 1163 1373 aciem,

171 1401 210 1446 ne
230 1385 371 1446 nomines
391 1386 477 1446 mixti
499 1399 539 1444 ex
555 1384 730 1446 coluvione
745 1384 880 1446 omnium
900 1382 1053 1458 gentium,
1077 1399 1162 1457 quos

171 1487 233 1532 non
258 1470 336 1530 fides
357 1475 476 1530 teneret
494 1469 552 1530 sed
571 1484 706 1542 merces,
732 1469 861 1530 liberum
881 1472 1042 1544 receptum
1066 1467 1162 1543 fugae

171 1553 327 1627 haberent,
343 1554 434 1616 simul
448 1555 580 1629 primum
595 1554 737 1614 ardorem
753 1561 845 1629 atque
859 1552 1004 1627 impetum
1020 1551 1160 1612 hostium

171 1638 359 1712 excipientes
375 1639 552 1712 religarent,
574 1653 625 1713 ac,
648 1637 676 1698 si
691 1636 765 1698 nihil
779 1637 878 1710 adud,
893 1635 1076 1697 vrxlneribus
1093 1635 1160 1696 suis

171 1722 283 1780 lenum
298 1720 431 1782 hostimu
446 1722 640 1793 hebetarent;
661 1729 740 1796 tum,
755 1722 809 1782 ubi
824 1722 922 1782 omnis
937 1737 1030 1797 spes,
1046 1719 1160 1780 milites

173 1803 439 1880 Cermaginienses
453 1807 627 1882 Afrosque,
648 1813 682 1870 ut
703 1806 845 1866 omnibus
859 1805 954 1865 rebus
969 1805 1039 1864 eliis
1054 1820 1159 1880 pares,

171 1905 209 1952 eo
225 1889 310 1964 quod
324 1889 433 1965 integri
448 1905 517 1950 cum
532 1891 625 1952 lassis
640 1906 677 1951 ac
692 1890 805 1952 sauciis
818 1897 999 1966 pugnarent,
1015 1889 1159 1964 superio-
1218 1919 1219 1944 t

171 1989 222 2036 res
237 1981 359 2043 esseda
381 1975 519 2049 italicos,
541 1974 691 2048 incertos,
713 1975 791 2035 socii
806 1991 845 2035 an
860 1973 968 2035 hostes
983 1979 1107 2048 essent,
1129 1972 1160 2032 in
1218 2039 1219 2042 Ἴ

171 2065 359 2133 postremam
380 2058 477 2120 aciem
491 2065 672 2121 summotos.
705 2058 766 2122 hoc
780 2059 862 2119 edito
877 2059 961 2119 aaut
974 2056 1083 2118 ultimo
1098 2056 1157 2116 rir-
1218 2075 1219 2080 ¹

172 2142 243 2203 tutis
254 2158 351 2219 opere
361 2143 513 2204 Hannibal
524 2159 593 2204 cum
603 2145 824 2206 Hadrumetum
834 2142 1009 2218 refugisset
1026 2141 1157 2201 accitus-

173 2241 234 2301 que
248 2225 320 2287 inde
333 2226 543 2303 Cartbaginem
557 2235 646 2290 sexto
658 2243 695 2288 ec
705 2227 859 2288 tricesimo
871 2233 945 2302 post
955 2241 1048 2299 auno,
1065 2241 1159 2300 quam

173 2325 249 2385 puer
262 2310 334 2372 inde
349 2312 505 2387 proiectus
520 2318 593 2386 erat,
609 2312 751 2387 redisset,
769 2314 872 2372 lassus
887 2311 917 2370 ln
932 2310 1019 2370 coria
1032 2315 1083 2369 est
1097 2325 1158 2369 non

172 2394 290 2468 ,rroelio
312 2396 404 2460 modo
420 2412 455 2458 se
471 2396 528 2457 sed
542 2396 622 2458 bello
638 2396 766 2471 victum,
784 2411 843 2456 nec
858 2411 946 2471 spem
959 2392 1070 2455 salutis
1086 2391 1158 2452 alibi

174 2494 265 2552 quam
279 2478 310 2538 in
327 2495 404 2555 pace
417 2481 611 2557 impetranda
626 2495 707 2560 esse.

256 2563 391 2625 XXXVI.
413 2564 518 2640 Scipio
540 2565 734 2626 contestima
754 2564 873 2639 proelio
894 2561 1083 2638 expugnatis
1104 2560 1158 2621 ho-

173 2647 264 2706 stium
286 2649 395 2710 eastris
414 2649 605 2724 direptisque
621 2664 690 2709 cum
704 2649 819 2724 ingenti
833 2647 953 2724 praeda
964 2647 1008 2706 ad
1021 2661 1109 2706 mare
1123 2659 1159 2704 ac

173 2744 268 2790 naves
283 2731 380 2804 rediit,
396 2731 501 2792 nunilo
517 2733 618 2793 adlato
630 2734 663 2792 Ρ.
674 2733 834 2793 Lentulum
850 2748 920 2793 cum
937 2729 1158 2807 quinquaginta

173 2813 322 2888 rostratis,
342 2823 462 2876 centum
476 2815 635 2888 onerariis,
658 2833 728 2878 curn
743 2818 825 2877 omni
839 2830 953 2892 genere
967 2818 1156 2876 commeatus

174 2897 214 2956 ad
228 2897 346 2958 Uticam
369 2899 552 2961 accessisse.
589 2899 928 2974 admovendumigiur
946 2899 1086 2972 undique
1099 2903 1155 2956 ter·

172 2997 274 3042 rorem
296 2985 458 3058 perculsae
476 2985 651 3059 carthagini
672 2991 772 3059 ratus,
793 2985 890 3045 misso
908 2983 1012 3043 Laelio
1028 2983 1154 3042 Romam

175 3081 244 3126 cum
264 3066 412 3128 victoriae
432 3069 554 3140 nuntio,
581 3069 740 3131 dommum
760 3067 896 3129 terrestri
915 3067 1024 3127 itinere
1045 3065 1155 3125 ducere

175 3149 312 3224 legiones
329 3152 540 3227 cmuaginem
559 3153 656 3214 iubet:
686 3154 755 3228 ipsc
769 3153 807 3213 ad
824 3167 911 3213 suam
924 3157 1063 3211 veterem
1078 3163 1154 3208 nova

174 3231 292 3294 Lentuli
313 3237 413 3297 classe
431 3237 578 3296 'adiuncta
598 3239 755 3310 proiectus
776 3237 815 3296 ab
835 3237 924 3298 Utica
943 3241 1067 3310 portum
1087 3233 1153 3292 mr·

175 3313 307 3388 thaginis
333 3320 415 3392 petit.
449 3319 532 3378 lrand
556 3321 805 3394 procumberet,
835 3336 904 3381 cum
928 3319 1030 3378 velata
1053 3315 1152 3376 intulis

176 3399 331 3472 ramisque
353 3401 440 3461 oleae
455 3401 748 3476 Carthaginiensium
769 3404 901 3464 occurrit
915 3403 1012 3462 navis.
1048 3401 1151 3459 decenn

179 3475 267 3550 legati
289 3490 375 3542 erant
394 3484 549 3558 principes
572 3485 717 3559 civitatis,
740 3494 865 3547 stratore
879 3484 1051 3545 Hannibale
1070 3479 1149 3541 missi
