2466 3900
213 239 321 300 LIBER
334 239 441 302 xxiv.
466 240 548 300 CAP.
562 251 605 305 lb·
617 249 659 305 13.
682 247 719 315 [a.
734 247 768 301 c.
782 247 846 315 uto]
975 239 1016 304 13

129 393 185 454 llll.
207 395 262 456 Hic
276 394 373 455 maior
383 395 474 455 solito
490 401 657 471 apparatus
673 395 838 472 praecipue
853 393 1017 455 conterruit

56 479 226 552 dunrpanos,
250 495 290 538 ne
315 477 353 538 ab
379 479 542 540 obsidione
568 478 690 556 capuae
714 479 826 538 bellum
852 479 919 539 eius
945 481 1016 537 anni

57 563 170 624 Rotnani
193 562 367 638 inciperent.
400 563 441 622 ita
465 563 584 638 legatos
609 563 650 622 ad
670 561 872 623 Hannibalem
898 573 1015 623 oratum

55 650 200 718 miserunt,
223 653 253 706 ut
268 647 402 724 capuam
423 647 589 707 exercitum
610 647 800 708 admoveret
822 647 863 706 ad
877 662 945 706 eam
961 661 1016 716 op·

54 731 232 806 pugnandam
247 746 346 792 novos
362 732 515 792 exercitus
530 731 622 791 scribi
637 731 767 802 Romae,
789 746 847 791 nec
860 731 951 791 ullius
968 748 1016 790 ur-

55 815 95 873 bis
107 815 259 876 detentioni
270 817 368 891 magis
384 814 523 876 intensos
539 831 643 876 eorum
659 815 778 875 animos
794 830 875 874 esse.
898 813 929 874 id
945 813 1016 890 quia

54 915 106 958 tam
125 900 227 974 trepidi
248 899 442 973 nuntiabant,
465 900 678 961 maturandum
693 897 843 959 Hannibal
858 905 958 970 ratus,
978 915 1017 957 nc

56 984 250 1058 praevenirent
258 985 400 1060 Romani,
417 985 573 1060 proiectus
587 984 682 1059 Arpis
697 984 737 1042 ad
750 983 848 1042 Tifata
861 984 892 1042 in
907 983 1016 1043 veteri·

54 1067 104 1126 bus
119 1066 217 1128 castris
232 1084 329 1144 super
340 1069 475 1145 Capuam
490 1067 639 1129 consedit.
661 1068 742 1143 inda,
757 1066 894 1128 Numidis
905 1067 1016 1142 Hispa·

54 1149 150 1225 uisque
167 1154 205 1213 ad
224 1153 416 1228 praesidium
431 1152 520 1212 simul
541 1157 709 1213 castromm
729 1151 818 1213 simul
833 1151 1017 1228 Capuaene-

57 1234 135 1308 lictis,
154 1252 217 1298 cum
232 1244 338 1296 cetero
361 1237 494 1297 exercitu
511 1236 550 1296 ad
565 1236 664 1296 lacum
679 1237 795 1295 Averni
809 1252 866 1311 per
881 1237 1015 1310 speciem

60 1319 242 1395 sacrificandi,
268 1337 303 1380 re
323 1321 406 1396 ipsa,
434 1329 467 1381 ut
481 1327 641 1395 temptaret
653 1319 797 1379 Puteolos
814 1319 961 1395 quodque
975 1315 1016 1378 ibi

61 1402 180 1475 praesidii
191 1413 266 1479 erat,
281 1404 449 1465 descendit.
469 1405 630 1479 Maximae,
645 1411 810 1480 postquam
817 1402 1016 1462 Hannibalem

58 1487 136 1561 Arpis
152 1491 322 1564 proiectum
344 1496 373 1548 et
392 1489 513 1563 regredi
534 1488 564 1547 in
587 1488 782 1562 Campaniam
803 1487 938 1548 adlatum
959 1502 1015 1558 est,

58 1586 102 1629 nec
113 1571 221 1634 dicuec
232 1580 326 1632 nocte
341 1572 516 1633 intermisso
532 1572 638 1633 itinere
650 1571 690 1632 ad
706 1573 873 1632 exercitum
883 1569 971 1644 redit,
987 1579 1017 1630 et

57 1652 106 1712 Tib.
121 1655 286 1718 Gracchum
300 1655 339 1716 ab
354 1656 482 1718 Luceria
492 1656 702 1716 Beneventum
716 1656 824 1731 coplas
839 1655 1014 1728 admovere,

52 1735 82 1812 Q.
98 1737 213 1801 Fabium
235 1748 412 1818 praetorem
431 1741 516 1800 -is
531 1740 612 1800 lilius
628 1741 763 1801 consulis
779 1746 844 1799 erat
856 1770 899 1782 —-
919 1739 1015 1800 Luce-

54 1821 114 1881 riam
122 1824 256 1887 Graccho
270 1825 437 1885 succedere
452 1823 545 1884 iubet.
567 1825 598 1883 in
607 1823 741 1884 Siciliam
756 1825 866 1885 eodem
877 1831 1015 1898 tempore
1073 1825 1077 1834 '

53 1905 102 1966 duo
116 1919 271 1982 praetores
290 1908 429 1984 proiecti,
444 1907 477 1967 P.
486 1909 646 1968 Cornelius
661 1909 701 1969 ad
716 1909 892 1983 exercitum,
906 1903 1015 1967 Titto-

51 1989 124 2051 cilius
136 1993 185 2068 qui
195 1994 365 2054 maritimae
378 2008 451 2052 orae
462 1993 568 2067 reique
580 1993 680 2053 navali
692 1998 861 2068 praeesset.
882 1998 913 2051 ct
924 1997 1014 2050 ceter-t

52 2074 75 2130 ln
88 2091 154 2136 suas
175 2078 309 2153 quisquc
332 2077 506 2153 provincias
523 2076 668 2152 prolecti;
691 2085 722 2138 et
737 2077 847 2152 quibus
868 2091 1015 2150 proroga·

50 2164 100 2217 tum
117 2160 277 2236 imperium
298 2170 373 2236 erat,
404 2161 530 2221 easdem
554 2177 631 2235 quas
655 2160 748 2237 priori
770 2176 850 2220 anno
872 2157 1014 2232 regiones

51 2240 236 2305 obtinuerunt.
342 2259 346 2264 ’

117 2328 192 2388 Xlll.
224 2329 277 2388 Ad
291 2327 506 2404 Hannibalem,
527 2345 596 2391 cum
618 2328 659 2388 ad
672 2329 773 2388 lacum
785 2326 901 2386 Averni
922 2333 1023 2400 esset,-

52 2409 167 2486 quinque
181 2412 305 2481 nobiles
320 2413 448 2473 iuvenes
463 2413 502 2472 ab
517 2414 646 2474 Tarento
667 2417 829 2484 venerunt,
851 2411 959 2486 partlm
975 2421 1013 2470 ao

49 2491 272 2556 liasumennum
293 2496 393 2556 lacum
409 2498 518 2571 partim
534 2497 573 2556 ad
590 2497 709 2558 Cannas
731 2494 811 2571 capti
833 2494 1014 2570 dimissique

48 2575 144 2640 domos
159 2597 229 2642 cum
251 2581 360 2640 eadem
375 2582 531 2656 comitate,
555 2597 617 2656 qua
636 2597 713 2642 usus
735 2579 885 2640 adversus
907 2594 1014 2640 omnes

50 2657 241 2725 Romanorum
257 2665 360 2725 socios
375 2663 496 2726 Poenus
512 2666 618 2725 iuerat.
640 2665 668 2724 ei
682 2679 833 2725 memores
847 2662 1013 2724 beneficio·

51 2759 104 2804 mm
118 2748 182 2809 eius
198 2748 375 2825 perpulisse
389 2765 530 2824 magnam
544 2757 662 2826 partem
678 2763 713 2808 se
727 2748 889 2808 inventutis
903 2749 1014 2808 Taren-

49 2826 116 2889 tinae
126 2833 269 2906 relerunt,
281 2834 499 2894 utHannibalis
512 2833 672 2894 amicitiam
686 2848 722 2892 ac
734 2819 911 2893 socretatem
922 2848 1014 2908 quam

50 2914 140 2987 lopuli
153 2916 285 2977 Romani
300 2919 431 2992 mallent,
447 2918 627 2994 legatosque
643 2917 681 2978 ab
697 2918 761 2978 suis
775 2915 890 2978 missos
904 2932 1015 2992 rogate
1043 2986 1049 2994 ,

49 2992 250 3076 Hannibalem,
272 3009 304 3062 ut
325 3003 491 3064 exercitum
513 3002 641 3079 propius
658 3002 819 3069 Tarentum
841 3003 1014 3063 admoveat.

48 3077 68 3135 sl
87 3081 170 3158 signu
193 3087 275 3161 eius,
297 3086 324 3146 si
340 3092 441 3147 castra
462 3088 630 3164 conspecta
651 3088 812 3147 aTarento
835 3087 909 3161 sint,
932 3085 1015 3146 haud

50 3161 123 3226 ullam
139 3169 374 3231 intercessuram
389 3188 514 3248 moram,
538 3173 610 3247 quin
624 3171 698 3232 urbs
714 3170 854 3232 dedatur.
883 3172 913 3231 in
928 3179 1014 3267 poto-

48 3252 141 3308 oble
133 3252 284 3314 runiorum
306 3255 442 3330 plebem,
467 3255 497 3316 in
512 3273 604 3316 manu
619 3255 720 3330 plebis
743 3272 808 3316 rem
820 3252 939 3315 Tarent
919 3263 1012 3314 ιιιιιιιιι

48 3343 116 3392 esse.
147 3334 297 3398 Hannibal
319 3340 510 3401 collaudatos
535 3356 589 3401 eos
613 3347 819 3414 oneratosque
840 3327 943 3414 lugent
931 3335 1011 3398 tibus

50 3418 197 3503 promissis
217 3419 340 3485 domum
363 3423 402 3484 ad
419 3430 530 3500 coepta
544 3424 723 3484 maturanda
737 3421 838 3482 redire
859 3420 956 3480 lubetr
978 3435 1012 3480 sa

50 3488 488 3580 lutenrporeadluturumesse.
503 3500 1012 3581 haccumspodimissi'lurentim
