2466 3900
178 226 221 290 30
359 227 474 290 LIBER
487 227 595 290 XXIV.
618 227 702 287 CAP-
714 233 757 288 29.
778 232 816 304 [a.
828 232 863 290 U.
876 247 900 284 c.
912 227 976 298 558]

179 388 240 444 tem
262 397 299 442 ac
319 381 534 444 tumultuosam
555 378 784 442 exonemudam
805 376 1052 453 ducesqueeius
1073 377 1157 440 able

179 467 310 542 ganum
324 465 529 540 Hippocrates
542 469 667 539 praetor
677 462 836 524 ducereeo
846 463 1023 536 transfugas
1033 461 1158 532 iussum
1227 483 1228 540 y

180 550 279 611 secuti
292 549 378 609 multi
391 563 431 608 ax
445 547 661 608 mercennariis
675 545 796 606 auxiliis
811 550 955 620 quattuor
965 543 1048 606 milia
1058 561 1157 606 arma·
1227 547 1228 574 i

181 641 279 694 torum
300 632 476 692 elicuerunt
509 637 541 690 et
554 628 738 692 mittentibus
754 635 784 689 et
797 628 901 690 missis
916 645 954 690 ea
968 629 1048 689 laeta
1061 643 1157 704 expe-

181 716 254 780 ditio
269 717 339 778 iuit=
361 732 432 776 nam
446 721 476 775 et
489 714 563 788 illis,
585 713 744 790 quodiam
760 713 814 773 diu
827 713 1006 788 cupiebant,
1022 713 1157 774 novandi

181 815 231 860 res
249 800 373 862 occasio
395 801 469 860 data
487 806 549 873 est,
571 805 601 858 et
619 797 651 857 hi
665 795 814 858 sentinam
831 797 986 871 quandam
999 797 1087 856 urbis
1099 797 1158 857 rati

181 883 361 945 exhaustam
377 882 575 946 laetabantur.
589 889 722 942 ceterum
732 881 1015 942 levaveruntmodo
1025 880 1056 940 in
1068 897 1156 964 prae

78 1024 84 1036 ,
181 968 381 1030 sentianvelut
391 982 507 1042 cerpus
522 979 664 1040 aegrum,
680 981 742 1040 quo
757 981 830 1026 mox
844 964 875 1026 in
889 965 1061 1040 graviorem
1075 980 1155 1025 mor·

158 1051 254 1112 ¹bum
281 1051 440 1112 recideret.
479 1050 685 1125 Hippocrates
721 1048 801 1108 eumn
828 1047 954 1124 finitima
981 1047 1158 1124 provinciae

179 1135 337 1196 Romanae
360 1137 459 1210 primo
484 1133 604 1194 furtivis
628 1132 863 1194 excursionibus
888 1139 1013 1194 vastare
1037 1131 1158 1208 coepit;

181 1217 301 1293 deinde,-
314 1235 383 1281 cum
395 1219 435 1280 ad
446 1219 579 1280 tuendos
591 1217 746 1280 sociorum
758 1233 850 1292 agnos
862 1216 990 1278 missum
1002 1217 1041 1276 ab
1051 1217 1156 1292 Appio

180 1303 368 1377 praesidium
383 1309 482 1378 esset,
504 1301 646 1363 omuibus
662 1299 759 1376 copiis
775 1301 921 1376 impeturn
935 1301 965 1360 in
982 1300 1156 1376 oppositam

180 1387 341 1449 stationem
362 1403 431 1448 tum
451 1387 548 1447 caede
566 1387 728 1451 mutorum
748 1383 828 1445 lecit.
867 1401 948 1460 quae
968 1391 1159 1446 cumessam

180 1470 316 1532 nuntiata
329 1470 488 1543 Marcello,
503 1470 622 1544 legatos
638 1470 791 1544 externplo
807 1467 982 1546 Syracusas
997 1467 1088 1542 misit,
1104 1468 1154 1542 qui

180 1554 268 1629 pacis
292 1554 384 1614 fidem
404 1559 526 1629 ruptam
545 1567 618 1614 esse
640 1553 790 1626 dicerent,
817 1567 875 1614 nec
892 1553 964 1614 belli
986 1552 1155 1614 defuturam

180 1653 325 1712 umquam
346 1653 486 1711 causam,
510 1636 569 1697 nisi
588 1636 792 1713 Hippocrates
810 1643 903 1712 atque
916 1635 1074 1714 Epicydes
1095 1651 1157 1697 uon

181 1721 219 1781 ab
236 1720 401 1795 Syracusis
422 1721 514 1782 modo
534 1720 593 1780 sed
611 1727 678 1782 tota
691 1721 800 1796 procul
816 1719 919 1780 Sicilia
933 1720 1158 1795 allegarentur.

179 1804 351 1881 Epicydes,
373 1821 412 1866 ne
432 1811 484 1866 aut
503 1821 576 1866 reus
591 1805 726 1866 criminis
739 1803 876 1864 absentis
891 1804 992 1864 tranis
1006 1819 1159 1879 praeseus

180 1895 279 1962 esset,
302 1895 354 1949 aut
373 1888 499 1950 deesset
519 1904 576 1963 pro
597 1895 683 1963 parte
697 1904 755 1948 sua
769 1887 950 1949 concitando
961 1887 1063 1962 bello,
1083 1903 1158 1963 pro

180 1974 279 2033 iectus
302 1981 332 2034 et
353 1973 466 2048 ipsein
481 1973 663 2043 Leontinos,
686 1971 758 2047 quia
771 1973 847 2032 satis
863 1987 918 2034 eos
933 1972 1084 2034 adversus
1100 1989 1158 2048 po-

179 2057 284 2132 pulum
300 2059 471 2118 Romanum
493 2055 662 2117 concitatos
677 2056 835 2131 cernebat,
857 2062 995 2122 avertere
1011 2055 1102 2116 etiam
1117 2058 1160 2116 ab

181 2140 347 2218 Syracusis
362 2141 477 2217 coepit:
502 2157 572 2201 narn
587 2139 629 2200 ita
642 2156 698 2201 eos
713 2155 821 2215 pacem
835 2140 995 2216 pepigisse
1009 2155 1078 2200 cum
1093 2141 1158 2202 Ro-

179 2225 286 2299 manis,
302 2231 335 2284 ut
349 2225 535 2301 qudcumque
548 2225 656 2300 popuii
670 2225 728 2284 sub
742 2223 866 2298 regibus
881 2223 1020 2298 luissent,
1035 2231 1067 2285 et
1079 2241 1162 2284 suae

179 2309 310 2370 dicionis
331 2316 451 2382 essent;
479 2325 537 2369 nec
557 2309 617 2369 iam
638 2309 783 2370 liberatos
805 2314 965 2370 contentos
986 2323 1073 2381 esse,
1096 2309 1157 2368 nisi

179 2393 270 2452 ctiam
292 2399 421 2468 regnent
445 2409 482 2454 ac
507 2394 708 2454 dominentur.
743 2392 976 2454 renuntiandum
997 2391 1089 2468 igitur
1110 2393 1158 2454 eis

178 2491 251 2537 esse
264 2476 430 2538 Leontinos
447 2492 570 2552 quoque
585 2492 717 2552 aequum
733 2491 860 2536 censere
873 2477 987 2538 liberos
1002 2492 1091 2551 esse,
1105 2479 1158 2536 vel

179 2561 263 2635 quod
282 2560 312 2621 in
334 2562 401 2621 solo
416 2560 502 2620 urbis
516 2575 593 2620 suae
606 2566 756 2638 tyrannus
771 2559 928 2633 ceciderit,
949 2561 996 2620 vel
1014 2561 1158 2636 quodibi

178 2645 307 2719 primunr
328 2645 548 2704 conclamatum
563 2644 603 2703 ad
617 2644 786 2704 libertatem
799 2642 975 2720 relictisque
988 2645 1083 2720 regiis
1099 2645 1159 2704 du·

179 2727 267 2787 cibus
290 2725 463 2804 Syracusas
486 2743 669 2789 concursum
691 2728 738 2788 sit.
771 2727 874 2803 itaque
891 2733 944 2788 aut
957 2729 1156 2790 eximendum

178 2811 210 2871 id
225 2811 405 2871 defoedare
420 2827 500 2885 esse,
517 2817 570 2874 aut
583 2812 682 2888 legem
696 2827 763 2872 earn
778 2811 913 2874 foederis
925 2829 987 2874 non
1000 2813 1157 2889 accipien-

179 2893 258 2953 dam.
291 2895 380 2954 facile
401 2895 583 2956 multitudini
603 2912 803 2972 persuasum;
825 2897 997 2974 legatisque
1019 2895 1158 2975 Syracu·

179 2993 325 3038 sanorum
346 2979 436 3042 etde
457 2980 555 3040 caede
576 2981 714 3042 stationis
730 2982 888 3042 Romanae
909 2982 1110 3056 querentibus
1125 2989 1159 3041 et

176 3061 385 3138 Hippocraten
407 3071 498 3140 atque
512 3063 673 3144 Epicyden
694 3065 779 3125 abire
801 3065 988 3126 seuLotros
1010 3081 1068 3126 seu
1091 3082 1159 3141 quo

177 3145 236 3208 alio
251 3148 388 3220 mallent,
410 3147 574 3210 dummodo
590 3149 693 3210 Sicilia
708 3148 866 3224 cederent,
882 3148 1055 3210 iubentibus
1072 3151 1156 3210 iero·

65 3299 67 3304 ,
177 3231 252 3290 oiter
270 3245 455 3306 responsum
471 3239 519 3293 est
525 3249 655 3308 ‚neque
669 3233 834 3293 mandasse
849 3249 920 3294 sese
936 3231 1156 3310 Syracusanis,

57 3325 67 3362 ’ς
101 3384 103 3390 s
176 3319 209 3373 ut
222 3330 331 3389 pacem
345 3332 401 3390 pro
416 3333 451 3376 se
463 3332 531 3376 cum
542 3317 689 3378 Romanis
699 3316 844 3391 iacerent,
858 3332 959 3392 neque
970 3318 1067 3376 teneri
1080 3319 1155 3377 alie-

175 3396 223 3456 nis
236 3398 421 3460 foederibus.
447 3397 525 3460 haec
539 3401 580 3459 ad
593 3401 749 3461 Romanos
765 3399 952 3476 Syracusani
968 3400 1163 3481 detulerunt

175 3480 308 3542 claimant
296 3489 342 3542 tes
354 3483 542 3545 Leontinos
534 3500 564 3542 m
578 3499 635 3542 sua
645 3489 797 3558 potestate
807 3498 894 3544 esse·
916 3482 1039 3559 itaque
1030 3490 1162 3559 integro
