<?xml version="1.0" encoding="UTF-8"?>
<!DOCTYPE html PUBLIC "-//W3C//DTD XHTML 1.0 Transitional//EN"
    "http://www.w3.org/TR/xhtml1/DTD/xhtml1-transitional.dtd">
<html xmlns="http://www.w3.org/1999/xhtml" xml:lang="en" lang="en">
 <head>
  <title>
</title>
<meta http-equiv="Content-Type" content="text/html;charset=utf-8" />
  <meta name='ocr-system' content='tesseract 3.04.00' />
  <meta name='ocr-capabilities' content='ocr_page ocr_carea ocr_par ocr_line ocrx_word'/>
</head>
<body>
  <div class='ocr_page' id='page_1' title='image "./titiliviaburbec09livygoog_0085.png"; bbox 0 0 2466 3900; ppageno 0'>
   <div class='ocr_carea' id='block_1_1' title="bbox 195 171 1033 246">
    <p class='ocr_par' dir='ltr' id='par_1_1' title="bbox 195 171 1033 246">
     <span class='ocr_line' id='line_1_1' title="bbox 195 171 1033 246; baseline -0.013 -3"><span class='ocrx_word' id='word_1_1' title='bbox 195 177 240 244; x_wconf 86' lang='lat' dir='ltr'><strong>oo</strong></span> <span class='ocrx_word' id='word_1_2' title='bbox 360 175 582 239; x_wconf 76' lang='lat' dir='ltr'><strong>ursusxxv.</strong></span> <span class='ocrx_word' id='word_1_3' title='bbox 604 171 687 235; x_wconf 77' lang='lat' dir='ltr'><strong>chr.</strong></span> <span class='ocrx_word' id='word_1_4' title='bbox 702 177 805 236; x_wconf 76' lang='lat' dir='ltr'><strong>aaa</strong></span> <span class='ocrx_word' id='word_1_5' title='bbox 828 179 866 246; x_wconf 66' lang='lat' dir='ltr'><strong>[a.</strong></span> <span class='ocrx_word' id='word_1_6' title='bbox 880 177 917 230; x_wconf 90' lang='lat' dir='ltr'><strong>u.</strong></span> <span class='ocrx_word' id='word_1_7' title='bbox 931 175 1033 244; x_wconf 69' lang='lat' dir='ltr'><strong>0.qu</strong></span> 
     </span>
    </p>
   </div>
   <div class='ocr_carea' id='block_1_2' title="bbox 133 323 1198 3518">
    <p class='ocr_par' dir='ltr' id='par_1_2' title="bbox 133 323 1198 3518">
     <span class='ocr_line' id='line_1_2' title="bbox 199 323 1163 402; baseline -0.011 -10"><span class='ocrx_word' id='word_1_8' title='bbox 199 337 302 392; x_wconf 87' lang='lat' dir='ltr'><strong>rentur</strong></span> <span class='ocrx_word' id='word_1_9' title='bbox 321 329 361 389; x_wconf 88' lang='lat' dir='ltr'><strong>ob</strong></span> <span class='ocrx_word' id='word_1_10' title='bbox 374 327 538 388; x_wconf 78' lang='lat' dir='ltr'><strong>Tarracina</strong></span> <span class='ocrx_word' id='word_1_11' title='bbox 557 339 759 402; x_wconf 75' lang='lat' dir='ltr'><strong>comprensos</strong></span> <span class='ocrx_word' id='word_1_12' title='bbox 781 339 891 386; x_wconf 89' lang='lat' dir='ltr'><strong>omnes</strong></span> <span class='ocrx_word' id='word_1_13' title='bbox 906 329 1106 384; x_wconf 67' lang='lat' dir='ltr'><strong>reduxerunt</strong></span> <span class='ocrx_word' id='word_1_14' title='bbox 1124 323 1163 382; x_wconf 81' lang='lat' dir='ltr'><strong>de</strong></span> 
     </span>
     <span class='ocr_line' id='line_1_3' title="bbox 199 405 1198 500; baseline -0.011 -23"><span class='ocrx_word' id='word_1_15' title='bbox 199 415 283 477; x_wconf 88' lang='lat' dir='ltr'><strong>ducti</strong></span> <span class='ocrx_word' id='word_1_16' title='bbox 303 413 333 473; x_wconf 92' lang='lat' dir='ltr'><strong>in</strong></span> <span class='ocrx_word' id='word_1_17' title='bbox 355 410 509 472; x_wconf 88' lang='lat' dir='ltr'><strong>comitium</strong></span> <span class='ocrx_word' id='word_1_18' title='bbox 528 410 687 485; x_wconf 87' lang='lat' dir='ltr'><strong>virgisque</strong></span> <span class='ocrx_word' id='word_1_19' title='bbox 701 411 896 485; x_wconf 81' lang='lat' dir='ltr'><strong>approbante</strong></span> <span class='ocrx_word' id='word_1_20' title='bbox 911 408 1033 484; x_wconf 90' lang='lat' dir='ltr'><strong>populo</strong></span> <span class='ocrx_word' id='word_1_21' title='bbox 1048 405 1124 467; x_wconf 86' lang='lat' dir='ltr'><strong>caesi</strong></span> <span class='ocrx_word' id='word_1_22' title='bbox 1135 407 1163 466; x_wconf 86' lang='lat' dir='ltr'><strong>de</strong></span> <span class='ocrx_word' id='word_1_23' title='bbox 1197 465 1198 500; x_wconf 26' lang='lat'>¹</span> 
     </span>
     <span class='ocr_line' id='line_1_4' title="bbox 199 491 1164 569; baseline -0.011 -9"><span class='ocrx_word' id='word_1_24' title='bbox 199 515 277 560; x_wconf 85' lang='lat' dir='ltr'><strong>saxo</strong></span> <span class='ocrx_word' id='word_1_25' title='bbox 305 495 484 558; x_wconf 84' lang='lat' dir='ltr'><strong>deicIuntur.</strong></span> <span class='ocrx_word' id='word_1_26' title='bbox 519 494 599 553; x_wconf 84' lang='lat' dir='ltr'><strong>VIII.</strong></span> <span class='ocrx_word' id='word_1_27' title='bbox 626 493 718 555; x_wconf 88' lang='lat' dir='ltr'><strong>huius</strong></span> <span class='ocrx_word' id='word_1_28' title='bbox 743 494 889 554; x_wconf 70' lang='lat' dir='ltr'><strong>atrocitas</strong></span> <span class='ocrx_word' id='word_1_29' title='bbox 913 507 1038 569; x_wconf 86' lang='lat' dir='ltr'><strong>poenae</strong></span> <span class='ocrx_word' id='word_1_30' title='bbox 1058 491 1164 550; x_wconf 83' lang='lat' dir='ltr'><strong>duamn</strong></span> 
     </span>
     <span class='ocr_line' id='line_1_5' title="bbox 198 553 1198 644; baseline -0.01 -2"><span class='ocrx_word' id='word_1_31' title='bbox 198 581 455 644; x_wconf 81' lang='lat' dir='ltr'><strong>nobiltssimuum</strong></span> <span class='ocrx_word' id='word_1_32' title='bbox 469 577 978 638; x_wconf 77' lang='lat' dir='ltr'><strong>inltoliatlraecarumcivitutium</strong></span> <span class='ocrx_word' id='word_1_33' title='bbox 990 573 1164 636; x_wconf 83' lang='lat' dir='ltr'><strong>animosiui</strong></span> <span class='ocrx_word' id='word_1_34' title='bbox 1197 553 1198 616; x_wconf 68' lang='lat' dir='ltr'><strong>l</strong></span> 
     </span>
     <span class='ocr_line' id='line_1_6' title="bbox 198 657 1166 742; baseline -0.017 -11"><span class='ocrx_word' id='word_1_35' title='bbox 198 667 273 731; x_wconf 84' lang='lat' dir='ltr'><strong>tavit</strong></span> <span class='ocrx_word' id='word_1_36' title='bbox 288 679 356 728; x_wconf 92' lang='lat' dir='ltr'><strong>cum</strong></span> <span class='ocrx_word' id='word_1_37' title='bbox 372 663 494 742; x_wconf 88' lang='lat' dir='ltr'><strong>publice</strong></span> <span class='ocrx_word' id='word_1_38' title='bbox 506 669 569 724; x_wconf 88' lang='lat' dir='ltr'><strong>tum</strong></span> <span class='ocrx_word' id='word_1_39' title='bbox 583 661 673 723; x_wconf 86' lang='lat' dir='ltr'><strong>etlam</strong></span> <span class='ocrx_word' id='word_1_40' title='bbox 684 662 824 738; x_wconf 92' lang='lat' dir='ltr'><strong>singulos</strong></span> <span class='ocrx_word' id='word_1_41' title='bbox 837 662 995 738; x_wconf 87' lang='lat' dir='ltr'><strong>privatim,</strong></span> <span class='ocrx_word' id='word_1_42' title='bbox 1010 657 1166 734; x_wconf 83' lang='lat' dir='ltr'><strong>utquisque</strong></span> 
     </span>
     <span class='ocr_line' id='line_1_7' title="bbox 199 743 1164 827; baseline -0.017 -12"><span class='ocrx_word' id='word_1_43' title='bbox 199 759 260 815; x_wconf 85' lang='lat' dir='ltr'><strong>lam</strong></span> <span class='ocrx_word' id='word_1_44' title='bbox 273 750 365 812; x_wconf 89' lang='lat' dir='ltr'><strong>ioede</strong></span> <span class='ocrx_word' id='word_1_45' title='bbox 379 752 576 827; x_wconf 87' lang='lat' dir='ltr'><strong>interemptos</strong></span> <span class='ocrx_word' id='word_1_46' title='bbox 591 757 644 811; x_wconf 88' lang='lat' dir='ltr'><strong>aut</strong></span> <span class='ocrx_word' id='word_1_47' title='bbox 656 747 885 826; x_wconf 74' lang='lat' dir='ltr'><strong>propinquitate</strong></span> <span class='ocrx_word' id='word_1_48' title='bbox 901 752 957 808; x_wconf 86' lang='lat' dir='ltr'><strong>aut</strong></span> <span class='ocrx_word' id='word_1_49' title='bbox 971 743 1101 805; x_wconf 90' lang='lat' dir='ltr'><strong>amicitia</strong></span> <span class='ocrx_word' id='word_1_50' title='bbox 1111 757 1164 801; x_wconf 89' lang='lat' dir='ltr'><strong>con·</strong></span> 
     </span>
     <span class='ocr_line' id='line_1_8' title="bbox 199 826 1164 914; baseline -0.016 -15"><span class='ocrx_word' id='word_1_51' title='bbox 199 837 343 914; x_wconf 82' lang='lat' dir='ltr'><strong>ungebat</strong></span> <span class='ocrx_word' id='word_1_52' title='bbox 372 851 411 897; x_wconf 87' lang='lat' dir='ltr'><strong>ex</strong></span> <span class='ocrx_word' id='word_1_53' title='bbox 430 835 469 898; x_wconf 91' lang='lat' dir='ltr'><strong>ils</strong></span> <span class='ocrx_word' id='word_1_54' title='bbox 488 835 635 897; x_wconf 83' lang='lat' dir='ltr'><strong>tredecim</strong></span> <span class='ocrx_word' id='word_1_55' title='bbox 655 834 720 894; x_wconf 85' lang='lat' dir='ltr'><strong>lere</strong></span> <span class='ocrx_word' id='word_1_56' title='bbox 741 833 862 894; x_wconf 87' lang='lat' dir='ltr'><strong>nobiles</strong></span> <span class='ocrx_word' id='word_1_57' title='bbox 884 832 1020 893; x_wconf 88' lang='lat' dir='ltr'><strong>iuvenes</strong></span> <span class='ocrx_word' id='word_1_58' title='bbox 1034 826 1164 890; x_wconf 88' lang='lat' dir='ltr'><strong>Tarentini</strong></span> 
     </span>
     <span class='ocr_line' id='line_1_9' title="bbox 201 913 1165 995; baseline -0.015 -11"><span class='ocrx_word' id='word_1_59' title='bbox 201 924 452 992; x_wconf 84' lang='lat' dir='ltr'><strong>coniuraverunt,</strong></span> <span class='ocrx_word' id='word_1_60' title='bbox 482 935 613 995; x_wconf 88' lang='lat' dir='ltr'><strong>quorum</strong></span> <span class='ocrx_word' id='word_1_61' title='bbox 640 917 797 994; x_wconf 87' lang='lat' dir='ltr'><strong>principes</strong></span> <span class='ocrx_word' id='word_1_62' title='bbox 824 918 901 979; x_wconf 84' lang='lat' dir='ltr'><strong>Ilico</strong></span> <span class='ocrx_word' id='word_1_63' title='bbox 932 925 965 978; x_wconf 89' lang='lat' dir='ltr'><strong>et</strong></span> <span class='ocrx_word' id='word_1_64' title='bbox 992 913 1165 975; x_wconf 86' lang='lat' dir='ltr'><strong>Philemenus</strong></span> 
     </span>
     <span class='ocr_line' id='line_1_10' title="bbox 199 999 1165 1081; baseline -0.016 -11"><span class='ocrx_word' id='word_1_65' title='bbox 199 1014 294 1070; x_wconf 89' lang='lat' dir='ltr'><strong>erant.</strong></span> <span class='ocrx_word' id='word_1_66' title='bbox 316 1005 346 1065; x_wconf 92' lang='lat' dir='ltr'><strong>hi</strong></span> <span class='ocrx_word' id='word_1_67' title='bbox 359 1007 537 1081; x_wconf 85' lang='lat' dir='ltr'><strong>priusquam</strong></span> <span class='ocrx_word' id='word_1_68' title='bbox 549 1003 664 1079; x_wconf 86' lang='lat' dir='ltr'><strong>aliquid</strong></span> <span class='ocrx_word' id='word_1_69' title='bbox 677 1010 845 1079; x_wconf 74' lang='lat' dir='ltr'><strong>moverent,</strong></span> <span class='ocrx_word' id='word_1_70' title='bbox 861 999 1104 1077; x_wconf 88' lang='lat' dir='ltr'><strong>colloquendum</strong></span> <span class='ocrx_word' id='word_1_71' title='bbox 1114 1009 1165 1055; x_wconf 86' lang='lat' dir='ltr'><strong>can</strong></span> 
     </span>
     <span class='ocr_line' id='line_1_11' title="bbox 198 1077 1165 1164; baseline -0.017 -12"><span class='ocrx_word' id='word_1_72' title='bbox 198 1090 368 1152; x_wconf 79' lang='lat' dir='ltr'><strong>Hannibale</strong></span> <span class='ocrx_word' id='word_1_73' title='bbox 387 1089 459 1163; x_wconf 87' lang='lat' dir='ltr'><strong>rati,</strong></span> <span class='ocrx_word' id='word_1_74' title='bbox 480 1095 570 1148; x_wconf 87' lang='lat' dir='ltr'><strong>nocte</strong></span> <span class='ocrx_word' id='word_1_75' title='bbox 591 1103 648 1164; x_wconf 91' lang='lat' dir='ltr'><strong>per</strong></span> <span class='ocrx_word' id='word_1_76' title='bbox 668 1087 804 1162; x_wconf 88' lang='lat' dir='ltr'><strong>speciem</strong></span> <span class='ocrx_word' id='word_1_77' title='bbox 826 1087 962 1147; x_wconf 88' lang='lat' dir='ltr'><strong>venandi</strong></span> <span class='ocrx_word' id='word_1_78' title='bbox 978 1085 1057 1146; x_wconf 90' lang='lat' dir='ltr'><strong>urbe</strong></span> <span class='ocrx_word' id='word_1_79' title='bbox 1070 1077 1165 1156; x_wconf 81' lang='lat' dir='ltr'><strong>egressi</strong></span> 
     </span>
     <span class='ocr_line' id='line_1_12' title="bbox 198 1164 1164 1249; baseline -0.012 -13"><span class='ocrx_word' id='word_1_80' title='bbox 198 1177 239 1236; x_wconf 90' lang='lat' dir='ltr'><strong>ad</strong></span> <span class='ocrx_word' id='word_1_81' title='bbox 256 1191 325 1236; x_wconf 90' lang='lat' dir='ltr'><strong>eum</strong></span> <span class='ocrx_word' id='word_1_82' title='bbox 339 1174 585 1249; x_wconf 86' lang='lat' dir='ltr'><strong>proficiscuntur.</strong></span> <span class='ocrx_word' id='word_1_83' title='bbox 617 1178 648 1232; x_wconf 90' lang='lat' dir='ltr'><strong>et</strong></span> <span class='ocrx_word' id='word_1_84' title='bbox 661 1186 731 1231; x_wconf 89' lang='lat' dir='ltr'><strong>cum</strong></span> <span class='ocrx_word' id='word_1_85' title='bbox 744 1171 828 1232; x_wconf 90' lang='lat' dir='ltr'><strong>haud</strong></span> <span class='ocrx_word' id='word_1_86' title='bbox 842 1173 956 1247; x_wconf 87' lang='lat' dir='ltr'><strong>procul</strong></span> <span class='ocrx_word' id='word_1_87' title='bbox 973 1167 1083 1231; x_wconf 89' lang='lat' dir='ltr'><strong>castris</strong></span> <span class='ocrx_word' id='word_1_88' title='bbox 1096 1164 1164 1224; x_wconf 87' lang='lat' dir='ltr'><strong>abes·</strong></span> 
     </span>
     <span class='ocr_line' id='line_1_13' title="bbox 200 1250 1162 1335; baseline -0.017 -15"><span class='ocrx_word' id='word_1_89' title='bbox 200 1266 283 1335; x_wconf 89' lang='lat' dir='ltr'><strong>sent,</strong></span> <span class='ocrx_word' id='word_1_90' title='bbox 306 1259 400 1321; x_wconf 86' lang='lat' dir='ltr'><strong>ceteri</strong></span> <span class='ocrx_word' id='word_1_91' title='bbox 420 1259 499 1319; x_wconf 89' lang='lat' dir='ltr'><strong>silva</strong></span> <span class='ocrx_word' id='word_1_92' title='bbox 519 1271 619 1332; x_wconf 87' lang='lat' dir='ltr'><strong>prope</strong></span> <span class='ocrx_word' id='word_1_93' title='bbox 634 1257 716 1316; x_wconf 85' lang='lat' dir='ltr'><strong>viam</strong></span> <span class='ocrx_word' id='word_1_94' title='bbox 730 1270 803 1316; x_wconf 89' lang='lat' dir='ltr'><strong>sese</strong></span> <span class='ocrx_word' id='word_1_95' title='bbox 825 1259 1047 1327; x_wconf 87' lang='lat' dir='ltr'><strong>occuluerunt,</strong></span> <span class='ocrx_word' id='word_1_96' title='bbox 1067 1250 1162 1310; x_wconf 87' lang='lat' dir='ltr'><strong>Nicoel</strong></span> 
     </span>
     <span class='ocr_line' id='line_1_14' title="bbox 199 1332 1163 1418; baseline -0.018 -12"><span class='ocrx_word' id='word_1_97' title='bbox 199 1343 392 1406; x_wconf 87' lang='lat' dir='ltr'><strong>Philemenus</strong></span> <span class='ocrx_word' id='word_1_98' title='bbox 407 1341 566 1418; x_wconf 77' lang='lat' dir='ltr'><strong>progressi</strong></span> <span class='ocrx_word' id='word_1_99' title='bbox 581 1341 622 1400; x_wconf 89' lang='lat' dir='ltr'><strong>ad</strong></span> <span class='ocrx_word' id='word_1_100' title='bbox 635 1341 783 1401; x_wconf 84' lang='lat' dir='ltr'><strong>stationes</strong></span> <span class='ocrx_word' id='word_1_101' title='bbox 799 1338 1090 1414; x_wconf 87' lang='lat' dir='ltr'><strong>comprehensique,</strong></span> <span class='ocrx_word' id='word_1_102' title='bbox 1103 1332 1163 1392; x_wconf 83' lang='lat' dir='ltr'><strong>duo</strong></span> 
     </span>
     <span class='ocr_line' id='line_1_15' title="bbox 200 1423 1162 1502; baseline -0.016 -14"><span class='ocrx_word' id='word_1_103' title='bbox 200 1428 230 1488; x_wconf 93' lang='lat' dir='ltr'><strong>id</strong></span> <span class='ocrx_word' id='word_1_104' title='bbox 247 1432 395 1502; x_wconf 86' lang='lat' dir='ltr'><strong>petentes,</strong></span> <span class='ocrx_word' id='word_1_105' title='bbox 413 1427 451 1486; x_wconf 90' lang='lat' dir='ltr'><strong>ad</strong></span> <span class='ocrx_word' id='word_1_106' title='bbox 466 1423 668 1484; x_wconf 85' lang='lat' dir='ltr'><strong>Hannibalem</strong></span> <span class='ocrx_word' id='word_1_107' title='bbox 682 1424 805 1486; x_wconf 89' lang='lat' dir='ltr'><strong>deducti</strong></span> <span class='ocrx_word' id='word_1_108' title='bbox 820 1429 901 1484; x_wconf 88' lang='lat' dir='ltr'><strong>sunt.</strong></span> <span class='ocrx_word' id='word_1_109' title='bbox 925 1423 980 1500; x_wconf 90' lang='lat' dir='ltr'><strong>qui</strong></span> <span class='ocrx_word' id='word_1_110' title='bbox 993 1435 1062 1482; x_wconf 89' lang='lat' dir='ltr'><strong>cum</strong></span> <span class='ocrx_word' id='word_1_111' title='bbox 1073 1423 1100 1478; x_wconf 92' lang='lat' dir='ltr'><strong>et</strong></span> <span class='ocrx_word' id='word_1_112' title='bbox 1110 1431 1162 1476; x_wconf 89' lang='lat' dir='ltr'><strong>cau·</strong></span> 
     </span>
     <span class='ocr_line' id='line_1_16' title="bbox 201 1496 1164 1584; baseline -0.013 -15"><span class='ocrx_word' id='word_1_113' title='bbox 201 1525 254 1570; x_wconf 89' lang='lat' dir='ltr'><strong>sas</strong></span> <span class='ocrx_word' id='word_1_114' title='bbox 269 1509 389 1570; x_wconf 90' lang='lat' dir='ltr'><strong>consilii</strong></span> <span class='ocrx_word' id='word_1_115' title='bbox 404 1509 452 1569; x_wconf 92' lang='lat' dir='ltr'><strong>sui</strong></span> <span class='ocrx_word' id='word_1_116' title='bbox 467 1505 586 1583; x_wconf 91' lang='lat' dir='ltr'><strong>etquid</strong></span> <span class='ocrx_word' id='word_1_117' title='bbox 602 1513 747 1583; x_wconf 87' lang='lat' dir='ltr'><strong>pararent</strong></span> <span class='ocrx_word' id='word_1_118' title='bbox 760 1507 1001 1584; x_wconf 86' lang='lat' dir='ltr'><strong>exposuissent,</strong></span> <span class='ocrx_word' id='word_1_119' title='bbox 1024 1496 1164 1566; x_wconf 86' lang='lat' dir='ltr'><strong>collaudati</strong></span> 
     </span>
     <span class='ocr_line' id='line_1_17' title="bbox 201 1585 1160 1668; baseline -0.015 -14"><span class='ocrx_word' id='word_1_120' title='bbox 201 1593 379 1666; x_wconf 86' lang='lat' dir='ltr'><strong>oneratique</strong></span> <span class='ocrx_word' id='word_1_121' title='bbox 394 1593 555 1667; x_wconf 90' lang='lat' dir='ltr'><strong>promissis</strong></span> <span class='ocrx_word' id='word_1_122' title='bbox 569 1591 720 1666; x_wconf 86' lang='lat' dir='ltr'><strong>lubentur‚</strong></span> <span class='ocrx_word' id='word_1_123' title='bbox 735 1599 771 1652; x_wconf 91' lang='lat' dir='ltr'><strong>ut</strong></span> <span class='ocrx_word' id='word_1_124' title='bbox 782 1591 875 1653; x_wconf 88' lang='lat' dir='ltr'><strong>fldem</strong></span> <span class='ocrx_word' id='word_1_125' title='bbox 887 1589 1091 1668; x_wconf 85' lang='lat' dir='ltr'><strong>popularibus</strong></span> <span class='ocrx_word' id='word_1_126' title='bbox 1101 1585 1160 1644; x_wconf 86' lang='lat' dir='ltr'><strong>lare</strong></span> 
     </span>
     <span class='ocr_line' id='line_1_18' title="bbox 201 1665 1198 1753; baseline 0.005 -17"><span class='ocrx_word' id='word_1_127' title='bbox 201 1681 267 1736; x_wconf 89' lang='lat' dir='ltr'><strong>rent</strong></span> <span class='ocrx_word' id='word_1_128' title='bbox 281 1677 450 1752; x_wconf 88' lang='lat' dir='ltr'><strong>praedandi</strong></span> <span class='ocrx_word' id='word_1_129' title='bbox 465 1692 560 1738; x_wconf 89' lang='lat' dir='ltr'><strong>causa</strong></span> <span class='ocrx_word' id='word_1_130' title='bbox 573 1691 608 1737; x_wconf 89' lang='lat' dir='ltr'><strong>se</strong></span> <span class='ocrx_word' id='word_1_131' title='bbox 622 1677 699 1737; x_wconf 85' lang='lat' dir='ltr'><strong>urbe</strong></span> <span class='ocrx_word' id='word_1_132' title='bbox 712 1691 875 1752; x_wconf 87' lang='lat' dir='ltr'><strong>egressos,</strong></span> <span class='ocrx_word' id='word_1_133' title='bbox 897 1691 1018 1753; x_wconf 88' lang='lat' dir='ltr'><strong>pecora</strong></span> <span class='ocrx_word' id='word_1_134' title='bbox 1032 1665 1162 1741; x_wconf 56' lang='lat' dir='ltr'><strong>carthagi</strong></span> <span class='ocrx_word' id='word_1_135' title='bbox 1197 1705 1198 1752; x_wconf 70' lang='grc' dir='ltr'>ι</span> 
     </span>
     <span class='ocr_line' id='line_1_19' title="bbox 201 1760 1162 1836; baseline -0.012 -16"><span class='ocrx_word' id='word_1_136' title='bbox 201 1760 361 1835; x_wconf 87' lang='lat' dir='ltr'><strong>nlensium,</strong></span> <span class='ocrx_word' id='word_1_137' title='bbox 378 1777 458 1836; x_wconf 90' lang='lat' dir='ltr'><strong>quae</strong></span> <span class='ocrx_word' id='word_1_138' title='bbox 472 1767 595 1836; x_wconf 91' lang='lat' dir='ltr'><strong>pastum</strong></span> <span class='ocrx_word' id='word_1_139' title='bbox 609 1762 760 1836; x_wconf 88' lang='lat' dir='ltr'><strong>propulsa</strong></span> <span class='ocrx_word' id='word_1_140' title='bbox 773 1766 887 1835; x_wconf 81' lang='lat' dir='ltr'><strong>essent,</strong></span> <span class='ocrx_word' id='word_1_141' title='bbox 905 1762 946 1821; x_wconf 88' lang='lat' dir='ltr'><strong>ad</strong></span> <span class='ocrx_word' id='word_1_142' title='bbox 958 1760 1067 1822; x_wconf 88' lang='lat' dir='ltr'><strong>urbem</strong></span> <span class='ocrx_word' id='word_1_143' title='bbox 1077 1765 1162 1830; x_wconf 79' lang='lat' dir='ltr'><strong>egere</strong></span> 
     </span>
     <span class='ocr_line' id='line_1_20' title="bbox 201 1844 1198 1930; baseline -0.012 -26"><span class='ocrx_word' id='word_1_144' title='bbox 201 1850 266 1905; x_wconf 90' lang='lat' dir='ltr'><strong>tuto</strong></span> <span class='ocrx_word' id='word_1_145' title='bbox 286 1860 323 1905; x_wconf 90' lang='lat' dir='ltr'><strong>ac</strong></span> <span class='ocrx_word' id='word_1_146' title='bbox 344 1845 412 1904; x_wconf 89' lang='lat' dir='ltr'><strong>siue</strong></span> <span class='ocrx_word' id='word_1_147' title='bbox 432 1844 596 1906; x_wconf 88' lang='lat' dir='ltr'><strong>certamine</strong></span> <span class='ocrx_word' id='word_1_148' title='bbox 615 1845 647 1905; x_wconf 90' lang='lat' dir='ltr'><strong>id</strong></span> <span class='ocrx_word' id='word_1_149' title='bbox 667 1845 802 1906; x_wconf 77' lang='lat' dir='ltr'><strong>lecturos</strong></span> <span class='ocrx_word' id='word_1_150' title='bbox 823 1847 1015 1920; x_wconf 89' lang='lat' dir='ltr'><strong>promissum</strong></span> <span class='ocrx_word' id='word_1_151' title='bbox 1033 1848 1087 1903; x_wconf 88' lang='lat' dir='ltr'><strong>est.</strong></span> <span class='ocrx_word' id='word_1_152' title='bbox 1107 1850 1162 1896; x_wconf 88' lang='lat' dir='ltr'><strong>con·</strong></span> <span class='ocrx_word' id='word_1_153' title='bbox 1197 1883 1198 1930; x_wconf 28' lang='grc'>1</span> 
     </span>
     <span class='ocr_line' id='line_1_21' title="bbox 201 1929 1162 2006; baseline -0.011 -17"><span class='ocrx_word' id='word_1_154' title='bbox 201 1935 308 2004; x_wconf 86' lang='lat' dir='ltr'><strong>specta</strong></span> <span class='ocrx_word' id='word_1_155' title='bbox 327 1945 366 1989; x_wconf 87' lang='lat' dir='ltr'><strong>ea</strong></span> <span class='ocrx_word' id='word_1_156' title='bbox 385 1930 502 2004; x_wconf 87' lang='lat' dir='ltr'><strong>praeda</strong></span> <span class='ocrx_word' id='word_1_157' title='bbox 520 1929 665 1990; x_wconf 90' lang='lat' dir='ltr'><strong>iuvenum</strong></span> <span class='ocrx_word' id='word_1_158' title='bbox 678 1935 740 2003; x_wconf 88' lang='lat' dir='ltr'><strong>est,</strong></span> <span class='ocrx_word' id='word_1_159' title='bbox 763 1930 926 2006; x_wconf 88' lang='lat' dir='ltr'><strong>miuusque</strong></span> <span class='ocrx_word' id='word_1_160' title='bbox 941 1931 1052 1991; x_wconf 87' lang='lat' dir='ltr'><strong>iterum</strong></span> <span class='ocrx_word' id='word_1_161' title='bbox 1066 1939 1099 1985; x_wconf 91' lang='lat' dir='ltr'><strong>ac</strong></span> <span class='ocrx_word' id='word_1_162' title='bbox 1112 1932 1162 1980; x_wconf 86' lang='lat' dir='ltr'><strong>sce</strong></span> 
     </span>
     <span class='ocr_line' id='line_1_22' title="bbox 201 2000 1161 2089; baseline -0.006 -16"><span class='ocrx_word' id='word_1_163' title='bbox 201 2013 271 2089; x_wconf 89' lang='lat' dir='ltr'><strong>pius</strong></span> <span class='ocrx_word' id='word_1_164' title='bbox 293 2013 324 2073; x_wconf 94' lang='lat' dir='ltr'><strong>id</strong></span> <span class='ocrx_word' id='word_1_165' title='bbox 345 2029 400 2075; x_wconf 93' lang='lat' dir='ltr'><strong>eos</strong></span> <span class='ocrx_word' id='word_1_166' title='bbox 417 2013 530 2074; x_wconf 87' lang='lat' dir='ltr'><strong>audere</strong></span> <span class='ocrx_word' id='word_1_167' title='bbox 550 2013 695 2074; x_wconf 89' lang='lat' dir='ltr'><strong>miraculo</strong></span> <span class='ocrx_word' id='word_1_168' title='bbox 711 2015 774 2074; x_wconf 90' lang='lat' dir='ltr'><strong>luit.</strong></span> <span class='ocrx_word' id='word_1_169' title='bbox 809 2015 973 2089; x_wconf 84' lang='lat' dir='ltr'><strong>congressi</strong></span> <span class='ocrx_word' id='word_1_170' title='bbox 987 2028 1057 2074; x_wconf 89' lang='lat' dir='ltr'><strong>cum</strong></span> <span class='ocrx_word' id='word_1_171' title='bbox 1070 2000 1161 2068; x_wconf 84' lang='lat' dir='ltr'><strong>Hanni·</strong></span> 
     </span>
     <span class='ocr_line' id='line_1_23' title="bbox 201 2096 1162 2171; baseline -0.013 -14"><span class='ocrx_word' id='word_1_172' title='bbox 201 2096 270 2157; x_wconf 91' lang='lat' dir='ltr'><strong>bale</strong></span> <span class='ocrx_word' id='word_1_173' title='bbox 290 2113 399 2158; x_wconf 89' lang='lat' dir='ltr'><strong>rursus</strong></span> <span class='ocrx_word' id='word_1_174' title='bbox 420 2096 483 2157; x_wconf 86' lang='lat' dir='ltr'><strong>lide</strong></span> <span class='ocrx_word' id='word_1_175' title='bbox 503 2105 673 2158; x_wconf 89' lang='lat' dir='ltr'><strong>sanxerunt</strong></span> <span class='ocrx_word' id='word_1_176' title='bbox 685 2097 799 2159; x_wconf 89' lang='lat' dir='ltr'><strong>liberos</strong></span> <span class='ocrx_word' id='word_1_177' title='bbox 813 2099 997 2161; x_wconf 87' lang='lat' dir='ltr'><strong>Tarentinos</strong></span> <span class='ocrx_word' id='word_1_178' title='bbox 1013 2098 1094 2171; x_wconf 88' lang='lat' dir='ltr'><strong>leges</strong></span> <span class='ocrx_word' id='word_1_179' title='bbox 1108 2101 1162 2149; x_wconf 91' lang='lat' dir='ltr'><strong>sua·</strong></span> 
     </span>
     <span class='ocr_line' id='line_1_24' title="bbox 203 2180 1162 2258; baseline -0.014 -17"><span class='ocrx_word' id='word_1_180' title='bbox 203 2195 264 2256; x_wconf 91' lang='lat' dir='ltr'><strong>que</strong></span> <span class='ocrx_word' id='word_1_181' title='bbox 280 2182 381 2243; x_wconf 84' lang='lat' dir='ltr'><strong>omnia</strong></span> <span class='ocrx_word' id='word_1_182' title='bbox 393 2180 562 2257; x_wconf 64' lang='lat' dir='ltr'><strong>habituros</strong></span> <span class='ocrx_word' id='word_1_183' title='bbox 578 2197 680 2257; x_wconf 85' lang='lat' dir='ltr'><strong>neque</strong></span> <span class='ocrx_word' id='word_1_184' title='bbox 693 2184 787 2242; x_wconf 92' lang='lat' dir='ltr'><strong>ullum</strong></span> <span class='ocrx_word' id='word_1_185' title='bbox 800 2183 931 2258; x_wconf 85' lang='lat' dir='ltr'><strong>vectigal</strong></span> <span class='ocrx_word' id='word_1_186' title='bbox 946 2183 1053 2246; x_wconf 86' lang='lat' dir='ltr'><strong>Poeno</strong></span> <span class='ocrx_word' id='word_1_187' title='bbox 1067 2186 1162 2254; x_wconf 90' lang='lat' dir='ltr'><strong>pensu·</strong></span> 
     </span>
     <span class='ocr_line' id='line_1_25' title="bbox 200 2253 1162 2342; baseline -0.013 -18"><span class='ocrx_word' id='word_1_188' title='bbox 200 2280 255 2325; x_wconf 91' lang='lat' dir='ltr'><strong>ros</strong></span> <span class='ocrx_word' id='word_1_189' title='bbox 277 2265 504 2341; x_wconf 86' lang='lat' dir='ltr'><strong>praesidiumve</strong></span> <span class='ocrx_word' id='word_1_190' title='bbox 524 2265 637 2327; x_wconf 90' lang='lat' dir='ltr'><strong>invitos</strong></span> <span class='ocrx_word' id='word_1_191' title='bbox 656 2273 853 2342; x_wconf 80' lang='lat' dir='ltr'><strong>recepturos:</strong></span> <span class='ocrx_word' id='word_1_192' title='bbox 883 2267 1009 2342; x_wconf 86' lang='lat' dir='ltr'><strong>prodita</strong></span> <span class='ocrx_word' id='word_1_193' title='bbox 1028 2253 1162 2340; x_wconf 88' lang='lat' dir='ltr'><strong>praesidia</strong></span> 
     </span>
     <span class='ocr_line' id='line_1_26' title="bbox 203 2348 1161 2426; baseline -0.005 -17"><span class='ocrx_word' id='word_1_194' title='bbox 203 2348 494 2426; x_wconf 81' lang='lat' dir='ltr'><strong>Carthaginiensium</strong></span> <span class='ocrx_word' id='word_1_195' title='bbox 509 2350 583 2411; x_wconf 91' lang='lat' dir='ltr'><strong>iore.</strong></span> <span class='ocrx_word' id='word_1_196' title='bbox 616 2351 692 2411; x_wconf 80' lang='lat' dir='ltr'><strong>llaec</strong></span> <span class='ocrx_word' id='word_1_197' title='bbox 707 2351 759 2411; x_wconf 91' lang='lat' dir='ltr'><strong>ubi</strong></span> <span class='ocrx_word' id='word_1_198' title='bbox 774 2361 1000 2424; x_wconf 87' lang='lat' dir='ltr'><strong>convenerunt,</strong></span> <span class='ocrx_word' id='word_1_199' title='bbox 1022 2356 1091 2410; x_wconf 85' lang='lat' dir='ltr'><strong>urnc</strong></span> <span class='ocrx_word' id='word_1_200' title='bbox 1103 2351 1161 2399; x_wconf 78' lang='lat' dir='ltr'><strong>velt</strong></span> 
     </span>
     <span class='ocr_line' id='line_1_27' title="bbox 201 2425 1161 2510; baseline 0.009 -20"><span class='ocrx_word' id='word_1_201' title='bbox 201 2431 394 2495; x_wconf 87' lang='lat' dir='ltr'><strong>Philemenus</strong></span> <span class='ocrx_word' id='word_1_202' title='bbox 410 2433 662 2494; x_wconf 86' lang='lat' dir='ltr'><strong>consuetudinem</strong></span> <span class='ocrx_word' id='word_1_203' title='bbox 676 2441 767 2497; x_wconf 87' lang='lat' dir='ltr'><strong>nocte</strong></span> <span class='ocrx_word' id='word_1_204' title='bbox 777 2435 959 2510; x_wconf 87' lang='lat' dir='ltr'><strong>egrediundi</strong></span> <span class='ocrx_word' id='word_1_205' title='bbox 969 2425 1161 2498; x_wconf 66' lang='lat' dir='ltr'><strong>redeundique</strong></span> 
     </span>
     <span class='ocr_line' id='line_1_28' title="bbox 201 2506 1161 2592; baseline -0.004 -18"><span class='ocrx_word' id='word_1_206' title='bbox 201 2515 232 2574; x_wconf 92' lang='lat' dir='ltr'><strong>in</strong></span> <span class='ocrx_word' id='word_1_207' title='bbox 247 2518 353 2577; x_wconf 90' lang='lat' dir='ltr'><strong>urbem</strong></span> <span class='ocrx_word' id='word_1_208' title='bbox 368 2517 604 2592; x_wconf 80' lang='lat' dir='ltr'><strong>frequentiorem</strong></span> <span class='ocrx_word' id='word_1_209' title='bbox 618 2519 729 2579; x_wconf 88' lang='lat' dir='ltr'><strong>lacere.</strong></span> <span class='ocrx_word' id='word_1_210' title='bbox 751 2526 782 2579; x_wconf 88' lang='lat' dir='ltr'><strong>ct</strong></span> <span class='ocrx_word' id='word_1_211' title='bbox 796 2527 863 2580; x_wconf 87' lang='lat' dir='ltr'><strong>arat</strong></span> <span class='ocrx_word' id='word_1_212' title='bbox 873 2519 1009 2580; x_wconf 87' lang='lat' dir='ltr'><strong>venandi</strong></span> <span class='ocrx_word' id='word_1_213' title='bbox 1024 2506 1161 2578; x_wconf 83' lang='lat' dir='ltr'><strong>studion-</strong></span> 
     </span>
     <span class='ocr_line' id='line_1_29' title="bbox 202 2593 1198 2680; baseline 0.004 -23"><span class='ocrx_word' id='word_1_214' title='bbox 202 2598 309 2675; x_wconf 81' lang='lat' dir='ltr'><strong>signis,</strong></span> <span class='ocrx_word' id='word_1_215' title='bbox 331 2615 486 2676; x_wconf 89' lang='lat' dir='ltr'><strong>canesque</strong></span> <span class='ocrx_word' id='word_1_216' title='bbox 499 2606 530 2661; x_wconf 91' lang='lat' dir='ltr'><strong>et</strong></span> <span class='ocrx_word' id='word_1_217' title='bbox 544 2601 621 2662; x_wconf 89' lang='lat' dir='ltr'><strong>alius</strong></span> <span class='ocrx_word' id='word_1_218' title='bbox 636 2611 803 2678; x_wconf 85' lang='lat' dir='ltr'><strong>apparatus</strong></span> <span class='ocrx_word' id='word_1_219' title='bbox 818 2603 1022 2680; x_wconf 83' lang='lat' dir='ltr'><strong>sequebatur;</strong></span> <span class='ocrx_word' id='word_1_220' title='bbox 1044 2603 1159 2672; x_wconf 77' lang='lat' dir='ltr'><strong>captum</strong></span> <span class='ocrx_word' id='word_1_221' title='bbox 1197 2593 1198 2640; x_wconf 74' lang='lat' dir='ltr'><strong>l</strong></span> 
     </span>
     <span class='ocr_line' id='line_1_30' title="bbox 203 2682 1198 2764; baseline -0.005 -23"><span class='ocrx_word' id='word_1_222' title='bbox 203 2697 265 2757; x_wconf 90' lang='lat' dir='ltr'><strong>que</strong></span> <span class='ocrx_word' id='word_1_223' title='bbox 285 2685 380 2744; x_wconf 80' lang='lat' dir='ltr'><strong>terme</strong></span> <span class='ocrx_word' id='word_1_224' title='bbox 404 2683 519 2760; x_wconf 90' lang='lat' dir='ltr'><strong>aliquid</strong></span> <span class='ocrx_word' id='word_1_225' title='bbox 540 2694 591 2747; x_wconf 85' lang='lat' dir='ltr'><strong>aut</strong></span> <span class='ocrx_word' id='word_1_226' title='bbox 610 2687 649 2747; x_wconf 87' lang='lat' dir='ltr'><strong>ab</strong></span> <span class='ocrx_word' id='word_1_227' title='bbox 672 2687 761 2748; x_wconf 89' lang='lat' dir='ltr'><strong>hoste</strong></span> <span class='ocrx_word' id='word_1_228' title='bbox 783 2703 822 2748; x_wconf 90' lang='lat' dir='ltr'><strong>ex</strong></span> <span class='ocrx_word' id='word_1_229' title='bbox 840 2696 1026 2764; x_wconf 85' lang='lat' dir='ltr'><strong>praeparato</strong></span> <span class='ocrx_word' id='word_1_230' title='bbox 1047 2682 1161 2744; x_wconf 82' lang='lat' dir='ltr'><strong>adlatam</strong></span> <span class='ocrx_word' id='word_1_231' title='bbox 1197 2683 1198 2758; x_wconf 70' lang='lat' dir='ltr'><strong>l</strong></span> 
     </span>
     <span class='ocr_line' id='line_1_31' title="bbox 201 2765 1198 2841; baseline -0.009 -15"><span class='ocrx_word' id='word_1_232' title='bbox 201 2769 386 2838; x_wconf 84' lang='lat' dir='ltr'><strong>reportando</strong></span> <span class='ocrx_word' id='word_1_233' title='bbox 408 2769 542 2831; x_wconf 85' lang='lat' dir='ltr'><strong>donabat</strong></span> <span class='ocrx_word' id='word_1_234' title='bbox 562 2778 614 2832; x_wconf 90' lang='lat' dir='ltr'><strong>aut</strong></span> <span class='ocrx_word' id='word_1_235' title='bbox 635 2773 790 2838; x_wconf 85' lang='lat' dir='ltr'><strong>praelecto</strong></span> <span class='ocrx_word' id='word_1_236' title='bbox 811 2779 864 2833; x_wconf 89' lang='lat' dir='ltr'><strong>aut</strong></span> <span class='ocrx_word' id='word_1_237' title='bbox 878 2773 1059 2834; x_wconf 89' lang='lat' dir='ltr'><strong>custodibus</strong></span> <span class='ocrx_word' id='word_1_238' title='bbox 1073 2765 1159 2841; x_wconf 87' lang='lat' dir='ltr'><strong>porta·</strong></span> <span class='ocrx_word' id='word_1_239' title='bbox 1197 2771 1198 2782; x_wconf 57' lang='lat'>¹</span> 
     </span>
     <span class='ocr_line' id='line_1_32' title="bbox 202 2845 1160 2933; baseline -0.016 -19"><span class='ocrx_word' id='word_1_240' title='bbox 202 2867 279 2911; x_wconf 89' lang='lat' dir='ltr'><strong>rum.</strong></span> <span class='ocrx_word' id='word_1_241' title='bbox 311 2869 401 2916; x_wconf 79' lang='lat' dir='ltr'><strong>nocte</strong></span> <span class='ocrx_word' id='word_1_242' title='bbox 419 2869 551 2915; x_wconf 78' lang='lat' dir='ltr'><strong>maxime</strong></span> <span class='ocrx_word' id='word_1_243' title='bbox 575 2871 747 2916; x_wconf 86' lang='lat' dir='ltr'><strong>commeare</strong></span> <span class='ocrx_word' id='word_1_244' title='bbox 766 2865 894 2933; x_wconf 86' lang='lat' dir='ltr'><strong>propter</strong></span> <span class='ocrx_word' id='word_1_245' title='bbox 913 2863 1026 2916; x_wconf 90' lang='lat' dir='ltr'><strong>metum</strong></span> <span class='ocrx_word' id='word_1_246' title='bbox 1046 2845 1160 2912; x_wconf 85' lang='lat' dir='ltr'><strong>hostium</strong></span> 
     </span>
     <span class='ocr_line' id='line_1_33' title="bbox 203 2927 1160 3002; baseline -0.004 -8"><span class='ocrx_word' id='word_1_247' title='bbox 203 2935 377 2999; x_wconf 87' lang='lat' dir='ltr'><strong>credebant</strong></span> <span class='ocrx_word' id='word_1_248' title='bbox 411 2939 463 3001; x_wconf 88' lang='lat' dir='ltr'><strong>ubi</strong></span> <span class='ocrx_word' id='word_1_249' title='bbox 483 2939 542 2999; x_wconf 88' lang='lat' dir='ltr'><strong>iam</strong></span> <span class='ocrx_word' id='word_1_250' title='bbox 557 2956 594 3001; x_wconf 91' lang='lat' dir='ltr'><strong>eo</strong></span> <span class='ocrx_word' id='word_1_251' title='bbox 611 2941 842 3002; x_wconf 88' lang='lat' dir='ltr'><strong>consuetudinis</strong></span> <span class='ocrx_word' id='word_1_252' title='bbox 857 2940 992 3001; x_wconf 86' lang='lat' dir='ltr'><strong>adducta</strong></span> <span class='ocrx_word' id='word_1_253' title='bbox 1004 2952 1055 2999; x_wconf 92' lang='lat' dir='ltr'><strong>res</strong></span> <span class='ocrx_word' id='word_1_254' title='bbox 1070 2938 1123 3001; x_wconf 87' lang='lat' dir='ltr'><strong>est,</strong></span> <span class='ocrx_word' id='word_1_255' title='bbox 1136 2927 1160 2982; x_wconf 88' lang='lat' dir='ltr'><strong>ut</strong></span> 
     </span>
     <span class='ocr_line' id='line_1_34' title="bbox 203 3013 1159 3100; baseline -0.001 -19"><span class='ocrx_word' id='word_1_256' title='bbox 203 3036 401 3100; x_wconf 86' lang='lat' dir='ltr'><strong>quocumque</strong></span> <span class='ocrx_word' id='word_1_257' title='bbox 415 3024 514 3086; x_wconf 87' lang='lat' dir='ltr'><strong>noctis</strong></span> <span class='ocrx_word' id='word_1_258' title='bbox 529 3032 667 3100; x_wconf 89' lang='lat' dir='ltr'><strong>tempore</strong></span> <span class='ocrx_word' id='word_1_259' title='bbox 682 3024 771 3086; x_wconf 90' lang='lat' dir='ltr'><strong>sibilo</strong></span> <span class='ocrx_word' id='word_1_260' title='bbox 786 3025 925 3086; x_wconf 88' lang='lat' dir='ltr'><strong>dedisset</strong></span> <span class='ocrx_word' id='word_1_261' title='bbox 938 3024 1071 3100; x_wconf 86' lang='lat' dir='ltr'><strong>signum,</strong></span> <span class='ocrx_word' id='word_1_262' title='bbox 1086 3013 1159 3097; x_wconf 60' lang='lat' dir='ltr'><strong>posti¹</strong></span> 
     </span>
     <span class='ocr_line' id='line_1_35' title="bbox 202 3092 1159 3185; baseline -0.017 -17"><span class='ocrx_word' id='word_1_263' title='bbox 202 3105 379 3184; x_wconf 84' lang='lat' dir='ltr'><strong>aperiretur,</strong></span> <span class='ocrx_word' id='word_1_264' title='bbox 392 3116 513 3185; x_wconf 91' lang='lat' dir='ltr'><strong>tempus</strong></span> <span class='ocrx_word' id='word_1_265' title='bbox 525 3109 664 3184; x_wconf 88' lang='lat' dir='ltr'><strong>agendae</strong></span> <span class='ocrx_word' id='word_1_266' title='bbox 674 3110 719 3169; x_wconf 91' lang='lat' dir='ltr'><strong>rei</strong></span> <span class='ocrx_word' id='word_1_267' title='bbox 730 3108 891 3169; x_wconf 89' lang='lat' dir='ltr'><strong>Hannibali</strong></span> <span class='ocrx_word' id='word_1_268' title='bbox 901 3107 1002 3170; x_wconf 90' lang='lat' dir='ltr'><strong>visum</strong></span> <span class='ocrx_word' id='word_1_269' title='bbox 1012 3111 1071 3167; x_wconf 81' lang='lat' dir='ltr'><strong>est:</strong></span> <span class='ocrx_word' id='word_1_270' title='bbox 1085 3092 1159 3158; x_wconf 87' lang='lat' dir='ltr'><strong>uidu</strong></span> 
     </span>
     <span class='ocr_line' id='line_1_36' title="bbox 201 3185 1158 3269; baseline 0.003 -21"><span class='ocrx_word' id='word_1_271' title='bbox 201 3187 281 3250; x_wconf 74' lang='lat' dir='ltr'><strong>uam</strong></span> <span class='ocrx_word' id='word_1_272' title='bbox 295 3201 417 3263; x_wconf 66' lang='lat' dir='ltr'><strong>aberam</strong></span> <span class='ocrx_word' id='word_1_273' title='bbox 439 3193 506 3267; x_wconf 89' lang='lat' dir='ltr'><strong>ubi,</strong></span> <span class='ocrx_word' id='word_1_274' title='bbox 523 3209 585 3269; x_wconf 90' lang='lat' dir='ltr'><strong>quo</strong></span> <span class='ocrx_word' id='word_1_275' title='bbox 600 3194 700 3253; x_wconf 91' lang='lat' dir='ltr'><strong>mlnus</strong></span> <span class='ocrx_word' id='word_1_276' title='bbox 714 3192 821 3254; x_wconf 79' lang='lat' dir='ltr'><strong>minam</strong></span> <span class='ocrx_word' id='word_1_277' title='bbox 833 3198 918 3254; x_wconf 90' lang='lat' dir='ltr'><strong>esset</strong></span> <span class='ocrx_word' id='word_1_278' title='bbox 930 3207 993 3253; x_wconf 92' lang='lat' dir='ltr'><strong>uno</strong></span> <span class='ocrx_word' id='word_1_279' title='bbox 1008 3185 1158 3251; x_wconf 72' lang='lat' dir='ltr'><strong>eodentll</strong></span> 
     </span>
     <span class='ocr_line' id='line_1_37' title="bbox 201 3262 1198 3352; baseline -0.004 -21"><span class='ocrx_word' id='word_1_280' title='bbox 201 3275 270 3334; x_wconf 92' lang='lat' dir='ltr'><strong>loco</strong></span> <span class='ocrx_word' id='word_1_281' title='bbox 285 3277 395 3339; x_wconf 87' lang='lat' dir='ltr'><strong>stativa</strong></span> <span class='ocrx_word' id='word_1_282' title='bbox 409 3293 478 3339; x_wconf 90' lang='lat' dir='ltr'><strong>eum</strong></span> <span class='ocrx_word' id='word_1_283' title='bbox 495 3283 557 3338; x_wconf 88' lang='lat' dir='ltr'><strong>tam</strong></span> <span class='ocrx_word' id='word_1_284' title='bbox 573 3278 625 3339; x_wconf 95' lang='lat' dir='ltr'><strong>diu</strong></span> <span class='ocrx_word' id='word_1_285' title='bbox 638 3278 767 3352; x_wconf 88' lang='lat' dir='ltr'><strong>habere,</strong></span> <span class='ocrx_word' id='word_1_286' title='bbox 788 3291 914 3352; x_wconf 86' lang='lat' dir='ltr'><strong>aegrunr</strong></span> <span class='ocrx_word' id='word_1_287' title='bbox 928 3273 1092 3338; x_wconf 86' lang='lat' dir='ltr'><strong>simulabat</strong></span> <span class='ocrx_word' id='word_1_288' title='bbox 1109 3262 1157 3322; x_wconf 77' lang='grc' dir='ltr'><strong>ΒΟ·</strong></span> <span class='ocrx_word' id='word_1_289' title='bbox 1197 3308 1198 3343; x_wconf 46' lang='lat' dir='ltr'><strong>q</strong></span> 
     </span>
     <span class='ocr_line' id='line_1_38' title="bbox 133 3348 1157 3438; baseline -0.007 -18"><span class='ocrx_word' id='word_1_290' title='bbox 133 3410 137 3420; x_wconf 39' lang='grc' dir='ltr'>ι</span> <span class='ocrx_word' id='word_1_291' title='bbox 200 3357 299 3419; x_wconf 83' lang='lat' dir='ltr'><strong>menis</strong></span> <span class='ocrx_word' id='word_1_292' title='bbox 320 3378 460 3438; x_wconf 91' lang='lat' dir='ltr'><strong>quoque,</strong></span> <span class='ocrx_word' id='word_1_293' title='bbox 483 3359 586 3436; x_wconf 88' lang='lat' dir='ltr'><strong>quiin</strong></span> <span class='ocrx_word' id='word_1_294' title='bbox 607 3361 762 3437; x_wconf 88' lang='lat' dir='ltr'><strong>praesidio</strong></span> <span class='ocrx_word' id='word_1_295' title='bbox 777 3361 898 3422; x_wconf 87' lang='lat' dir='ltr'><strong>Tarenti</strong></span> <span class='ocrx_word' id='word_1_296' title='bbox 913 3366 1013 3436; x_wconf 81' lang='lat' dir='ltr'><strong>erant,</strong></span> <span class='ocrx_word' id='word_1_297' title='bbox 1033 3348 1157 3426; x_wconf 69' lang='lat' dir='ltr'><strong>suttpevla</strong></span> 
     </span>
     <span class='ocr_line' id='line_1_39' title="bbox 202 3430 1157 3518; baseline 0.015 -22"><span class='ocrx_word' id='word_1_298' title='bbox 202 3453 272 3498; x_wconf 66' lang='lat' dir='ltr'><strong>aase</strong></span> <span class='ocrx_word' id='word_1_299' title='bbox 292 3441 353 3502; x_wconf 92' lang='lat' dir='ltr'><strong>iam</strong></span> <span class='ocrx_word' id='word_1_300' title='bbox 374 3444 479 3518; x_wconf 88' lang='lat' dir='ltr'><strong>segnis</strong></span> <span class='ocrx_word' id='word_1_301' title='bbox 498 3459 585 3504; x_wconf 85' lang='lat' dir='ltr'><strong>mora</strong></span> <span class='ocrx_word' id='word_1_302' title='bbox 606 3445 673 3505; x_wconf 86' lang='lat' dir='ltr'><strong>cius</strong></span> <span class='ocrx_word' id='word_1_303' title='bbox 694 3444 836 3506; x_wconf 88' lang='lat' dir='ltr'><strong>desierat.</strong></span> <span class='ocrx_word' id='word_1_304' title='bbox 871 3445 921 3505; x_wconf 90' lang='lat' dir='ltr'><strong>IX.</strong></span> <span class='ocrx_word' id='word_1_305' title='bbox 942 3451 1071 3506; x_wconf 76' lang='lat' dir='ltr'><strong>osterna</strong></span> <span class='ocrx_word' id='word_1_306' title='bbox 1090 3430 1157 3512; x_wconf 67' lang='lat'><strong>9⁰⁸¹·</strong></span> 
     </span>
    </p>
   </div>
   <div class='ocr_carea' id='block_1_3' title="bbox 0 0 1242 3900">
    <p class='ocr_par' dir='ltr' id='par_1_3' title="bbox 0 0 1242 3900">
     <span class='ocr_line' id='line_1_40' title="bbox 0 0 1242 3900; baseline 0 0"><span class='ocrx_word' id='word_1_307' title='bbox 0 0 1242 3900; x_wconf 95' lang='lat' dir='ltr'><strong> </strong></span> 
     </span>
    </p>
   </div>
  </div>
 </body>
</html>
