2428 3892
20 3747 22 3780 l

225 231 341 293 LIBER
353 231 474 294 XXVII.
497 231 579 295 CAP.
594 240 621 296 3.
633 241 658 296 4.
684 239 720 308 [a.
733 239 766 292 0.
781 238 844 307 tto]
964 231 1026 296 163

38 403 119 465 curo
131 394 209 449 ueto
220 385 303 447 urbis
309 384 447 461 fruendo
456 388 637 460 iocarentur,
648 388 737 446 simut
745 392 1026 460 menum,nesuum

37 489 160 550 quoque
179 473 342 532 marmiun
363 472 439 531 simu
453 470 634 530 Hannibalis
649 471 742 531 nimiu
762 470 845 531 urbas
866 473 1028 531 amoenitas

37 558 198 629 emolliret,
219 557 251 616 in
264 555 362 630 porus
376 554 527 630 usuraque
537 553 650 614 subimet
666 556 746 629 ipsos
765 560 842 615 tectu
859 556 1028 615 militariter

38 645 186 715 coequat
194 639 367 711 aedicere.
396 644 486 698 erunt
502 644 600 698 cunm
614 640 761 714 pleraque
777 656 818 699 eu
833 639 966 700 cratibus
976 644 1030 700 uut

38 725 154 786 tabulis
161 723 259 798 suctu,
271 723 335 782 ulio
345 721 515 782 harundine
526 727 617 794 textu,
628 729 789 782 strumento
800 725 908 784 intecta
919 726 1027 796 omnia,

40 811 123 869 udat
144 807 182 868 de
202 806 351 866 industrio
372 807 519 866 alimentis
536 807 623 880 ionas.
661 805 737 866 nnec
757 809 850 867 uocas
869 823 932 867 una
952 807 1029 868 bora

40 893 146 954 omnia
161 888 322 952 inscendere
338 894 454 950 centum
470 892 658 966 septuuointo
676 889 825 964 cauponi
840 892 1030 966 pmumbibus

42 975 196 1050 [ruribus
205 963 321 1034 Blosiis'
326 975 565 1034 coniuraverunt.
603 974 712 1034 mortio
729 973 1030 1047 eiusreieusoniliu

42 1059 218 1121 Blosiorum
232 1057 331 1132 soom,
348 1059 446 1132 portis
460 1063 581 1132 repcme
602 1060 683 1118 iussu
702 1060 890 1133 proconsulis
910 1060 1029 1127 clausis,

41 1161 113 1205 cum
130 1141 175 1202 od
184 1141 449 1216 amantinoduto
459 1143 565 1202 militm
574 1143 806 1214 concurrissent,
828 1143 1031 1218 comprehensi

41 1227 207 1301 omnesqui
216 1227 659 1300 innexueruntetqucesuoue
669 1226 1031 1286 acmurbabuadamuoti

41 1313 219 1386 nocuimus:
239 1309 557 1370 indicibusiibertuset
572 1311 653 1370 uuus
664 1310 837 1369 limantio
849 1309 931 1370 datu.
962 1309 1031 1370 Nu-

41 1397 164 1458 cerinos
185 1398 215 1454 et
232 1392 417 1467 Acerranos,
445 1399 598 1468 querentes
620 1393 672 1453 ubi
689 1393 861 1454 babitarent
880 1403 939 1454 non
960 1409 1030 1466 esse,

42 1479 317 1554 ammona
333 1479 474 1552 incensas,
496 1477 628 1538 Nuceria
640 1477 751 1552 deleto,
772 1476 898 1538 Bonan
908 1478 1032 1538 Fuluius

44 1565 235 1625 adsenaiuns
242 1563 328 1622 usust.
348 1559 697 1638 Acerronsspermissun
708 1563 1032 1637 utuediricarentquoc

45 1651 170 1709 incensa
182 1653 288 1716 eroum
305 1645 453 1706 Nucerini
461 1646 595 1720 Mettum,
618 1646 691 1721 quia
704 1645 736 1706 id
751 1645 928 1718 maluerant,
949 1646 1018 1706 Atel

50 1731 125 1790 lanis
140 1729 289 1790 cmabam
302 1729 433 1804 migrare
447 1727 541 1790 iussis
555 1730 694 1790 traducti.

129 1815 215 1874 luter
237 1813 346 1874 malm
367 1827 559 1889 magnasque
577 1829 644 1888 res,
673 1829 753 1890 quae
775 1830 855 1875 nunc
876 1814 1032 1875 secundae

46 1913 126 1960 nunc
140 1897 296 1959 adversae
311 1896 503 1972 occupabant
517 1896 716 1972 cogitationes
732 1899 902 1974 laominum,
923 1914 962 1957 ne
975 1898 1031 1958 Ta-

44 1983 186 2044 rentinae
206 1981 330 2056 qudem
351 1981 431 2042 arcis
450 1981 564 2042 excidit
583 1983 736 2042 memoria.
772 1981 812 2042 Μ.
836 1982 982 2058 Ogulnius
1004 1989 1034 2043 et

43 2067 75 2126 P.
89 2065 238 2143 Aquilius
253 2065 284 2126 in
297 2065 448 2126 Etruriam
463 2066 555 2141 legati
569 2065 610 2125 ad
625 2066 806 2126 trumentum
821 2065 1031 2139 coemendum,

44 2150 134 2227 quod
147 2149 313 2211 Tarentum
333 2155 521 2225 pararetur,
544 2150 687 2225 protecti,
711 2155 741 2208 et
760 2149 842 2209 mille
863 2149 971 2210 milites
993 2150 1033 2210 de

43 2234 186 2296 exercitu
206 2234 339 2306 urbano,
361 2249 419 2310 par
433 2249 578 2296 numerus
593 2233 800 2294 Romanorum
816 2233 1033 2308 sociorumque

43 2319 161 2380 eodem
176 2316 207 2378 in
222 2317 410 2394 praesidium
426 2332 495 2377 cum
510 2317 660 2378 frumento
674 2316 771 2377 missi.

132 2401 187 2462 lV.
219 2401 283 2463 Iam
297 2408 400 2462 aestas
416 2401 446 2461 in
462 2401 633 2477 enituerat,
654 2400 906 2477 conuitiorumque
922 2417 1033 2464 consu·

46 2488 157 2549 larium
172 2486 305 2547 instabat
318 2491 449 2561 mmpus.
483 2486 540 2546 sed
555 2487 672 2547 litterae
686 2484 838 2560 Marcelli,
861 2485 1000 2562 negantis
1016 2503 1034 2548 e

44 2570 221 2648 republica
242 2585 314 2631 essa
328 2569 490 2646 vestigium
512 2569 640 2630 abscedi
654 2569 692 2630 ab
707 2568 892 2646 Hannibale,
916 2571 965 2633 cui
984 2587 1032 2632 cc-

46 2655 133 2717 denti
155 2660 374 2730 certamenque
393 2652 538 2715 abnuenti
552 2653 656 2730 gravis
677 2653 746 2731 ipsa
767 2653 907 2729 instaret,
931 2669 1033 2717 curam

46 2740 232 2814 iniecerant,
254 2753 293 2800 na
313 2744 367 2800 aut
386 2739 544 2800 cumulem
557 2738 733 2799 Marcellum
754 2744 817 2798 tum
837 2739 969 2800 maxime
983 2757 1034 2802 res

45 2830 191 2900 agentem
205 2838 224 2884 a
237 2820 319 2885 bello
341 2829 523 2898 avocarent,
546 2830 598 2884 aut
611 2823 641 2882 in
657 2837 769 2882 annum
785 2824 931 2885 consules
945 2822 1032 2885 dees·

46 2913 127 2969 sent.
157 2905 305 2984 optimum
320 2907 420 2968 slsum
435 2913 490 2983 est,
507 2922 693 2983 quamquam
709 2911 795 2966 extra
809 2907 926 2968 ltaliam
941 2917 1035 2985 ossea

47 2991 205 3052 Valerium
227 2990 329 3067 potius
351 2992 510 3052 consulem
531 3007 569 3051 ex
591 2990 696 3053 Sicilia
714 2991 865 3052 revocari.
903 2992 943 3052 ad
965 3008 1034 3054 eum

49 3077 169 3138 litterae
188 3075 278 3137 iussu
293 3082 418 3137 senatus
433 3076 472 3136 ab
487 3075 519 3134 L.
536 3075 648 3138 Manlio
664 3082 807 3152 praetore
819 3075 906 3137 urbis
920 3076 1035 3137 missae

50 3176 119 3221 cum
133 3159 242 3222 litteris
258 3159 394 3220 consulis
406 3159 446 3221 M.
457 3159 608 3237 Marcelli,
618 3165 661 3223 'ut
674 3175 714 3220 ex
727 3159 765 3220 iis
781 3167 934 3235 nosceret
955 3176 1035 3235 quae

51 3260 146 3306 causa
161 3242 301 3321 patribus
322 3259 390 3306 enm
412 3245 515 3321 potius
539 3261 629 3320 qnam
645 3245 794 3320 collegam
807 3243 975 3306 revocandi
996 3259 1035 3304 ex

52 3329 213 3404 provincia
229 3335 322 3390 esset.

134 3413 181 3475 lio
196 3413 261 3473 iere
275 3419 415 3490 tempore
429 3412 520 3490 legati
540 3411 578 3472 ab
593 3427 666 3488 rege
681 3411 827 3491 Syphace
840 3410 969 3471 Romam
983 3427 1035 3472 ve

55 3506 171 3575 nerunt
192 3511 272 3572 quae
286 3511 438 3574 prospera
452 3496 571 3576 proelia
584 3511 641 3558 rex
654 3511 724 3559 cum
737 3491 1034 3610 canhnmnicnsibus

780 3588 809 3639 ll
