2434 3902
223 247 340 310 LIBER
353 249 594 312 xxvltwAP.
608 259 652 313 aa.
679 259 760 326 [ac.
776 247 839 325 suoi
957 255 1018 318 253

16 409 158 482 propter
174 403 258 480 quod
273 401 392 464 lacinus
407 410 471 464 tola
485 405 575 481 legio,
598 403 680 466 milia
693 405 850 466 hominum
867 415 1019 484 quattuor,

15 491 51 550 in
70 490 143 548 iore
159 490 277 548 Romae
292 489 393 548 securi
408 487 549 564 percussi
565 497 644 570 sunt
679 491 736 552 sed
750 491 793 552 illi
809 491 944 568 primum
956 509 1018 554 non

14 569 148 635 Atrium
168 567 315 634 Umbrum
337 573 523 650 semmam,
550 576 682 637 nominis
703 575 793 636 etiam
821 577 1018 639 abominandi

16 661 157 733 ducem,
187 657 245 719 sed
264 655 392 719 Decium
413 655 578 720 Vibellium
598 660 752 722 tribunum
773 661 899 722 militum
921 664 1018 724 secuti

17 751 116 812 sunt;
137 757 195 802 nec
211 758 280 803 cum
294 735 423 820 Pyrrho,
447 759 588 804 naccum
605 743 793 809 Samnitibus
809 753 861 806 aut
874 747 1016 820 Lucanis,

15 828 170 888 hostibus
186 827 294 904 populi
307 827 447 903 Romani,
463 844 498 889 se
513 829 751 892 coniunxerunt=
774 847 833 890 vos
849 847 918 892 cum
932 829 1017 892 Man

17 911 123 973 donio
145 919 176 973 et
189 909 318 972 Indebili
339 909 468 972 consilia
489 913 737 975 communicastis
760 921 789 974 et
807 931 892 975 arma
906 932 1016 977 conso·
1085 961 1090 968 .

18 995 137 1058 ciaturi
152 992 270 1057 luistis‘.
296 996 354 1070 illi,
378 993 462 1057 sicut
473 996 619 1075 Campani
634 999 770 1080 capuam
784 997 893 1060 Tuscis
908 1003 1017 1060 teteri

17 1082 83 1142 bus
100 1081 271 1143 cultoribus
287 1043 471 1158 ιιιιιιριιιιι,
486 1082 679 1145 Mamertini
671 1101 702 1143 ιιι
716 1083 820 1144 Sicilia
830 1083 1015 1158 Messanam,

19 1166 211 1243 sicRegium
226 1164 357 1227 habituri
371 1173 552 1244 perpetuam
564 1169 671 1229 sedem
687 1175 780 1240 erant,
797 1183 854 1228 nec
868 1131 1016 1246 populum

19 1267 82 1312 nec
99 1251 206 1314 socios
219 1251 329 1327 populi
341 1251 472 1311 Romani
492 1253 571 1313 ultro
586 1251 758 1316 lacessituri
771 1215 867 1312 bellac
892 1287 935 1300 —-
961 1253 1017 1314 Su·-

23 1350 197 1396 cronemne
210 1351 269 1396 vas
291 1331 478 1396 domicilium
492 1337 625 1397 habituri
646 1337 760 1396 erattsc
781 1337 833 1402 ubi
849 1337 875 1398 si
891 1353 948 1399 vos
965 1339 1016 1398 de-

23 1421 145 1482 ceden's‘
161 1415 303 1482 coniecta
315 1415 482 1496 provincia
501 1413 676 1508 imperator
683 1417 901 1508 relinquerem,
926 1424 1017 1483 deum

23 1501 257 1586 hominumque
264 1505 357 1565 fidem
378 1499 544 1590 implorare
558 1501 735 1582 debellatis,
760 1499 845 1582 quo'd
859 1523 920 1568 non
936 1507 1014 1568 redi

23 1591 101 1651 retis
112 1589 159 1650 ad
175 1579 322 1666 coniitges
338 1589 520 1667 liberosque
528 1593 662 1652 vestros.
695 1592 753 1652 sed
767 1593 876 1678 horum
881 1597 1017 1692 quoque

24 1671 221 1750 memoriam,
244 1675 323 1735 sicut
337 1674 454 1751 patriae
468 1675 600 1752 meique,
620 1675 771 1738 eieceritis
786 1669 828 1738 eri
840 1669 957 1739 animis
964 1693 1016 1737 ve·

25 1760 110 1823 stris.
140 1760 220 1820 viam
236 1758 355 1822 consilii
371 1760 521 1835 scelerati,
537 1761 671 1822 sednon
687 1761 728 1822 ad
740 1761 877 1823 ultimum
893 1764 1015 1823 demen

23 1845 62 1905 tis
86 1846 218 1936 exsequi
220 1845 315 1906 volo.
348 1860 438 1905 mene
452 1846 526 1906 vivo
542 1853 573 1907 et
587 1853 689 1907 cetero
705 1847 848 1907 incolumi
871 1849 1015 1923 exercitu,

24 1944 95 1990 cum
111 1930 175 2006 quo
190 1923 258 2006 egli
262 1930 334 1990 tlie
326 1925 609 2006 unobarthaginem'
624 1931 702 2007 cepi,
718 1946 787 1991 curn
800 1935 861 2008 quo
875 1939 1017 2027 quattuor

24 2015 183 2076 exercitus
197 2013 525 2089 carthaginiensium
511 2014 575 2075 ludi
597 2009 703 2100 iugavi
725 2006 843 2112 expuli,
865 2032 925 2077 vos
935 2019 1015 2078 octo

26 2099 111 2159 milia
131 2097 304 2173 hominum,
326 2094 454 2164 minoris
463 2107 550 2161 certe
573 2093 693 2160 omnes
695 2099 785 2175 pretii
801 2115 893 2176 quam
907 2101 1016 2161 Albius

26 2189 54 2244 et
66 2184 175 2244 Atrius
191 2189 271 2258 sunt,
288 2177 400 2260 quibus
415 2199 473 2246 vos
489 2175 674 2258 subiecistis,
697 2179 877 2260 Hispaniam
891 2185 1016 2264 provin·

26 2269 106 2328 ciam
121 2269 239 2344 populo
254 2267 394 2331 Romano
411 2267 544 2346 erepturi
560 2267 675 2329 eratis?
697 2269 827 2330 amolior
841 2275 871 2328 et
885 2285 1015 2333 amoveo

26 2367 140 2413 nomen
159 2349 276 2424 meuir'r',
299 2351 374 2442 nihil
395 2354 488 2414 ultra
494 2352 583 2414 facile
605 2348 752 2416 creditam
767 2357 896 2415 mortem
916 2359 1016 2416 meam

28 2436 119 2498 vobis
131 2436 264 2499 violatus
279 2431 338 2498 sim
351 2461 409 2494 -.
433 2434 557 2515 quint
549 2439 576 2498 si
592 2435 655 2515 ego
661 2436 808 2516 morerer,
829 2454 948 2499 mecum
963 2455 1016 2498 ex·

27 2521 183 2600 spiratura
199 2538 254 2583 res
267 2523 413 2614 publica,
436 2539 556 2584 mecum
571 2539 715 2585 casurum
722 2519 892 2624 imperium
907 2521 1016 2600 populi

27 2604 157 2668 Romani
179 2599 289 2668 erati
295 2615 334 2668 ne
355 2607 435 2668 istuc
454 2605 592 2684 luppiter
611 2605 745 2704 optimus
766 2608 918 2670 maximus
940 2609 1014 2684 sirit,

28 2685 143 2752 urbem
156 2685 315 2768 auspicato
339 2691 406 2752 deis
432 2685 611 2753 auctoribus
619 2691 681 2753 ln
683 2700 733 2754 aet
734 2709 840 2754 ernum
862 2656 1015 2755 conditam

29 2775 100 2837 huic
116 2773 219 2852 fragili
229 2784 260 2838 et
273 2773 398 2838 mortali
406 2771 532 2873 corpori
553 2777 714 2879 aequalem
729 2791 811 2840 esse.
849 2779 880 2839 0.
895 2780 1016 2841 Mami-

28 2865 85 2935 ιιι,
106 2861 231 2923 Aettzlto
241 2863 346 2936 Paulo
366 2855 542 2946 Semprobio
555 2853 710 2939 Graccho,
719 2857 876 2926 Postumio
892 2863 1015 2940 Albino,

29 2944 66 3006 lt.
73 2941 244 3020 malceno,
266 2909 631 3022 mo'uincnocrtspmo,
638 2947 700 3008 Cn.
715 2945 839 3024 Fulvio,
864 2947 1014 3024 Scipioni-

29 3025 191 3107 busmeis,
212 3037 333 3091 tottam
347 3031 514 3108 praeclaris
535 3025 791 3108 imperatoribus
787 3037 856 3093 uno
865 3033 946 3094 bello
962 3033 1015 3092 ab·

33 3115 161 3191 sumptis
183 3124 343 3198 superstes
365 3121 413 3176 est
432 3113 580 3192 populus
587 3117 763 3194 Romanus,
791 3117 926 3194 eritque
933 3117 1015 3176 mille

32 3199 96 3260 aliis
111 3216 192 3260 nunc
212 3201 294 3263 terro
316 3213 398 3262 nunc
412 3200 520 3262 morbo
541 3199 741 3263 monentibus
755 3225 813 3258 -=
836 3215 907 3262 meo
923 3197 1014 3262 unius

33 3282 134 3346 iuuere
154 3285 234 3346 elata
254 3301 305 3347 res
326 3285 451 3362 publica
472 3291 576 3346 essct?
601 3301 660 3347 vos
671 3287 742 3370 'ipsi
754 3281 829 3346 hic
821 3303 853 3346 ιιι
866 3281 1015 3384 Hispania

34 3376 115 3442 patre
138 3377 168 3432 et
188 3375 298 3447 patruo
317 3383 406 3448 mcc,
430 3363 552 3432 duobus
572 3363 824 3448 imperatoribus,
834 3371 940 3432 interl
938 3369 1014 3432 ecus

35 3450 207 3552 Septimium
225 3452 384 3516 Marcium
398 3456 506 3516 ducem
528 3452 617 3516 vobis
645 3451 801 3516 adversus
825 3457 1014 3518 exsultantes

34 3537 142 3599 recenti
155 3539 285 3600 victoria
295 3538 416 3600 Poenos
433 3538 571 3616 delegit's
563 3549 600 3599 rs.
624 3540 710 3599 etsie
724 3539 843 3615 loquor,
858 3548 1013 3617 tamquam
