2434 3902
248 248 365 310 amna
379 247 500 308 xxvn.
523 246 607 309 cnr.
623 257 666 310 n.
688 248 725 327 p.
738 251 847 330 cauo]
981 247 1044 316 lto

45 410 114 466 tem
128 399 409 464 machinationibus
426 407 533 460 onerat
545 407 759 476 apparatuque
774 400 929 466 moenium
944 417 1040 482 oppu-

46 487 256 564 gnandorum,
272 491 390 563 partem
401 483 561 553 tormentis
577 491 608 544 et
621 484 706 546 saxis
722 486 867 562 omnique
881 485 1041 549 missilium

46 573 182 633 telorum
196 585 311 646 genere
325 568 455 642 instruit,
472 568 629 629 onerarias
644 568 753 646 solum,
770 585 850 647 quae
863 571 956 632 remis
971 588 1042 648 age-

44 662 171 731 rentur,
193 660 226 715 ut
240 654 291 714 alii
307 653 465 714 machinas
480 653 647 729 scalasque
661 653 702 714 ad
717 670 824 715 muros
840 654 968 726 lomoni,
992 656 1042 716 alii

45 739 161 817 pracial
183 754 222 800 ex
241 737 375 799 navibus
396 738 594 798 vulnerarent
611 737 765 798 moenium
785 747 1032 814 propugnatores

44 824 109 885 hae
132 821 230 884 navos
254 821 293 883 ab
315 829 423 899 aperto
439 821 515 881 mari
535 827 568 881 ut
588 820 696 882 urbem
718 822 974 900 adgrederentur,
996 824 1042 885 in·

47 914 188 970 structae
199 913 389 985 parataeque
404 914 485 968 sunt.
508 912 538 966 et
551 913 617 967 erat
627 905 755 968 liberum
772 921 856 967 mare
871 907 973 968 classe
983 907 1041 970 Pu-

49 994 129 1068 nica,
146 990 382 1067 eumPhilippus
397 1005 579 1068 oppugnare
585 991 714 1051 Aetolos
727 997 858 1066 pararet,
875 991 1042 1070 corcyram

48 1076 203 1138 tramissa.
236 1075 268 1135 in
281 1075 408 1138 Bruttiis
428 1073 548 1134 interim
562 1073 705 1135 Caulonis
730 1082 960 1151 oppugnatores
982 1077 1041 1138 sub

45 1161 183 1222 adventu
192 1159 382 1236 Hannibalis,
398 1175 438 1220 ne
453 1158 706 1235 opprimerentur,
723 1160 754 1218 in
764 1159 911 1220 tumulum
924 1176 1041 1236 aprae-

46 1245 129 1306 senti
143 1243 262 1320 impetu
276 1250 373 1306 tutum
388 1259 424 1304 se
437 1258 594 1319 recepere.

133 1327 262 1389 Fabium
275 1329 438 1390 Tarentum
459 1325 653 1388 obsidentem
667 1327 736 1388 leve
752 1327 834 1390 dictu
854 1336 1040 1392 momentum

48 1413 89 1474 ad
105 1428 173 1473 rem
186 1413 340 1487 ingentem
354 1411 535 1489 potiundam
549 1411 675 1474 adiuvit.
707 1411 898 1487 praesidium
908 1412 1040 1475 Bruttio·

46 1514 116 1558 mm
136 1497 243 1557 datum
264 1495 303 1557 ab
317 1495 489 1580 Hannibale
502 1495 655 1556 Tarentini
676 1495 839 1557 habebant.
868 1497 934 1558 eius
950 1513 1040 1574 prae·

48 1581 118 1642 sidii
132 1581 314 1658 praefectus
326 1579 489 1656 deperibat
503 1595 609 1640 amore
623 1579 828 1656 mulierculae,
845 1581 932 1642 cuius
946 1583 1041 1644 irater

50 1668 81 1726 in
99 1664 240 1726 exercitu
254 1662 340 1726 Fabii
362 1662 499 1726 consulis
522 1669 596 1725 erat.
628 1664 656 1726 is
671 1663 783 1726 certior
797 1663 904 1727 litteris
920 1667 1038 1729 sororis

55 1750 147 1812 lactus
164 1748 206 1810 de
220 1764 302 1809 nova
317 1747 542 1810 consuetudine
555 1748 697 1810 advenae
707 1749 872 1826 locupletis
888 1757 980 1828 atquc
994 1752 1039 1812 in-

52 1841 94 1894 ter
103 1833 273 1910 populares
285 1838 347 1894 tam
357 1831 507 1906 honorati,
525 1847 612 1908 spem
624 1840 732 1894 nactus
744 1849 801 1909 per
811 1850 950 1896 sororem
961 1853 1038 1912 quo·

49 1918 119 1978 libet
141 1916 257 1993 impelli
279 1925 429 1978 amantem
444 1931 557 1994 posse,
579 1917 654 1993 quid
669 1925 810 1994 speraret
823 1919 865 1978 ad
879 1921 1035 1982 consulem

48 2002 164 2064 detulit.
187 2017 268 2076 qaae
280 2015 349 2062 eum
360 2001 443 2062 haud
455 2017 535 2062 vana
550 2001 692 2077 cogitatio
708 2000 776 2061 visa
790 2008 883 2076 esset,
898 2019 956 2080 pro
968 2020 1036 2080 per-

46 2088 118 2163 luga
133 2086 241 2147 iussus
254 2085 417 2148 Tarentrun
431 2085 579 2158 transire,
602 2101 639 2146 ac
654 2101 711 2162 per
725 2102 865 2146 sororem
879 2088 1036 2163 praelecto

47 2171 246 2246 conciliatus,
267 2170 367 2246 primo
381 2170 501 2231 occulte
517 2170 695 2247 temptando
711 2169 852 2246 animum,
875 2171 946 2232 dein
961 2173 1037 2235 satis

46 2256 209 2332 explorata
230 2253 351 2316 levitate
365 2253 520 2316 blanditiis
535 2253 734 2316 muliebribus
753 2255 888 2331 perpulit
906 2271 976 2318 eum
996 2258 1037 2318 ad

45 2339 253 2418 proditionem
274 2338 434 2401 custodiae
454 2338 531 2414 loci,
554 2339 602 2400 cui
616 2338 813 2416 praepositus
835 2347 908 2401 erat.
939 2340 990 2402 ubi
1006 2349 1037 2403 et

45 2426 122 2485 ratio
140 2423 282 2498 agendae
295 2424 340 2484 rei
357 2429 387 2484 et
399 2430 522 2500 tempus
538 2422 690 2499 convenit,
712 2423 800 2484 miles
815 2430 907 2485 nocte
920 2441 978 2501 per
990 2426 1036 2486 in-

46 2508 175 2570 tervalla
196 2507 360 2568 stationum
383 2508 461 2568 clam
482 2522 522 2567 ex
542 2509 618 2570 urbe
642 2507 775 2569 emissus
796 2523 847 2581 ea,
872 2525 953 2585 quae
968 2518 1036 2572 acta

47 2601 141 2668 crant,
158 2607 303 2671 quaeque
317 2598 351 2652 ut
363 2599 527 2668 agerentur
541 2598 737 2667 convenerat,
759 2591 799 2652 ad
814 2595 974 2654 consulem
987 2605 1035 2656 re·

47 2678 110 2738 lert.
134 2675 250 2737 Fabius
260 2675 365 2752 vigilia
376 2676 475 2753 prima
487 2675 558 2736 dato
571 2675 661 2751 signo
673 2675 721 2750 iis,
738 2676 790 2754 qui
806 2675 837 2736 in
852 2693 925 2739 arce
939 2686 1034 2754 eraut,

47 2762 163 2840 quique
178 2760 351 2824 custodiam
365 2768 473 2838 portus
493 2759 663 2836 habebant,
685 2760 754 2836 ipse
771 2761 929 2824 circumito
943 2771 1035 2840 portu

46 2847 83 2906 ab
97 2847 227 2924 regione
240 2845 327 2906 urbis
342 2844 372 2905 in
389 2845 537 2906 orientem
551 2860 643 2905 versa
658 2845 797 2908 occultus
810 2847 960 2909 consedit.
984 2864 1034 2910 ca-

47 2948 119 2992 nere
142 2931 215 2991 inde
236 2929 328 2990 tubae
349 2928 439 3006 simul
454 2927 492 2988 ab
507 2944 579 2989 aree
593 2928 684 2990 simul
704 2944 723 2989 a
738 2935 828 3006 portu
844 2935 874 2992 et
894 2931 933 2994 ab
949 2933 1034 2995 navi·

48 3014 113 3089 bus,
138 3029 218 3091 quae
232 3015 272 3075 ab
288 3019 394 3090 aperto
409 3013 485 3073 mari
501 3014 653 3090 appulsae
669 3022 763 3089 erant,
787 3015 963 3093 clamorque
978 3035 1033 3080 un-

50 3097 140 3175 dique
160 3114 231 3159 cum
251 3097 366 3174 ingenti
381 3096 521 3174 tumultu,
541 3099 625 3159 unde
638 3097 793 3159 minimam
808 3099 937 3175 periculi
957 3108 1031 3175 erat,

51 3181 87 3241 de
100 3183 250 3245 industria
261 3190 357 3246 ortus.
376 3183 485 3244 consul
496 3182 615 3246 interim
625 3180 746 3245 silentio
760 3183 934 3245 continebat
946 3199 1031 3244 suos.

52 3265 137 3341 igitau
149 3269 359 3342 Democrates,
377 3267 430 3345 qui
445 3268 621 3344 praelectus
636 3265 747 3329 classis
763 3267 870 3341 luerat,
886 3267 964 3328 lorte
979 3267 1030 3328 illo

53 3350 117 3412 loco
139 3353 352 3430 praepositus,
373 3356 538 3429 postquam
560 3352 663 3428 quieta
683 3350 785 3414 omnia
800 3350 882 3410 circa
896 3365 931 3411 se
945 3350 1030 3426 vidit,

53 3435 125 3496 alias
138 3444 242 3515 partes
259 3453 297 3498 oo
314 3437 442 3500 tumultu
454 3452 640 3514 personare,
662 3444 696 3498 ut
710 3440 819 3509 captae
832 3433 918 3495 urbis
940 3434 1029 3495 inter-

54 3517 122 3580 dum
142 3523 326 3586 excitaretur
346 3523 476 3596 clamor,
497 3521 627 3597 veritus,
650 3536 689 3580 ne
710 3520 788 3578 inter
808 3517 1030 3636 cunctationem

771 3609 804 3660 lu
