2448 3900
183 216 245 284 tea
351 213 466 280 ttehtt
479 217 570 278 XXX.
594 216 677 278 cer.
693 224 793 281 saec.
815 223 852 291 [ι.
866 221 936 276 ue.
949 220 1017 290 aso]

182 357 396 444 albedines,
419 367 530 446 quibus
546 383 608 429 non
623 365 742 444 lingua,
762 383 825 428 non
839 383 923 443 mos,
944 384 1009 430 non
1026 369 1098 443 lex,
1112 383 1170 430 aon

182 469 275 528 mma,
290 468 352 514 non
366 451 496 512 vestitus
511 451 704 528 habitusque,
719 467 780 512 non
794 466 889 512 causa
900 451 1054 514 militandi
1066 451 1171 512 eadem

183 545 276 600 essct
310 534 507 598 auxiliaribus
523 541 554 596 et
573 549 724 611 praesens
740 541 771 596 et
783 535 982 611 multiplicata
995 551 1043 596 ex
1058 536 1172 612 praeda

183 636 301 682 merces
317 619 543 688 ostentabatur;
566 618 642 680 Galli
657 619 784 695 proprio
798 627 891 696 atque
906 620 998 683 insito
1014 619 1051 682 iu
1063 621 1172 682 Roma-

183 721 240 767 nos
265 704 337 765 odio
364 703 589 774 accenduntur;
620 703 782 778 Liguribus
808 704 908 780 campi
929 703 1050 764 uberes
1073 704 1173 764 ltaliae

183 787 325 851 deductis
339 802 380 850 ex
394 787 572 865 asperrimis
587 787 741 850 montibus
757 787 787 848 in
804 803 892 864 spem
902 787 1059 848 victoriae
1071 795 1171 850 osten-

183 879 299 943 tantum
318 871 444 934 Mauros
458 872 670 948 Numidasque
683 871 868 934 Masinissae
888 872 1055 948 impotenti
1073 873 1172 933 lutura

182 957 339 1018 dominatu
365 962 494 1031 terrent,
523 956 601 1016 aliae
625 956 693 1020 eliis
719 971 794 1032 spes
819 971 857 1016 ac
881 962 982 1016 metus
1008 957 1171 1017 iactantur.

182 1039 484 1116 Carthaginiensibus
499 1039 621 1101 moenia
636 1040 769 1116 pamiae,
790 1039 822 1100 di
837 1045 983 1116 penates,
1004 1039 1172 1116 sepulchra

182 1125 345 1198 maiorum,
371 1123 459 1185 liberi
480 1139 549 1184 cum
570 1124 765 1200 parentibus,
792 1124 1006 1200 coniugesque
1029 1123 1169 1200 pavidae,

182 1215 234 1270 aut
253 1207 407 1269 excidium
428 1207 647 1284 servitiumque
667 1214 719 1270 aul
734 1208 895 1285 imperium
910 1208 997 1269 orbis
1011 1214 1170 1282 terrarum,

183 1293 256 1354 nihil
270 1299 322 1354 aut
335 1291 366 1352 in
381 1300 494 1353 metum
508 1297 561 1354 aut
575 1294 604 1352 in
620 1307 708 1369 spem
722 1292 865 1367 medium,
881 1298 1090 1354 ostentantur.

265 1377 339 1438 cum
361 1376 493 1438 maxime
511 1375 590 1438 haec
611 1377 777 1452 imperator
792 1375 875 1452 apud
890 1375 1165 1452 Carthaginienses,

182 1458 278 1522 duces
300 1476 425 1522 suarum
440 1461 574 1536 gentium
591 1461 669 1520 inter
683 1463 867 1537 populares,
888 1462 1043 1536 pleraque
1059 1475 1115 1535 per
1127 1459 1165 1518 in-

182 1549 331 1618 terpretes
352 1545 451 1619 [inter]
472 1544 623 1606 immistas
637 1545 817 1622 alienigenis
832 1551 971 1620 agerent,
993 1545 1092 1604 tubae
1106 1559 1162 1603 cor-

182 1642 305 1702 nuaque
327 1629 365 1688 ab
379 1629 526 1690 Romanis
547 1628 739 1705 cecinemnt,
759 1635 925 1706 motasque
941 1631 1062 1689 clamor
1078 1634 1163 1700 ortus,

181 1717 213 1770 ut
232 1711 386 1786 elephanti
407 1712 437 1771 in
458 1727 535 1773 suos
555 1711 680 1774 sinistro
702 1713 834 1774 maxime
855 1729 953 1774 cornu
965 1718 1161 1782 verterentur,

181 1793 305 1856 Mauros
325 1811 362 1856 ac
382 1793 538 1858 Numidas.
575 1797 693 1859 addidit
713 1797 803 1858 lacile
823 1796 990 1859 Masinissa
1010 1795 1161 1873 perculsis

182 1886 345 1955 terrorem,
366 1880 556 1956 nudavitque
569 1881 609 1942 ab
623 1897 662 1942 ea
675 1888 764 1958 parte
778 1882 874 1942 aciem
891 1881 1028 1958 equestri
1045 1878 1161 1940 auxilio.
1206 1909 1207 1941 ι

182 1979 300 2040 paucae
321 1971 421 2025 mmen
441 1965 609 2028 bestiarum
623 1966 794 2042 intrepidae
808 1965 839 2025 in
853 1965 973 2026 hostem
989 1972 1080 2026 actae
1093 1965 1161 2024 inter
1205 2011 1206 2043 ,

181 2047 304 2108 velitum
319 2049 444 2110 ordines
460 2065 528 2110 cum
540 2050 642 2112 miultis
654 2050 721 2112 suis
732 2050 911 2110 uulneribus
923 2049 1080 2125 ingentem
1092 2054 1159 2108 stra-

181 2147 250 2206 gem
266 2133 406 2193 edebant.
434 2132 607 2196 resilientes
624 2134 704 2196 enim
718 2135 758 2195 ad
773 2134 947 2210 manipulos
961 2133 1084 2208 velites,
1099 2146 1158 2191 cum
1204 2129 1205 2145 ¹

182 2215 262 2276 mam
277 2216 464 2292 elephantis,
488 2235 528 2278 ne
543 2218 767 2289 obtererentur,
789 2218 951 2294 iecissent,
969 2217 1001 2276 in
1015 2217 1157 2292 ancipites
1203 2207 1204 2247 l

182 2298 221 2359 ad
241 2299 334 2362 ictum
354 2301 507 2377 utrimque
527 2302 855 2376 contestariorum,
876 2319 932 2364 nec
949 2304 1015 2378 pila
1030 2303 1071 2363 ab
1084 2305 1155 2360 ante

96 2380 100 2390 ’
181 2384 318 2458 signanis
340 2386 520 2460 cessabant,
542 2387 642 2448 donec
656 2386 794 2462 undique
809 2385 1013 2447 incidentibus
1030 2385 1098 2448 telis
1112 2399 1156 2441 cx·

181 2467 240 2528 acti
255 2484 294 2528 ex
308 2469 448 2530 Romana
460 2470 526 2530 acio
540 2470 571 2531 hi
588 2485 714 2547 quoque
727 2469 757 2531 ia
773 2487 830 2532 suo
844 2471 954 2532 dextro
966 2485 1066 2536 cornu
1079 2469 1157 2544 ipsos

180 2547 475 2628 Carthaginiensium
495 2555 616 2630 equites
636 2554 667 2614 in
683 2557 785 2630 lugarn
799 2560 964 2615 verterunt.
998 2553 1117 2614 Laelius
1129 2554 1156 2609 ut

182 2635 317 2697 turbatos
332 2634 408 2698 vidit
421 2637 538 2712 hostes,
554 2638 672 2700 addidit
686 2639 838 2714 perculsis
852 2645 1010 2699 terrorem.

265 2721 399 2780 XXXIV.
417 2721 577 2798 Utrimque
597 2722 712 2784 nudata
733 2723 836 2799 equite
857 2729 923 2784 erat
935 2719 1053 2782 Punica
1076 2719 1152 2790 acies,

182 2820 251 2866 cum
275 2804 373 2879 pedes
396 2806 564 2881 concurrit,
586 2823 645 2868 nec
666 2823 723 2884 spe
743 2822 802 2868 nec
820 2807 940 2868 viribus
959 2806 1020 2878 iam
1038 2821 1100 2881 par.
1121 2800 1152 2860 ad

181 2889 242 2951 hoc
263 2888 345 2949 dictu
365 2904 476 2964 parva,
502 2890 560 2950 sed
581 2907 692 2968 magna
713 2891 820 2952 eadem
842 2891 873 2951 in
894 2907 928 2952 re
949 2889 1149 2966 gerendame-

181 2979 297 3034 mentae
321 2987 494 3047 congruens
510 2975 627 3037 clamor
640 2992 659 3036 a
672 2975 819 3038 Romanis
834 2990 936 3052 coque
951 2974 1049 3034 maior
1062 2978 1091 3032 et
1102 2977 1149 3028 ter·

181 3056 305 3130 ribilior‚
319 3056 465 3118 dissonae
477 3057 544 3134 illis,
557 3068 591 3121 ut
600 3059 732 3136 gentium
746 3062 907 3120 multarum
919 3054 1151 3134 discrepantibus

182 3141 302 3216 linguis,
316 3158 429 3212 voces;
451 3159 554 3218 pugna
565 3144 704 3205 Romana
720 3142 838 3205 stabilis
853 3151 884 3206 et
898 3160 956 3204 suo
971 3149 1002 3203 et
1011 3152 1149 3202 armorum

182 3227 319 3300 pondere
334 3226 570 3288 incumbentium
581 3228 611 3288 in
623 3227 752 3301 hostem,
770 3227 963 3289 concursatio
977 3231 1007 3286 et
1016 3224 1148 3285 velocitas

182 3307 263 3368 illinc
277 3306 375 3369 maior
389 3327 481 3387 quam
494 3310 552 3369 vis.
584 3310 674 3384 igitur
688 3312 787 3386 primo
802 3313 917 3387 impetu
931 3310 1083 3386 extemplo
1095 3321 1146 3368 me

183 3403 256 3450 vere
276 3392 346 3453 loco
366 3393 500 3454 hostium
515 3393 611 3452 aciem
626 3393 765 3454 Romani.
798 3397 847 3456 ala
861 3394 973 3456 deinde
988 3400 1019 3454 et
1031 3393 1147 3454 umbone

184 3472 355 3546 pulsantes,
377 3475 408 3534 in
429 3480 598 3537 summotos
619 3476 719 3551 gradu
741 3478 840 3548 illoto,
862 3479 1051 3555 aliquantum
1071 3471 1147 3554 spatii
