2434 3902
181 217 244 281 238
362 215 477 276 LtBER
487 214 621 274 XXVIII.
645 213 727 275 GAP.
742 223 783 274 15.
807 219 843 286 [a.
858 217 890 270 υ.
903 237 927 270 0.
938 218 1000 285 sao]

182 378 380 445 coactosque,
398 367 578 444 priusquam
597 365 665 428 cibo
684 383 816 443 corpora
830 367 992 442 firmarent,
1009 370 1123 445 raptim
1140 372 1170 431 in

182 455 279 517 aciem
293 453 387 514 exire.
407 452 448 512 ad
461 450 493 513 io
511 451 620 512 sedulo
636 451 715 510 diem
731 458 906 512 extraxerat
916 451 1031 528 Scipio,
1048 463 1084 516 ut
1099 471 1170 514 scra

182 554 286 617 pugna
300 543 398 598 esset:
417 551 488 596 nam
502 534 541 596 ab
556 534 687 611 septima
702 536 824 597 demum
837 535 915 596 hora
926 536 1065 611 peditum
1079 539 1170 614 signa

182 621 328 686 cornibus
343 620 584 693 incucurrerunt,
606 618 646 679 ad
660 617 778 680 medias
792 619 877 679 acies
892 620 1049 696 aliquanto
1067 624 1169 683 serius

183 703 322 784 pervenit
342 719 460 781 pugno,
482 710 516 764 ut
529 703 615 779 prius
635 710 741 764 aestus
757 719 775 763 a
789 704 957 766 meridiano
979 707 1050 766 sole
1066 707 1169 768 iabor-

186 803 244 868 que
258 783 359 850 standi
374 788 432 848 sub
447 787 539 849 armis
554 794 585 849 et
599 787 689 848 simut
703 789 801 848 tames
816 789 946 864 sitisque
961 805 1104 865 corpora
1118 791 1169 850 ad·

182 875 323 948 haerent,
344 888 437 948 quam
456 885 566 933 manus
588 885 657 932 cum
670 871 761 933 hoste
776 869 982 934 consererent.
1018 874 1064 936 ita
1079 882 1170 936 stete

181 965 251 1020 runt
277 957 373 1018 scutis
401 955 506 1016 innixi.
542 971 612 1016 narn
637 971 732 1034 super
757 962 859 1017 cetera
885 958 1039 1032 elephanti
1069 960 1170 1030 etiarn,

182 1043 368 1122 tumultuoso
394 1055 508 1116 genere
530 1055 652 1116 pugnae
671 1040 808 1116 equitum
828 1041 1016 1117 vetitumque
1037 1050 1073 1102 et
1096 1043 1170 1102 ieris

182 1132 354 1187 armaturae
374 1125 575 1200 consternati,
596 1139 614 1185 e
629 1124 773 1186 comibus
788 1123 820 1184 in
834 1125 965 1184 mediam
978 1128 1085 1186 aciem
1101 1143 1171 1186 sese

113 1204 126 1230 ’
180 1211 353 1272 intulerant
374 1208 451 1270 fessi
465 1208 555 1284 igitur
569 1209 752 1285 corporibus
766 1209 938 1284 animisque
951 1212 1106 1271 rettulere
1120 1227 1169 1286 pe

181 1294 261 1370 dem,
276 1293 401 1354 ordines
417 1298 518 1354 tamen
533 1299 703 1367 servantes,
718 1292 804 1354 haud
817 1308 909 1354 secus
922 1295 1059 1369 quamsi
1075 1295 1168 1370 impe

181 1379 227 1442 rio
243 1378 332 1440 ducis
348 1378 493 1438 cederent
506 1376 625 1454 integra
638 1375 732 1438 acies.
757 1378 815 1438 scd
830 1393 897 1438 curn
913 1393 950 1439 eo
966 1379 1037 1454 ipso
1056 1379 1170 1454 acrias,

181 1463 232 1524 ubi
246 1461 420 1524 inclinatam
441 1477 569 1522 sensere
584 1477 664 1534 rem,
686 1459 820 1522 victores
835 1477 870 1522 se
884 1463 1023 1539 undique
1038 1463 1168 1526 invehe-

182 1554 257 1621 rent,
271 1561 329 1608 nec
343 1545 432 1606 tacite
446 1545 577 1621 impetus
593 1545 736 1608 sustineri
752 1552 868 1621 posset,
891 1563 1086 1624 quamquam
1100 1547 1169 1608 reti-

183 1631 274 1692 nebat
288 1629 520 1705 obsistebatque
534 1629 714 1691 cedentibus
729 1629 919 1715 Hasdrubal,
934 1631 973 1692 ab
989 1640 1083 1707 tergo
1098 1647 1169 1691 esse

185 1716 277 1778 colles
292 1721 450 1790 tutumque
464 1721 631 1790 receptum,
648 1715 675 1774 si
688 1714 809 1775 modice
825 1730 860 1775 se
874 1714 1050 1790 reciperent
1067 1717 1167 1776 clami-

183 1807 265 1874 tans,
290 1803 391 1860 tamen
413 1796 555 1858 uincente
574 1805 657 1859 metu
675 1798 893 1858 verecundiam
913 1815 981 1859 cum
1005 1801 1168 1876 proximus

184 1883 314 1960 quisque
333 1880 454 1945 hostem
476 1881 613 1957 cederet,
636 1889 721 1958 terga
740 1883 893 1960 extemplo
915 1884 1003 1960 data,
1025 1892 1125 1960 atque
1140 1883 1167 1942 in

181 1968 284 2043 iugum
298 1982 371 2030 sese
386 1982 493 2030 omnes
511 1965 694 2028 effuderunt.
721 1982 758 2027 ac
773 1966 872 2043 primo
888 1968 1064 2028 consistere
1080 1969 1168 2042 signa

181 2049 211 2111 in
226 2051 382 2113 radicibus
404 2051 526 2113 collium
546 2065 583 2111 ac
597 2066 747 2112 revocare
767 2051 797 2110 in
814 2051 937 2112 ordines
953 2052 1080 2112 mititem
1096 2067 1166 2112 coe

182 2142 292 2211 perant
316 2134 528 2198 cunctantibus
553 2135 584 2195 in
605 2136 771 2196 adversum
796 2135 905 2197 collem
927 2137 1049 2212 erigere
1070 2136 1166 2196 aciem

182 2219 344 2291 Romanisa
372 2219 499 2295 deinde,
519 2225 552 2279 ut
572 2219 675 2280 inferri
693 2219 821 2294 impigre
836 2218 925 2294 signa
940 2219 1101 2295 viderunt,
1124 2220 1166 2278 in-

182 2310 299 2380 tegrata
320 2305 394 2380 iuga
413 2304 443 2364 in
465 2309 567 2364 castra
588 2303 691 2379 pavidi
712 2305 943 2381 compelluntur.
979 2320 1040 2365 nec
1056 2305 1166 2380 procui

181 2389 262 2451 vatio
276 2389 435 2450 Romanus
451 2388 571 2461 aberat,
586 2385 806 2462 cepissentque
817 2395 901 2449 tanto
914 2388 1032 2464 impetu
1053 2396 1166 2464 castra,

181 2473 213 2533 ni
228 2489 263 2535 se
278 2489 319 2534 ex
333 2472 504 2534 vehementi
519 2472 600 2545 sole,
617 2473 718 2548 qualis
733 2473 811 2535 inter
824 2489 936 2548 graves
951 2474 1050 2534 imbre
1065 2476 1165 2535 nubes

181 2556 321 2633 effulget,
342 2563 425 2618 tanta
444 2557 493 2619 vis
515 2572 614 2633 aquae
629 2556 806 2632 deiecisset,
827 2563 861 2618 ut
875 2559 927 2618 vix
941 2558 971 2618 in
988 2567 1093 2620 castra
1110 2576 1166 2619 sua

181 2640 355 2718 receperint
374 2656 410 2701 se
423 2640 572 2716 victoreS,
595 2640 747 2716 quosdam
761 2641 851 2702 etiam
863 2643 970 2718 religio
986 2641 1108 2718 ceperit
1122 2643 1166 2703 ul-

83 2775 84 2780 ,
182 2725 275 2786 terius
290 2724 454 2800 quiequam
467 2739 504 2786 eo
523 2724 573 2786 die
587 2724 729 2786 conandi.
765 2724 1043 2804 carthaginienses,
1059 2743 1165 2804 quam-

182 2824 274 2884 quam
294 2808 398 2869 fessos
418 2807 524 2869 labore
545 2824 582 2869 ac
602 2807 781 2870 vulneribus
802 2826 866 2871 nox
880 2810 1041 2888 imberque
1056 2812 1097 2872 ad
1113 2827 1164 2871 ne

182 2891 347 2953 cessariam
364 2887 494 2969 quietern
509 2892 649 2969 vocabat,
664 2901 775 2969 tamen,
798 2895 870 2971 quia
883 2901 982 2956 metus
998 2902 1029 2957 et
1043 2896 1164 2972 pericu-

183 2979 243 3037 tum
257 2977 402 3038 cessandi
417 2993 478 3041 non
494 2977 587 3039 dabat
599 2983 730 3054 tempus,
746 2979 844 3056 prima
857 2979 926 3039 luce
938 2981 1162 3056 oppugnaturis

181 3060 321 3124 hostibus
343 3067 457 3138 castra,
480 3061 563 3122 saxis
578 3062 715 3140 undique
730 3065 812 3124 eirca
825 3079 864 3123 ex
878 3064 1062 3140 propinquis
1078 3064 1162 3124 valii-

181 3146 239 3207 bus
255 3145 411 3220 congestis
426 3151 538 3221 augent
552 3147 674 3223 vaihrm¹
689 3146 872 3209 munimento
888 3163 969 3223 sese,
992 3147 1118 3224 quando
1133 3147 1161 3206 in

184 3229 276 3289 aruris
292 3245 400 3305 parum
415 3227 562 3304 praesidii
576 3230 663 3304 toret,
683 3231 848 3291 defensuri.
884 3233 942 3294 sed
957 3232 1095 3293 transitio
1112 3246 1160 3292 so-

183 3311 314 3389 ciorum,
330 3314 403 3388 huga
416 3319 450 3373 ut
466 3312 557 3375 tutior
571 3329 657 3375 mora
672 3314 839 3386 videretur,
862 3317 943 3376 tecit.
980 3314 1159 3392 principium

184 3393 364 3458 deiectionis
386 3397 425 3457 ab
445 3396 557 3456 Attene
581 3398 688 3472 regulo
709 3399 950 3460 hurdctanorum
972 3401 1159 3471 factumest,

184 3477 301 3538 iseum
325 3495 437 3554 magna
463 3479 655 3556 popularium
681 3497 772 3542 manu
796 3484 972 3560 transfugit;
1006 3483 1078 3544 inde
1098 3483 1158 3542 duo
