<?xml version="1.0" encoding="UTF-8"?>
<!DOCTYPE html PUBLIC "-//W3C//DTD XHTML 1.0 Transitional//EN"
    "http://www.w3.org/TR/xhtml1/DTD/xhtml1-transitional.dtd">
<html xmlns="http://www.w3.org/1999/xhtml" xml:lang="en" lang="en">
 <head>
  <title>
</title>
<meta http-equiv="Content-Type" content="text/html;charset=utf-8" />
  <meta name='ocr-system' content='tesseract 3.04.00' />
  <meta name='ocr-capabilities' content='ocr_page ocr_carea ocr_par ocr_line ocrx_word'/>
</head>
<body>
  <div class='ocr_page' id='page_1' title='image "./titiliviaburbec09livygoog_0269.png"; bbox 0 0 2434 3902; ppageno 0'>
   <div class='ocr_carea' id='block_1_1' title="bbox 169 221 1016 301">
    <p class='ocr_par' dir='ltr' id='par_1_1' title="bbox 169 221 1016 301">
     <span class='ocr_line' id='line_1_1' title="bbox 169 221 1016 301; baseline -0.001 -15"><span class='ocrx_word' id='word_1_1' title='bbox 169 221 233 286; x_wconf 77' lang='grc' dir='ltr'>ιιι</span> <span class='ocrx_word' id='word_1_2' title='bbox 310 221 572 282; x_wconf 79' lang='grc' dir='ltr'>ιιιιιιιιιιιιιιι.</span> <span class='ocrx_word' id='word_1_3' title='bbox 595 221 678 281; x_wconf 80' lang='lat' dir='ltr'>car.</span> <span class='ocrx_word' id='word_1_4' title='bbox 693 231 737 284; x_wconf 82' lang='lat' dir='ltr'>m.</span> <span class='ocrx_word' id='word_1_5' title='bbox 752 230 795 283; x_wconf 82' lang='lat' dir='ltr'>n.</span> <span class='ocrx_word' id='word_1_6' title='bbox 821 222 1016 301; x_wconf 64' lang='grc' dir='ltr'>[ιιιιιιιιι</span> 
     </span>
    </p>
   </div>
   <div class='ocr_carea' id='block_1_2' title="bbox 163 373 1190 3010">
    <p class='ocr_par' dir='ltr' id='par_1_2' title="bbox 163 373 1151 1783">
     <span class='ocr_line' id='line_1_2' title="bbox 172 373 1133 450; baseline -0.002 -14"><span class='ocrx_word' id='word_1_7' title='bbox 172 377 233 436; x_wconf 82' lang='lat' dir='ltr'>alta</span> <span class='ocrx_word' id='word_1_8' title='bbox 245 374 412 450; x_wconf 86' lang='lat' dir='ltr'>tegebatur,</span> <span class='ocrx_word' id='word_1_9' title='bbox 429 389 529 450; x_wconf 91' lang='lat' dir='ltr'>neque</span> <span class='ocrx_word' id='word_1_10' title='bbox 545 387 639 449; x_wconf 89' lang='lat' dir='ltr'>opere</span> <span class='ocrx_word' id='word_1_11' title='bbox 653 374 714 434; x_wconf 91' lang='lat' dir='ltr'>ullo</span> <span class='ocrx_word' id='word_1_12' title='bbox 727 373 871 433; x_wconf 89' lang='lat' dir='ltr'>munitam</span> <span class='ocrx_word' id='word_1_13' title='bbox 886 378 916 434; x_wconf 90' lang='lat' dir='ltr'>et</span> <span class='ocrx_word' id='word_1_14' title='bbox 930 373 969 432; x_wconf 89' lang='lat' dir='ltr'>ab</span> <span class='ocrx_word' id='word_1_15' title='bbox 985 373 1133 434; x_wconf 78' lang='lat' dir='ltr'>defensori</span> 
     </span>
     <span class='ocr_line' id='line_1_3' title="bbox 170 456 1145 533; baseline -0.003 -13"><span class='ocrx_word' id='word_1_16' title='bbox 170 461 230 520; x_wconf 90' lang='lat' dir='ltr'>bus</span> <span class='ocrx_word' id='word_1_17' title='bbox 245 475 384 519; x_wconf 88' lang='lat' dir='ltr'>vacuam.</span> <span class='ocrx_word' id='word_1_18' title='bbox 418 459 530 518; x_wconf 85' lang='lat' dir='ltr'>levium</span> <span class='ocrx_word' id='word_1_19' title='bbox 548 473 711 533; x_wconf 89' lang='lat' dir='ltr'>corpomm</span> <span class='ocrx_word' id='word_1_20' title='bbox 725 456 867 518; x_wconf 89' lang='lat' dir='ltr'>homines</span> <span class='ocrx_word' id='word_1_21' title='bbox 882 463 914 517; x_wconf 85' lang='lat' dir='ltr'>cl</span> <span class='ocrx_word' id='word_1_22' title='bbox 929 459 1025 519; x_wconf 87' lang='lat' dir='ltr'>multa</span> <span class='ocrx_word' id='word_1_23' title='bbox 1039 461 1145 518; x_wconf 88' lang='lat' dir='ltr'>exerci-</span> 
     </span>
     <span class='ocr_line' id='line_1_4' title="bbox 163 539 1147 620; baseline -0.002 -15"><span class='ocrx_word' id='word_1_24' title='bbox 163 539 287 605; x_wconf 86' lang='lat' dir='ltr'>&#39;tatione</span> <span class='ocrx_word' id='word_1_25' title='bbox 298 541 467 620; x_wconf 71' lang='lat' dir='ltr'>pernicium</span> <span class='ocrx_word' id='word_1_26' title='bbox 479 543 585 602; x_wconf 89' lang='lat' dir='ltr'>clavos</span> <span class='ocrx_word' id='word_1_27' title='bbox 597 556 703 602; x_wconf 88' lang='lat' dir='ltr'>secum</span> <span class='ocrx_word' id='word_1_28' title='bbox 715 543 832 603; x_wconf 78' lang='lat' dir='ltr'>ferreos</span> <span class='ocrx_word' id='word_1_29' title='bbox 847 549 1016 618; x_wconf 85' lang='lat' dir='ltr'>portantes,</span> <span class='ocrx_word' id='word_1_30' title='bbox 1030 559 1090 618; x_wconf 89' lang='lat' dir='ltr'>qua</span> <span class='ocrx_word' id='word_1_31' title='bbox 1101 561 1147 620; x_wconf 87' lang='lat' dir='ltr'>per</span> 
     </span>
     <span class='ocr_line' id='line_1_5' title="bbox 172 626 1148 704; baseline -0.001 -16"><span class='ocrx_word' id='word_1_32' title='bbox 172 627 372 704; x_wconf 80' lang='lat' dir='ltr'>inaequaliter</span> <span class='ocrx_word' id='word_1_33' title='bbox 392 626 554 686; x_wconf 79' lang='lat' dir='ltr'>eminentia</span> <span class='ocrx_word' id='word_1_34' title='bbox 574 627 658 702; x_wconf 89' lang='lat' dir='ltr'>rupis</span> <span class='ocrx_word' id='word_1_35' title='bbox 680 631 837 701; x_wconf 84' lang='lat' dir='ltr'>poterant,</span> <span class='ocrx_word' id='word_1_36' title='bbox 860 626 1023 687; x_wconf 88' lang='lat' dir='ltr'>scandunt.</span> <span class='ocrx_word' id='word_1_37' title='bbox 1061 627 1148 688; x_wconf 80' lang='lat' dir='ltr'>sicubi</span> 
     </span>
     <span class='ocr_line' id='line_1_6' title="bbox 173 710 1147 787; baseline 0 -15"><span class='ocrx_word' id='word_1_38' title='bbox 173 713 262 773; x_wconf 92' lang='lat' dir='ltr'>nimis</span> <span class='ocrx_word' id='word_1_39' title='bbox 278 710 406 770; x_wconf 88' lang='lat' dir='ltr'>arduum</span> <span class='ocrx_word' id='word_1_40' title='bbox 421 718 452 771; x_wconf 91' lang='lat' dir='ltr'>et</span> <span class='ocrx_word' id='word_1_41' title='bbox 466 711 534 770; x_wconf 88' lang='lat' dir='ltr'>leve</span> <span class='ocrx_word' id='word_1_42' title='bbox 551 727 659 772; x_wconf 89' lang='lat' dir='ltr'>saxum</span> <span class='ocrx_word' id='word_1_43' title='bbox 681 710 876 785; x_wconf 88' lang='lat' dir='ltr'>occurrebat,</span> <span class='ocrx_word' id='word_1_44' title='bbox 900 711 1008 771; x_wconf 87' lang='lat' dir='ltr'>clavos</span> <span class='ocrx_word' id='word_1_45' title='bbox 1023 727 1082 787; x_wconf 88' lang='lat' dir='ltr'>per</span> <span class='ocrx_word' id='word_1_46' title='bbox 1094 727 1147 772; x_wconf 89' lang='lat' dir='ltr'>mo·</span> 
     </span>
     <span class='ocr_line' id='line_1_7' title="bbox 176 794 1147 871; baseline -0.002 -15"><span class='ocrx_word' id='word_1_47' title='bbox 176 796 245 857; x_wconf 91' lang='lat' dir='ltr'>dica</span> <span class='ocrx_word' id='word_1_48' title='bbox 259 794 418 855; x_wconf 90' lang='lat' dir='ltr'>intervalla</span> <span class='ocrx_word' id='word_1_49' title='bbox 432 794 562 870; x_wconf 84' lang='lat' dir='ltr'>figentes</span> <span class='ocrx_word' id='word_1_50' title='bbox 577 809 647 855; x_wconf 88' lang='lat' dir='ltr'>cum</span> <span class='ocrx_word' id='word_1_51' title='bbox 660 794 746 856; x_wconf 87' lang='lat' dir='ltr'>velut</span> <span class='ocrx_word' id='word_1_52' title='bbox 759 795 873 870; x_wconf 88' lang='lat' dir='ltr'>gradus</span> <span class='ocrx_word' id='word_1_53' title='bbox 888 795 1048 870; x_wconf 74' lang='lat' dir='ltr'>iecissent,</span> <span class='ocrx_word' id='word_1_54' title='bbox 1071 796 1147 871; x_wconf 84' lang='lat' dir='ltr'>primi</span> 
     </span>
     <span class='ocr_line' id='line_1_8' title="bbox 174 879 1149 956; baseline 0 -16"><span class='ocrx_word' id='word_1_55' title='bbox 174 885 340 955; x_wconf 83' lang='lat' dir='ltr'>sequentes</span> <span class='ocrx_word' id='word_1_56' title='bbox 362 879 555 940; x_wconf 74' lang='lat' dir='ltr'>extrahentes</span> <span class='ocrx_word' id='word_1_57' title='bbox 576 894 684 954; x_wconf 88' lang='lat' dir='ltr'>manu,</span> <span class='ocrx_word' id='word_1_58' title='bbox 712 880 860 956; x_wconf 83' lang='lat' dir='ltr'>postremi</span> <span class='ocrx_word' id='word_1_59' title='bbox 881 879 1083 941; x_wconf 90' lang='lat' dir='ltr'>sublevantes</span> <span class='ocrx_word' id='word_1_60' title='bbox 1103 896 1149 940; x_wconf 89' lang='lat' dir='ltr'>cos</span> 
     </span>
     <span class='ocr_line' id='line_1_9' title="bbox 176 963 1150 1040; baseline -0.003 -15"><span class='ocrx_word' id='word_1_61' title='bbox 176 965 228 1040; x_wconf 91' lang='lat' dir='ltr'>qui</span> <span class='ocrx_word' id='word_1_62' title='bbox 248 964 409 1040; x_wconf 74' lang='lat' dir='ltr'>praeirem</span> <span class='ocrx_word' id='word_1_63' title='bbox 429 963 460 1024; x_wconf 92' lang='lat' dir='ltr'>in</span> <span class='ocrx_word' id='word_1_64' title='bbox 481 979 631 1024; x_wconf 88' lang='lat' dir='ltr'>summum</span> <span class='ocrx_word' id='word_1_65' title='bbox 652 964 801 1026; x_wconf 81' lang='lat' dir='ltr'>evadunt=</span> <span class='ocrx_word' id='word_1_66' title='bbox 822 964 895 1024; x_wconf 91' lang='lat' dir='ltr'>inde</span> <span class='ocrx_word' id='word_1_67' title='bbox 909 963 1079 1025; x_wconf 87' lang='lat' dir='ltr'>decurrunt</span> <span class='ocrx_word' id='word_1_68' title='bbox 1093 980 1150 1023; x_wconf 87' lang='lat' dir='ltr'>cun</span> 
     </span>
     <span class='ocr_line' id='line_1_10' title="bbox 175 1046 1149 1124; baseline -0.003 -15"><span class='ocrx_word' id='word_1_69' title='bbox 175 1051 308 1110; x_wconf 88' lang='lat' dir='ltr'>clamore</span> <span class='ocrx_word' id='word_1_70' title='bbox 322 1048 352 1107; x_wconf 95' lang='lat' dir='ltr'>in</span> <span class='ocrx_word' id='word_1_71' title='bbox 366 1046 473 1107; x_wconf 89' lang='lat' dir='ltr'>urbem</span> <span class='ocrx_word' id='word_1_72' title='bbox 487 1048 546 1108; x_wconf 92' lang='lat' dir='ltr'>iam</span> <span class='ocrx_word' id='word_1_73' title='bbox 562 1053 681 1124; x_wconf 88' lang='lat' dir='ltr'>captam</span> <span class='ocrx_word' id='word_1_74' title='bbox 697 1047 735 1107; x_wconf 91' lang='lat' dir='ltr'>ab</span> <span class='ocrx_word' id='word_1_75' title='bbox 746 1047 902 1108; x_wconf 87' lang='lat' dir='ltr'>Romanis.</span> <span class='ocrx_word' id='word_1_76' title='bbox 934 1055 999 1108; x_wconf 91' lang='lat' dir='ltr'>tum</span> <span class='ocrx_word' id='word_1_77' title='bbox 1015 1065 1091 1108; x_wconf 83' lang='lat' dir='ltr'>vcro</span> <span class='ocrx_word' id='word_1_78' title='bbox 1106 1065 1149 1122; x_wconf 89' lang='lat' dir='ltr'>ap-</span> 
     </span>
     <span class='ocr_line' id='line_1_11' title="bbox 175 1131 1149 1211; baseline -0.003 -18"><span class='ocrx_word' id='word_1_79' title='bbox 175 1133 276 1211; x_wconf 91' lang='lat' dir='ltr'>paruit</span> <span class='ocrx_word' id='word_1_80' title='bbox 291 1133 330 1193; x_wconf 89' lang='lat' dir='ltr'>ab</span> <span class='ocrx_word' id='word_1_81' title='bbox 344 1133 391 1192; x_wconf 89' lang='lat' dir='ltr'>ira</span> <span class='ocrx_word' id='word_1_82' title='bbox 407 1139 437 1192; x_wconf 87' lang='lat' dir='ltr'>et</span> <span class='ocrx_word' id='word_1_83' title='bbox 450 1131 492 1192; x_wconf 88' lang='lat' dir='ltr'>ab</span> <span class='ocrx_word' id='word_1_84' title='bbox 506 1133 577 1192; x_wconf 91' lang='lat' dir='ltr'>odio</span> <span class='ocrx_word' id='word_1_85' title='bbox 599 1131 706 1192; x_wconf 88' lang='lat' dir='ltr'>urbem</span> <span class='ocrx_word' id='word_1_86' title='bbox 728 1139 935 1209; x_wconf 88' lang='lat' dir='ltr'>oppugnatam</span> <span class='ocrx_word' id='word_1_87' title='bbox 949 1147 1034 1194; x_wconf 88' lang='lat' dir='ltr'>esse.</span> <span class='ocrx_word' id='word_1_88' title='bbox 1071 1147 1149 1192; x_wconf 88' lang='lat' dir='ltr'>nemo</span> 
     </span>
     <span class='ocr_line' id='line_1_12' title="bbox 176 1215 1150 1295; baseline -0.005 -17"><span class='ocrx_word' id='word_1_89' title='bbox 176 1217 318 1294; x_wconf 88' lang='lat' dir='ltr'>capiendi</span> <span class='ocrx_word' id='word_1_90' title='bbox 332 1216 432 1289; x_wconf 89' lang='lat' dir='ltr'>vivos,</span> <span class='ocrx_word' id='word_1_91' title='bbox 455 1215 729 1295; x_wconf 83' lang='lat' dir='ltr'>ncmo&#39;patentibus</span> <span class='ocrx_word' id='word_1_92' title='bbox 745 1217 787 1277; x_wconf 90' lang='lat' dir='ltr'>ad</span> <span class='ocrx_word' id='word_1_93' title='bbox 801 1216 1006 1292; x_wconf 84' lang='lat' dir='ltr'>direptionem</span> <span class='ocrx_word' id='word_1_94' title='bbox 1020 1215 1150 1277; x_wconf 89' lang='lat' dir='ltr'>omnibus</span> 
     </span>
     <span class='ocr_line' id='line_1_13' title="bbox 176 1300 1149 1380; baseline -0.004 -17"><span class='ocrx_word' id='word_1_95' title='bbox 176 1303 311 1380; x_wconf 77' lang='lat' dir='ltr'>praedae</span> <span class='ocrx_word' id='word_1_96' title='bbox 325 1312 442 1360; x_wconf 89' lang='lat' dir='ltr'>memor</span> <span class='ocrx_word' id='word_1_97' title='bbox 456 1309 519 1362; x_wconf 81' lang='lat' dir='ltr'>est=</span> <span class='ocrx_word' id='word_1_98' title='bbox 540 1300 693 1362; x_wconf 89' lang='lat' dir='ltr'>trucidant</span> <span class='ocrx_word' id='word_1_99' title='bbox 706 1300 837 1361; x_wconf 89' lang='lat' dir='ltr'>inermes</span> <span class='ocrx_word' id='word_1_100' title='bbox 849 1301 938 1361; x_wconf 73' lang='lat' dir='ltr'>&#39;iuxta</span> <span class='ocrx_word' id='word_1_101' title='bbox 952 1308 1050 1376; x_wconf 88' lang='lat' dir='ltr'>atque</span> <span class='ocrx_word' id='word_1_102' title='bbox 1064 1317 1149 1360; x_wconf 88' lang='lat' dir='ltr'>arma-</span> 
     </span>
     <span class='ocr_line' id='line_1_14' title="bbox 176 1383 1150 1462; baseline -0.006 -14"><span class='ocrx_word' id='word_1_103' title='bbox 176 1396 234 1462; x_wconf 84' lang='lat' dir='ltr'>tos,</span> <span class='ocrx_word' id='word_1_104' title='bbox 250 1385 508 1461; x_wconf 81' lang='lat' dir='ltr'>leminas²pariter</span> <span class='ocrx_word' id='word_1_105' title='bbox 522 1401 559 1444; x_wconf 90' lang='lat' dir='ltr'>ac</span> <span class='ocrx_word' id='word_1_106' title='bbox 572 1385 673 1454; x_wconf 86' lang='lat' dir='ltr'>viros;</span> <span class='ocrx_word' id='word_1_107' title='bbox 688 1401 789 1460; x_wconf 89' lang='lat' dir='ltr'>usque</span> <span class='ocrx_word' id='word_1_108' title='bbox 803 1385 844 1446; x_wconf 91' lang='lat' dir='ltr'>ad</span> <span class='ocrx_word' id='word_1_109' title='bbox 858 1383 1150 1446; x_wconf 75' lang='lat' dir='ltr'>infantium-caedem</span> 
     </span>
     <span class='ocr_line' id='line_1_15' title="bbox 176 1467 1151 1546; baseline -0.005 -15"><span class='ocrx_word' id='word_1_110' title='bbox 176 1473 222 1532; x_wconf 89' lang='lat' dir='ltr'>ira</span> <span class='ocrx_word' id='word_1_111' title='bbox 236 1470 532 1546; x_wconf 80' lang='lat' dir='ltr'>crudelis&#39;pervenit.</span> <span class='ocrx_word' id='word_1_112' title='bbox 565 1470 666 1545; x_wconf 86' lang='lat' dir='ltr'>ignem</span> <span class='ocrx_word' id='word_1_113' title='bbox 681 1469 793 1530; x_wconf 89' lang='lat' dir='ltr'>deinde</span> <span class='ocrx_word' id='word_1_114' title='bbox 807 1468 1102 1545; x_wconf 62' lang='lat' dir='ltr'>lacrimarumque</span> <span class='ocrx_word' id='word_1_115' title='bbox 1115 1467 1151 1526; x_wconf 89' lang='lat' dir='ltr'>di·</span> 
     </span>
     <span class='ocr_line' id='line_1_16' title="bbox 176 1552 1150 1630; baseline -0.002 -16"><span class='ocrx_word' id='word_1_116' title='bbox 176 1562 266 1614; x_wconf 89' lang='lat' dir='ltr'>munt</span> <span class='ocrx_word' id='word_1_117' title='bbox 278 1569 357 1628; x_wconf 93' lang='lat' dir='ltr'>quae</span> <span class='ocrx_word' id='word_1_118' title='bbox 372 1554 513 1615; x_wconf 90' lang='lat' dir='ltr'>incendio</span> <span class='ocrx_word' id='word_1_119' title='bbox 530 1553 649 1614; x_wconf 87' lang='lat' dir='ltr'>absumi</span> <span class='ocrx_word' id='word_1_120' title='bbox 662 1559 834 1629; x_wconf 68' lang='lat' dir='ltr'>nequeunti</span> <span class='ocrx_word' id='word_1_121' title='bbox 850 1552 1150 1630; x_wconf 81' lang='lat' dir='ltr'>adeovesugluquo·</span> 
     </span>
     <span class='ocr_line' id='line_1_17' title="bbox 179 1635 1151 1718; baseline -0.003 -21"><span class='ocrx_word' id='word_1_122' title='bbox 179 1653 238 1714; x_wconf 86' lang='lat' dir='ltr'>que</span> <span class='ocrx_word' id='word_1_123' title='bbox 252 1637 337 1698; x_wconf 85' lang='lat' dir='ltr'>urbis</span> <span class='ocrx_word' id='word_1_124' title='bbox 349 1637 547 1714; x_wconf 83' lang='lat' dir='ltr'>exstinguere</span> <span class='ocrx_word' id='word_1_125' title='bbox 563 1654 599 1698; x_wconf 89' lang='lat' dir='ltr'>ac</span> <span class='ocrx_word' id='word_1_126' title='bbox 615 1638 720 1698; x_wconf 90' lang='lat' dir='ltr'>delere</span> <span class='ocrx_word' id='word_1_127' title='bbox 733 1637 1064 1718; x_wconf 76' lang='lat' dir='ltr'>memoriarr&#39;rlmatium</span> <span class='ocrx_word' id='word_1_128' title='bbox 1078 1635 1151 1697; x_wconf 81' lang='lat' dir='ltr'>sedis</span> 
     </span>
     <span class='ocr_line' id='line_1_18' title="bbox 178 1722 336 1783; baseline -0.032 0"><span class='ocrx_word' id='word_1_129' title='bbox 178 1722 264 1783; x_wconf 91' lang='lat' dir='ltr'>cordi</span> <span class='ocrx_word' id='word_1_130' title='bbox 280 1728 336 1781; x_wconf 74' lang='lat' dir='ltr'>cst,</span> 
     </span>
    </p>

    <p class='ocr_par' dir='ltr' id='par_1_3' title="bbox 178 1805 1190 2880">
     <span class='ocr_line' id='line_1_19' title="bbox 264 1805 1150 1884; baseline -0.003 -19"><span class='ocrx_word' id='word_1_131' title='bbox 264 1805 457 1867; x_wconf 83' lang='lat' dir='ltr'>Castulonem</span> <span class='ocrx_word' id='word_1_132' title='bbox 478 1807 551 1867; x_wconf 91' lang='lat' dir='ltr'>inde</span> <span class='ocrx_word' id='word_1_133' title='bbox 572 1806 677 1883; x_wconf 88' lang='lat' dir='ltr'>Scipio</span> <span class='ocrx_word' id='word_1_134' title='bbox 699 1807 866 1867; x_wconf 87' lang='lat' dir='ltr'>exercitum</span> <span class='ocrx_word' id='word_1_135' title='bbox 881 1807 979 1883; x_wconf 56' lang='lat' dir='ltr'>ducib</span> <span class='ocrx_word' id='word_1_136' title='bbox 1000 1822 1095 1884; x_wconf 87' lang='lat' dir='ltr'>quarn</span> <span class='ocrx_word' id='word_1_137' title='bbox 1112 1821 1150 1863; x_wconf 88' lang='lat' dir='ltr'>ur·</span> 
     </span>
     <span class='ocr_line' id='line_1_20' title="bbox 179 1889 1148 1966; baseline -0.004 -16"><span class='ocrx_word' id='word_1_138' title='bbox 179 1891 250 1950; x_wconf 88' lang='lat' dir='ltr'>bem</span> <span class='ocrx_word' id='word_1_139' title='bbox 264 1890 477 1966; x_wconf 80' lang='lat' dir='ltr'>nonfflspam</span> <span class='ocrx_word' id='word_1_140' title='bbox 496 1891 590 1952; x_wconf 89' lang='lat' dir='ltr'>modo</span> <span class='ocrx_word' id='word_1_141' title='bbox 613 1904 786 1962; x_wconf 83' lang='lat' dir='ltr'>convenae,</span> <span class='ocrx_word' id='word_1_142' title='bbox 811 1891 868 1950; x_wconf 89' lang='lat' dir='ltr'>scd</span> <span class='ocrx_word' id='word_1_143' title='bbox 882 1889 988 1952; x_wconf 87' lang='lat' dir='ltr'>Purilci</span> <span class='ocrx_word' id='word_1_144' title='bbox 1002 1891 1094 1952; x_wconf 87' lang='lat' dir='ltr'>ctiam</span> <span class='ocrx_word' id='word_1_145' title='bbox 1107 1903 1148 1948; x_wconf 88' lang='lat' dir='ltr'>cx·</span> 
     </span>
     <span class='ocr_line' id='line_1_21' title="bbox 179 1971 1150 2051; baseline -0.006 -16"><span class='ocrx_word' id='word_1_146' title='bbox 179 1973 290 2036; x_wconf 84' lang='lat' dir='ltr'>arcitus</span> <span class='ocrx_word' id='word_1_147' title='bbox 304 1989 345 2034; x_wconf 85' lang='lat' dir='ltr'>ex</span> <span class='ocrx_word' id='word_1_148' title='bbox 357 1975 508 2051; x_wconf 87' lang='lat' dir='ltr'>dissipata</span> <span class='ocrx_word' id='word_1_149' title='bbox 518 1976 635 2050; x_wconf 91' lang='lat' dir='ltr'>passim</span> <span class='ocrx_word' id='word_1_150' title='bbox 650 1977 721 2050; x_wconf 86' lang='lat' dir='ltr'>luga</span> <span class='ocrx_word' id='word_1_151' title='bbox 734 1974 884 2050; x_wconf 80' lang='lat' dir='ltr'>reliquiae</span> <span class='ocrx_word' id='word_1_152' title='bbox 894 1975 1084 2045; x_wconf 74' lang='lat' dir='ltr'>tutabantur.</span> <span class='ocrx_word' id='word_1_153' title='bbox 1105 1971 1150 2032; x_wconf 90' lang='lat' dir='ltr'>sed</span> 
     </span>
     <span class='ocr_line' id='line_1_22' title="bbox 179 2058 1190 2135; baseline -0.004 -16"><span class='ocrx_word' id='word_1_154' title='bbox 179 2059 342 2120; x_wconf 89' lang='lat' dir='ltr'>adventum</span> <span class='ocrx_word' id='word_1_155' title='bbox 357 2058 511 2135; x_wconf 80' lang='lat' dir='ltr'>Scipionis</span> <span class='ocrx_word' id='word_1_156' title='bbox 531 2065 734 2135; x_wconf 87' lang='lat' dir='ltr'>praevenerat</span> <span class='ocrx_word' id='word_1_157' title='bbox 745 2059 828 2119; x_wconf 84' lang='lat' dir='ltr'>lama</span> <span class='ocrx_word' id='word_1_158' title='bbox 842 2059 946 2120; x_wconf 82' lang='lat' dir='ltr'>¹cladis</span> <span class='ocrx_word' id='word_1_159' title='bbox 960 2058 1150 2135; x_wconf 85' lang='lat' dir='ltr'>Iliturgitano-</span> <span class='ocrx_word' id='word_1_160' title='bbox 1189 2069 1190 2106; x_wconf 63' lang='grc' dir='ltr'>ι</span> 
     </span>
     <span class='ocr_line' id='line_1_23' title="bbox 178 2140 1149 2220; baseline -0.005 -18"><span class='ocrx_word' id='word_1_161' title='bbox 178 2159 260 2219; x_wconf 87' lang='lat' dir='ltr'>rum,</span> <span class='ocrx_word' id='word_1_162' title='bbox 283 2150 443 2217; x_wconf 86' lang='lat' dir='ltr'>terrorque</span> <span class='ocrx_word' id='word_1_163' title='bbox 458 2144 569 2204; x_wconf 90' lang='lat' dir='ltr'>delude</span> <span class='ocrx_word' id='word_1_164' title='bbox 584 2159 621 2204; x_wconf 87' lang='lat' dir='ltr'>ae</span> <span class='ocrx_word' id='word_1_165' title='bbox 636 2143 1014 2220; x_wconf 67' lang='lat' dir='ltr'>desperatio·inuaserant¹</span> <span class='ocrx_word' id='word_1_166' title='bbox 1026 2142 1100 2204; x_wconf 76' lang='lat' dir='ltr'>et‘iu</span> <span class='ocrx_word' id='word_1_167' title='bbox 1114 2140 1149 2199; x_wconf 90' lang='lat' dir='ltr'>di·</span> 
     </span>
     <span class='ocr_line' id='line_1_24' title="bbox 179 2225 1190 2303; baseline -0.004 -18"><span class='ocrx_word' id='word_1_168' title='bbox 179 2229 279 2289; x_wconf 88' lang='lat' dir='ltr'>versis</span> <span class='ocrx_word' id='word_1_169' title='bbox 303 2229 405 2288; x_wconf 77' lang='lat' dir='ltr'>causis</span> <span class='ocrx_word' id='word_1_170' title='bbox 427 2235 495 2286; x_wconf 88' lang='lat' dir='ltr'>cum</span> <span class='ocrx_word' id='word_1_171' title='bbox 517 2227 575 2288; x_wconf 90' lang='lat' dir='ltr'>sibi</span> <span class='ocrx_word' id='word_1_172' title='bbox 597 2227 729 2303; x_wconf 83' lang='lat' dir='ltr'>quisque</span> <span class='ocrx_word' id='word_1_173' title='bbox 752 2228 931 2289; x_wconf 71' lang='lat' dir='ltr'>concubam</span> <span class='ocrx_word' id='word_1_174' title='bbox 949 2227 1017 2290; x_wconf 87' lang='lat' dir='ltr'>sine</span> <span class='ocrx_word' id='word_1_175' title='bbox 1038 2225 1150 2288; x_wconf 87' lang='lat' dir='ltr'>alterius</span> <span class='ocrx_word' id='word_1_176' title='bbox 1189 2235 1190 2270; x_wconf 81' lang='grc' dir='ltr'>ι</span> 
     </span>
     <span class='ocr_line' id='line_1_25' title="bbox 180 2309 1148 2389; baseline -0.004 -18"><span class='ocrx_word' id='word_1_177' title='bbox 180 2321 325 2389; x_wconf 82' lang='lat' dir='ltr'>respectu</span> <span class='ocrx_word' id='word_1_178' title='bbox 339 2312 438 2387; x_wconf 84' lang='lat' dir='ltr'>vellet,</span> <span class='ocrx_word' id='word_1_179' title='bbox 448 2324 451 2348; x_wconf 60' lang='grc' dir='ltr'>ι</span> <span class='ocrx_word' id='word_1_180' title='bbox 460 2311 559 2389; x_wconf 84' lang='lat' dir='ltr'>primu</span> <span class='ocrx_word' id='word_1_181' title='bbox 573 2312 666 2373; x_wconf 86' lang='lat' dir='ltr'>tacita</span> <span class='ocrx_word' id='word_1_182' title='bbox 680 2312 828 2388; x_wconf 85' lang='lat' dir='ltr'>suspicio,</span> <span class='ocrx_word' id='word_1_183' title='bbox 851 2312 964 2374; x_wconf 86' lang='lat' dir='ltr'>deinde</span> <span class='ocrx_word' id='word_1_184' title='bbox 979 2318 1085 2388; x_wconf 89' lang='lat' dir='ltr'>aperta</span> <span class='ocrx_word' id='word_1_185' title='bbox 1098 2309 1148 2369; x_wconf 92' lang='lat' dir='ltr'>dis·</span> 
     </span>
     <span class='ocr_line' id='line_1_26' title="bbox 182 2395 1149 2474; baseline -0.005 -18"><span class='ocrx_word' id='word_1_186' title='bbox 182 2397 288 2457; x_wconf 90' lang='lat' dir='ltr'>cordia</span> <span class='ocrx_word' id='word_1_187' title='bbox 304 2395 606 2457; x_wconf 85' lang='lat' dir='ltr'>secessioncm&#39;lnler</span> <span class='ocrx_word' id='word_1_188' title='bbox 619 2395 885 2472; x_wconf 84' lang='lat' dir='ltr'>Carthaginienses</span> <span class='ocrx_word' id='word_1_189' title='bbox 901 2401 996 2474; x_wconf 81' lang='lat' dir='ltr'>atquc</span> <span class='ocrx_word' id='word_1_190' title='bbox 1005 2396 1149 2471; x_wconf 71' lang='lat' dir='ltr'>ilicitanus</span> 
     </span>
     <span class='ocr_line' id='line_1_27' title="bbox 181 2477 1148 2557; baseline -0.007 -17"><span class='ocrx_word' id='word_1_191' title='bbox 181 2481 262 2540; x_wconf 85' lang='lat' dir='ltr'>lecit.</span> <span class='ocrx_word' id='word_1_192' title='bbox 284 2481 332 2541; x_wconf 90' lang='lat' dir='ltr'>his</span> <span class='ocrx_word' id='word_1_193' title='bbox 345 2480 532 2542; x_wconf 83' lang='lat' dir='ltr'>Cerdubelus</span> <span class='ocrx_word' id='word_1_194' title='bbox 543 2483 708 2557; x_wconf 86' lang='lat' dir='ltr'>propalam</span> <span class='ocrx_word' id='word_1_195' title='bbox 717 2481 883 2543; x_wconf 88' lang='lat' dir='ltr'>deditionis</span> <span class='ocrx_word' id='word_1_196' title='bbox 898 2481 1021 2542; x_wconf 80' lang='lat' dir='ltr'>au‘c‘tdr·</span> <span class='ocrx_word' id='word_1_197' title='bbox 1009 2477 1148 2540; x_wconf 88' lang='lat' dir='ltr'>·Himllco</span> 
     </span>
     <span class='ocr_line' id='line_1_28' title="bbox 180 2560 1190 2650; baseline -0.005 -26"><span class='ocrx_word' id='word_1_198' title='bbox 180 2563 303 2624; x_wconf 84' lang='lat' dir='ltr'>Punicis</span> <span class='ocrx_word' id='word_1_199' title='bbox 324 2563 536 2625; x_wconf 86' lang='lat' dir='ltr'>auxiliaribus</span> <span class='ocrx_word' id='word_1_200' title='bbox 540 2569 697 2641; x_wconf 60' lang='lat' dir='ltr'>praeerat}</span> <span class='ocrx_word' id='word_1_201' title='bbox 721 2566 803 2640; x_wconf 86' lang='lat' dir='ltr'>quos</span> <span class='ocrx_word' id='word_1_202' title='bbox 821 2565 1004 2642; x_wconf 81' lang='lat' dir='ltr'>urbemque</span> <span class='ocrx_word' id='word_1_203' title='bbox 1002 2565 1085 2626; x_wconf 88' lang='lat' dir='ltr'>ulam</span> <span class='ocrx_word' id='word_1_204' title='bbox 1098 2560 1190 2650; x_wconf 86' lang='lat' dir='ltr'>lide</span> 
     </span>
     <span class='ocr_line' id='line_1_29' title="bbox 182 2597 1190 2726; baseline -0.005 -19"><span class='ocrx_word' id='word_1_205' title='bbox 182 2655 311 2724; x_wconf 85' lang='lat' dir='ltr'>accepta</span> <span class='ocrx_word' id='word_1_206' title='bbox 333 2648 520 2709; x_wconf 83' lang='lat' dir='ltr'>Cerdubelus</span> <span class='ocrx_word' id='word_1_207' title='bbox 541 2651 680 2710; x_wconf 80' lang='lat' dir='ltr'>Romano</span> <span class='ocrx_word' id='word_1_208' title='bbox 707 2650 825 2726; x_wconf 83' lang='lat' dir='ltr'>prodit.</span> <span class='ocrx_word' id='word_1_209' title='bbox 858 2650 960 2712; x_wconf 88' lang='lat' dir='ltr'>mitior</span> <span class='ocrx_word' id='word_1_210' title='bbox 978 2659 1016 2710; x_wconf 85' lang='lat' dir='ltr'>ea</span> <span class='ocrx_word' id='word_1_211' title='bbox 1034 2597 1190 2709; x_wconf 72' lang='lat' dir='ltr'>aarum</span> 
     </span>
     <span class='ocr_line' id='line_1_30' title="bbox 185 2731 1146 2810; baseline -0.003 -18"><span class='ocrx_word' id='word_1_212' title='bbox 185 2731 255 2792; x_wconf 80' lang='lat' dir='ltr'>fult:</span> <span class='ocrx_word' id='word_1_213' title='bbox 286 2747 344 2792; x_wconf 89' lang='lat' dir='ltr'>nec</span> <span class='ocrx_word' id='word_1_214' title='bbox 362 2733 541 2792; x_wconf 84' lang='lat' dir='ltr'>tantundem</span> <span class='ocrx_word' id='word_1_215' title='bbox 560 2746 663 2796; x_wconf 89' lang='lat' dir='ltr'>noxae</span> <span class='ocrx_word' id='word_1_216' title='bbox 683 2733 855 2795; x_wconf 88' lang='lat' dir='ltr'>admissum</span> <span class='ocrx_word' id='word_1_217' title='bbox 874 2739 955 2810; x_wconf 86' lang='lat' dir='ltr'>erat</span> <span class='ocrx_word' id='word_1_218' title='bbox 975 2741 1012 2795; x_wconf 89' lang='lat' dir='ltr'>et</span> <span class='ocrx_word' id='word_1_219' title='bbox 1024 2733 1146 2807; x_wconf 88' lang='lat' dir='ltr'>aliquan</span> 
     </span>
     <span class='ocr_line' id='line_1_31' title="bbox 182 2815 787 2880; baseline 0.008 -5"><span class='ocrx_word' id='word_1_220' title='bbox 182 2816 268 2877; x_wconf 91' lang='lat' dir='ltr'>tum</span> <span class='ocrx_word' id='word_1_221' title='bbox 259 2831 324 2875; x_wconf 83' lang='lat' dir='ltr'>rrae</span> <span class='ocrx_word' id='word_1_222' title='bbox 337 2815 464 2876; x_wconf 88' lang='lat' dir='ltr'>lenierat</span> <span class='ocrx_word' id='word_1_223' title='bbox 477 2818 648 2879; x_wconf 84' lang='lat' dir='ltr'>voluntaria</span> <span class='ocrx_word' id='word_1_224' title='bbox 664 2818 787 2880; x_wconf 89' lang='lat' dir='ltr'>deditio.</span> 
     </span>
    </p>

    <p class='ocr_par' dir='ltr' id='par_1_4' title="bbox 258 2899 1146 3010">
     <span class='ocr_line' id='line_1_32' title="bbox 258 2899 1146 3010; baseline 0.002 -50.016"><span class='ocrx_word' id='word_1_225' title='bbox 258 2900 343 2999; x_wconf 94' lang='lat' dir='ltr'>XXI</span> <span class='ocrx_word' id='word_1_226' title='bbox 371 2899 505 3010; x_wconf 80' lang='lat' dir='ltr'>Marcius</span> <span class='ocrx_word' id='word_1_227' title='bbox 520 2901 861 2978; x_wconf 63' lang='lat' dir='ltr'>incumbebamus</span> <span class='ocrx_word' id='word_1_228' title='bbox 852 2903 930 3002; x_wconf 81' lang='lat' dir='ltr'>&#39;qui</span> <span class='ocrx_word' id='word_1_229' title='bbox 942 2902 1077 2998; x_wconf 79' lang='lat' dir='ltr'>inondum</span> <span class='ocrx_word' id='word_1_230' title='bbox 1090 2913 1146 2976; x_wconf 83' lang='lat' dir='ltr'>per</span> 
     </span>
    </p>
   </div>
   <div class='ocr_carea' id='block_1_3' title="bbox 27 3017 1190 3568">
    <p class='ocr_par' dir='ltr' id='par_1_5' title="bbox 27 3017 1146 3481">
     <span class='ocr_line' id='line_1_33' title="bbox 184 3017 1146 3147; baseline -0.002 -17"><span class='ocrx_word' id='word_1_231' title='bbox 184 3068 288 3146; x_wconf 79' lang='lat' dir='ltr'>Scipio</span> <span class='ocrx_word' id='word_1_232' title='bbox 301 3069 511 3147; x_wconf 78' lang='lat' dir='ltr'>Carthaginem</span> <span class='ocrx_word' id='word_1_233' title='bbox 526 3072 568 3132; x_wconf 87' lang='lat' dir='ltr'>ed</span> <span class='ocrx_word' id='word_1_234' title='bbox 578 3076 661 3134; x_wconf 75' lang='lat' dir='ltr'>vota</span> <span class='ocrx_word' id='word_1_235' title='bbox 666 3072 817 3134; x_wconf 88' lang='lat' dir='ltr'>solvenda</span> <span class='ocrx_word' id='word_1_236' title='bbox 832 3072 912 3133; x_wconf 81' lang='lat' dir='ltr'>dela</span> <span class='ocrx_word' id='word_1_237' title='bbox 909 3071 1085 3144; x_wconf 85' lang='lat' dir='ltr'>munusque</span> <span class='ocrx_word' id='word_1_238' title='bbox 1095 3017 1146 3141; x_wconf 79' lang='lat' dir='ltr'>gbr¹</span> 
     </span>
     <span class='ocr_line' id='line_1_34' title="bbox 27 3153 1144 3248; baseline 0.004 -35"><span class='ocrx_word' id='word_1_239' title='bbox 27 3219 28 3228; x_wconf 14' lang='grc' dir='ltr'>ι</span> <span class='ocrx_word' id='word_1_240' title='bbox 184 3155 354 3230; x_wconf 87' lang='lat' dir='ltr'>diatorium,</span> <span class='ocrx_word' id='word_1_241' title='bbox 372 3157 456 3230; x_wconf 87' lang='lat' dir='ltr'>quod</span> <span class='ocrx_word' id='word_1_242' title='bbox 470 3157 577 3216; x_wconf 90' lang='lat' dir='ltr'>mortis</span> <span class='ocrx_word' id='word_1_243' title='bbox 594 3167 689 3216; x_wconf 84' lang='lat' dir='ltr'>causa</span> <span class='ocrx_word' id='word_1_244' title='bbox 703 3156 799 3233; x_wconf 87' lang='lat' dir='ltr'>patris</span> <span class='ocrx_word' id='word_1_245' title='bbox 814 3156 977 3233; x_wconf 84' lang='lat' dir='ltr'>patruique</span> <span class='ocrx_word' id='word_1_246' title='bbox 991 3153 1144 3248; x_wconf 71' lang='lat' dir='ltr'>pararcmb</span> 
     </span>
     <span class='ocr_line' id='line_1_35' title="bbox 102 3239 1146 3318; baseline -0.005 -22"><span class='ocrx_word' id='word_1_247' title='bbox 102 3267 110 3318; x_wconf 84' lang='lat'>.&#39;</span> <span class='ocrx_word' id='word_1_248' title='bbox 184 3239 338 3298; x_wconf 86' lang='lat' dir='ltr'>edendum</span> <span class='ocrx_word' id='word_1_249' title='bbox 349 3240 452 3300; x_wconf 84' lang='lat' dir='ltr'>redut</span> <span class='ocrx_word' id='word_1_250' title='bbox 484 3240 686 3314; x_wconf 81' lang='lat' dir='ltr'>gladiatorum</span> <span class='ocrx_word' id='word_1_251' title='bbox 702 3241 912 3316; x_wconf 79' lang='lat' dir='ltr'>spectaculum</span> <span class='ocrx_word' id='word_1_252' title='bbox 926 3239 1054 3301; x_wconf 83' lang='grc' dir='ltr'>ιιιιιιιοιι</span> <span class='ocrx_word' id='word_1_253' title='bbox 1068 3241 1146 3295; x_wconf 82' lang='lat' dir='ltr'>exeo</span> 
     </span>
     <span class='ocr_line' id='line_1_36' title="bbox 184 3321 1144 3400; baseline -0.001 -22"><span class='ocrx_word' id='word_1_254' title='bbox 184 3335 297 3393; x_wconf 87' lang='lat' dir='ltr'>genere</span> <span class='ocrx_word' id='word_1_255' title='bbox 311 3321 476 3397; x_wconf 88' lang='lat' dir='ltr'>hominum,</span> <span class='ocrx_word' id='word_1_256' title='bbox 492 3339 532 3382; x_wconf 91' lang='lat' dir='ltr'>ex</span> <span class='ocrx_word' id='word_1_257' title='bbox 549 3337 609 3398; x_wconf 90' lang='lat' dir='ltr'>quo</span> <span class='ocrx_word' id='word_1_258' title='bbox 621 3323 739 3384; x_wconf 77' lang='lat' dir='ltr'>lanistis</span> <span class='ocrx_word' id='word_1_259' title='bbox 756 3332 1019 3400; x_wconf 85' lang='lat' dir='ltr'>compararemus</span> <span class='ocrx_word' id='word_1_260' title='bbox 1027 3327 1089 3396; x_wconf 79' lang='lat' dir='ltr'>est,</span> <span class='ocrx_word' id='word_1_261' title='bbox 1087 3329 1144 3377; x_wconf 86' lang='lat' dir='ltr'>acr-</span> 
     </span>
     <span class='ocr_line' id='line_1_37' title="bbox 186 3397 1190 3481; baseline 0.003 -22"><span class='ocrx_word' id='word_1_262' title='bbox 186 3404 392 3477; x_wconf 83' lang='lat' dir='ltr'>vorurnqurve</span> <span class='ocrx_word' id='word_1_263' title='bbox 403 3407 543 3465; x_wconf 84' lang='lat' dir='ltr'>venalem</span> <span class='ocrx_word' id='word_1_264' title='bbox 555 3407 734 3481; x_wconf 79' lang='lat' dir='ltr'>sangrunem</span> <span class='ocrx_word' id='word_1_265' title='bbox 744 3406 873 3468; x_wconf 88' lang='lat' dir='ltr'>habent</span> <span class='ocrx_word' id='word_1_266' title='bbox 884 3397 1190 3468; x_wconf 76' lang='lat' dir='ltr'>voluntariarum</span> 
     </span>
    </p>

    <p class='ocr_par' dir='ltr' id='par_1_6' title="bbox 187 3486 1190 3568">
     <span class='ocr_line' id='line_1_38' title="bbox 187 3486 1190 3568; baseline 0 -26"><span class='ocrx_word' id='word_1_267' title='bbox 187 3488 218 3546; x_wconf 82' lang='lat' dir='ltr'>et</span> <span class='ocrx_word' id='word_1_268' title='bbox 235 3486 366 3558; x_wconf 83' lang='lat' dir='ltr'>gratuiba</span> <span class='ocrx_word' id='word_1_269' title='bbox 386 3503 482 3562; x_wconf 90' lang='lat' dir='ltr'>opera</span> <span class='ocrx_word' id='word_1_270' title='bbox 496 3489 695 3563; x_wconf 82' lang='lat' dir='ltr'>pugnantium</span> <span class='ocrx_word' id='word_1_271' title='bbox 710 3489 774 3548; x_wconf 83' lang='lat' dir='ltr'>fult</span> <span class='ocrx_word' id='word_1_272' title='bbox 807 3507 877 3550; x_wconf 90' lang='lat' dir='ltr'>nam</span> <span class='ocrx_word' id='word_1_273' title='bbox 886 3492 948 3550; x_wconf 90' lang='lat' dir='ltr'>alii</span> <span class='ocrx_word' id='word_1_274' title='bbox 963 3489 1057 3550; x_wconf 75' lang='lat' dir='ltr'>missi</span> <span class='ocrx_word' id='word_1_275' title='bbox 1062 3487 1143 3568; x_wconf 82' lang='lat' dir='ltr'>ubre</span> <span class='ocrx_word' id='word_1_276' title='bbox 1189 3487 1190 3568; x_wconf 68' lang='lat' dir='ltr'>l</span> 
     </span>
    </p>
   </div>
   <div class='ocr_carea' id='block_1_4' title="bbox 0 0 1238 3902">
    <p class='ocr_par' dir='ltr' id='par_1_7' title="bbox 0 0 1238 3902">
     <span class='ocr_line' id='line_1_39' title="bbox 0 0 1238 3902; baseline 0 0"><span class='ocrx_word' id='word_1_277' title='bbox 0 0 1238 3902; x_wconf 95' lang='lat' dir='ltr'> </span> 
     </span>
    </p>
   </div>
  </div>
 </body>
</html>
