2434 3902
237 224 353 286 arnan
366 224 501 284 xxvm.
525 224 608 285 cnr.
625 233 669 286 aa.
683 233 727 286 aa.
750 225 786 302 [a.
803 230 834 282 c.
851 227 913 304 aaa]
1005 221 1065 288 att

81 385 149 440 tum
165 371 295 440 maxime
310 377 516 440 dimicantium
530 381 561 440 in
578 381 671 440 iratos
684 385 920 454 pugnantesque
935 377 1067 439 edeban-

79 469 147 524 turz
163 463 281 524 toedior
295 463 356 523 alia
369 461 400 522 in
414 463 490 523 urbe
501 461 661 523 trucidatio
678 469 750 538 erat,
767 477 836 522 curn
849 462 967 523 turbam
984 462 1068 524 lerni-

78 563 194 608 narum
207 562 434 624 puerorumque
448 545 598 606 imbellem
613 547 821 622 inermemque
836 546 920 608 cives
937 545 984 607 sui
999 561 1067 607 cae·

78 631 207 706 dorent,
232 638 262 692 et
281 631 312 691 in
334 646 515 692 succensum
530 647 638 707 rogum
656 631 835 691 semianima
850 631 998 708 pleraque
1012 630 1067 691 inl-

78 722 188 776 cerent
218 730 364 792 corpora,
397 715 516 790 rivique
545 714 703 790 sanguinis
734 713 889 776 flammam
921 716 1068 776 orientem

77 800 322 874 restinguerent;
351 806 508 874 postremo
530 799 604 876 ipsi,
627 798 723 858 caede
744 799 919 860 miseranda
941 816 1067 861 suorum

78 883 215 958 fatigati,
246 899 314 944 curn
335 883 428 943 armis
449 883 550 945 medio
572 881 714 943 incendio
736 898 771 942 se
792 882 968 944 iniecerunt.
1006 884 1066 944 iam

82 967 174 1026 caedi
199 973 392 1044 perpetratae
418 967 552 1028 victores
576 966 706 1028 Romani
734 974 987 1043 supervenerunt.
1030 983 1067 1028 ac

80 1051 182 1126 primo
198 1058 367 1128 conspectu
381 1057 442 1112 tam
457 1051 567 1113 ioedae
581 1052 625 1112 rel
639 1049 811 1111 mirabundi
827 1067 992 1128 parumper
1012 1051 1065 1110 ob-

79 1142 278 1210 stupuemnt;
295 1135 375 1208 dein,
392 1152 459 1195 curn
474 1152 579 1196 aurum
595 1143 814 1212 argentumque
830 1136 949 1196 cumulo
965 1151 1066 1196 rerum

80 1219 208 1280 aliarum
228 1219 428 1296 interfulgens
450 1219 593 1280 aviditate
613 1221 726 1295 ingenii
749 1219 873 1290 humani
894 1235 1004 1296 rapere
1026 1235 1066 1280 ex

80 1303 143 1378 igni
157 1305 280 1378 vellent,
296 1303 428 1381 correpti
444 1303 494 1364 alii
507 1302 632 1364 llamma
645 1311 723 1377 sunt,
739 1303 789 1364 alii
805 1302 936 1364 ambusti
951 1302 1076 1364 adllatu.

78 1387 217 1465 vaporis,
233 1402 302 1449 cum
312 1395 457 1464 receptus
468 1387 575 1464 primis
590 1394 717 1465 urgente
728 1387 816 1449 turba
830 1404 892 1448 non
908 1394 1000 1448 esset.
1024 1389 1065 1448 ita

78 1473 199 1547 Astapa
220 1473 287 1532 sine
308 1472 425 1546 praeda
439 1471 565 1533 militum
580 1473 660 1533 ierro
682 1472 807 1549 ignique
824 1471 987 1549 absumpta
1007 1479 1063 1534 est.

76 1555 213 1617 Marcius
229 1557 338 1616 ceteris
354 1555 420 1615 eius
435 1556 569 1632 regionis
585 1563 667 1617 motu
681 1556 711 1617 in
728 1556 913 1618 deditionem
928 1558 1063 1633 acceptis

77 1641 227 1702 victorem
243 1640 409 1701 exercitum
425 1640 636 1716 Carthaginem
651 1641 691 1701 ad
706 1639 882 1718 Scipionem
896 1641 1028 1702 reduxit.

163 1723 221 1784 Per
235 1741 291 1785 eos
306 1724 393 1800 ipsos
406 1723 472 1784 dies
488 1725 808 1801 periugaeaGadlbus
825 1733 979 1799 venerunt,
998 1729 1063 1802 pol·

76 1809 205 1869 licentes
220 1807 327 1870 urbem
340 1807 549 1892 Punicumque
563 1809 766 1886 praesidium,
791 1810 875 1886 quod
892 1809 922 1871 in
937 1827 972 1871 ea
987 1811 1063 1871 urbe

75 1899 178 1968 esset,
207 1899 238 1953 et
258 1893 473 1970 imperatorem
494 1894 643 1970 praesidii
665 1909 735 1955 cum
756 1896 857 1954 classe
884 1894 1062 1971 prodituros

73 1992 161 2036 esse.
181 1976 272 2052 Mago
288 1977 329 2037 ibi
344 1993 384 2037 ex
399 1977 471 2052 iuga
486 1978 673 2054 substiterat,
688 1977 883 2052 navibusque
896 1979 927 2038 in
940 1978 1061 2038 Oceano

73 2061 216 2121 collectis
237 2060 423 2136 aliquantum
439 2061 621 2123 auxiliorum
636 2068 666 2122 ct
679 2068 763 2122 trans
779 2063 889 2121 fretum
904 2077 943 2122 ex
957 2061 1059 2126 Africa

73 2161 131 2206 ora
153 2151 184 2205 et
205 2161 244 2206 ex
258 2145 407 2222 proximis
421 2145 589 2222 Hispaniae
602 2145 680 2207 locis
701 2162 758 2221 per
770 2145 950 2206 Hannonem
972 2161 1060 2221 prae-

73 2229 190 2290 lectum
206 2236 359 2306 coegerat.
391 2229 454 2290 iide
472 2237 600 2306 accepta
615 2230 749 2305 dataque
763 2230 916 2307 perfugis,
939 2236 968 2289 et
982 2228 1061 2288 Mar·

73 2313 144 2374 cius
162 2329 199 2374 eo
223 2329 292 2375 cum
312 2315 459 2390 expedias
484 2315 650 2376 cohortrhcs
670 2322 699 2377 et
713 2315 834 2377 Laelius
855 2330 922 2374 cum
943 2319 1061 2388 septem

72 2396 248 2458 triremibus
264 2398 476 2475 quinqueremi
490 2415 552 2459 una
567 2405 615 2459 est
629 2398 760 2474 missus,
781 2405 814 2459 ut
827 2404 909 2457 terra
923 2397 1061 2473 marique

72 2482 230 2542 communi
245 2482 375 2542 consilio
390 2498 455 2560 rern
470 2489 618 2580 gererent.

160 2565 267 2626 XXIV.
301 2566 429 2642 Scipio
421 2581 490 2643 1pse
503 2583 589 2642 gravi
581 2565 712 2626 morbo
728 2565 901 2642 implicitus,
917 2535 1060 2643 graviore

71 2655 176 2710 tamen
191 2650 288 2725 lama,
311 2667 380 2711 curn
396 2651 435 2710 ad
452 2650 484 2710 id
499 2650 632 2727 quisque
648 2650 732 2726 quod
747 2650 907 2712 audierat
898 2651 990 2712 insita
1004 2650 1058 2710 ho-

71 2733 190 2793 minum
210 2734 336 2795 libidine
358 2735 459 2794 alendi
476 2734 515 2794 de
534 2735 683 2796 industria
696 2751 835 2794 rumores
857 2735 992 2796 adiceret
1006 2735 1058 2794 ali·

73 2816 167 2892 quid,
189 2818 380 2893 provinciam
395 2835 516 2881 omnem
531 2833 567 2878 ac
582 2819 715 2879 maxime
729 2819 897 2896 longinqua
916 2821 982 2880 eius
997 2825 1058 2879 tur·

71 2899 173 2971 bavit;
189 2902 400 2978 apparuitque,
414 2909 557 2979 quantam
569 2903 737 2964 excitatura
746 2905 858 2964 molem
868 2903 1059 2965 veraluisset

73 2984 191 3059 clades,
208 3001 276 3046 cum
291 3003 389 3047 vanus
400 3002 504 3048 rumor
514 2993 614 3047 tantas
629 2988 782 3064 procellas
798 2988 972 3049 excivisset.
996 3002 1057 3046 non

71 3069 152 3130 socii
168 3070 199 3129 in
214 3070 292 3146 lide,
315 3086 376 3131 non
392 3071 545 3131 exercitus
561 3071 591 3132 in
608 3071 711 3133 ollicio
727 3071 847 3132 mansit.
874 3069 1057 3132 Mandonius

69 3161 103 3212 et
124 3153 286 3228 Indebilis,
310 3155 437 3230 quibus,
459 3154 530 3231 quia
551 3171 678 3231 reguum
700 3155 757 3215 sibi
772 3155 938 3230 Hispaniae
958 3152 1057 3229 pulsis

69 3236 145 3297 inde
160 3237 460 3314 Carthaginiensibus
483 3237 671 3300 destinarant
693 3238 819 3311 animis,
840 3238 913 3296 nihil
928 3252 983 3314 pro
999 3253 1057 3311 spe

67 3321 255 3397 contigerat,
291 3322 449 3383 concitatis
482 3323 684 3398 popularibus
717 3354 760 3366 -
786 3321 928 3380 Lacetani
956 3329 1056 3380 autem

68 3411 214 3465 erant-
234 3413 265 3466 et
280 3407 436 3466 iuventute
451 3405 666 3466 Celtiberorum
689 3406 788 3464 excita
803 3421 907 3480 agrurn
925 3404 1054 3465 Suesse-

68 3497 173 3550 tanum
190 3489 439 3566 Sedetanumque
457 3490 611 3550 sociorum
635 3489 739 3564 populi
755 3489 883 3548 Romani
905 3489 1054 3548 hostiliter
