2448 3900
161 233 225 298 ³48
321 233 437 295 LIBER
450 233 542 294 XXX.
564 232 647 294 chr.
659 241 704 296 ro.
718 238 762 296 ri.
786 238 823 308 [e.
839 237 874 292 U.
889 257 914 294 c.
926 241 993 308 550]

161 389 194 450 c.
214 389 358 450 Aurelius
379 388 475 449 cuttu.
507 385 630 448 comitia
650 385 716 446 eius
737 387 809 447 anui
828 394 927 448 utrum
951 387 985 449 C.
1002 387 1157 451 Servilius

162 473 271 535 consul
286 472 434 542 habuerit,
455 485 510 544 cn,
535 470 609 547 quia
623 484 693 530 eum
707 468 738 529 iu
752 469 874 530 Etruria
887 471 1047 532 tenuerint
1062 490 1158 548 quae

161 557 278 618 stiones
293 571 334 616 ex
347 560 473 617 senatus
489 554 631 616 consulto
646 552 686 613 de
700 553 960 616 coniurationibus
974 556 1159 633 principum

159 639 329 710 habendae,
352 638 483 700 dictator
496 637 535 698 ub
550 653 588 720 eo
604 637 702 700 dictus
716 637 749 696 P.
765 635 929 714 Sulpicius,
950 639 1113 701 incertum
1128 650 1159 702 ut

160 724 199 784 sit
214 721 329 784 diversi
344 728 488 782 auctores
504 721 628 782 iaciunt.

242 805 364 867 XXVII.
386 804 539 882 Principio
554 804 744 880 insequentis
756 804 827 864 anni
833 805 873 864 Μ.
883 804 1038 868 Servilius
1052 808 1157 869 etiib.

160 889 303 952 Claudius
313 889 428 951 senatu
443 888 473 950 iu
489 889 669 966 capitolium
684 896 796 949 vuoato
811 888 850 948 dc
871 889 1046 965 provinciis
1061 899 1156 952 rcttu

159 975 268 1034 lerunt.
297 974 415 1035 Italiam
435 979 528 1050 atque
550 973 686 1034 Africam
708 972 738 1032 iu
760 979 874 1032 sortem
894 974 989 1047 coici,
1011 975 1155 1036 Africam

159 1057 250 1119 ambo
272 1058 448 1134 cupientes,
470 1056 624 1118 volebunt
659 1062 794 1116 ceterum
816 1056 849 1129 Q.
870 1056 994 1118 Metello
1015 1060 1155 1120 maxime

159 1141 313 1203 adnitente
333 1156 435 1218 usque
455 1147 565 1216 negate
584 1155 685 1215 neque
706 1140 778 1200 deta
797 1141 979 1201 estAiricae
1001 1145 1153 1206 consides

158 1219 236 1286 iussi
251 1240 321 1286 cum
334 1223 463 1286 tribunis
479 1223 577 1302 plebis
592 1239 693 1300 agere,
712 1224 796 1298 utsi
812 1223 850 1285 iis
864 1224 1034 1302 videretur,
1052 1243 1151 1304 popu-

159 1309 221 1370 lum
232 1316 490 1385 rogarentquem
501 1309 614 1370 veilent
623 1308 653 1368 in
661 1307 769 1368 Airicu
779 1306 891 1369 bellum
902 1323 1022 1384 gerere.
1040 1326 1151 1372 omnes
1215 1363 1216 1394 ,

158 1393 255 1455 tribus
266 1392 298 1452 Ρ.
310 1392 487 1469 Scipionem
500 1392 664 1454 iusserunt.
687 1391 782 1452 nihilo
797 1392 897 1453 minus
913 1395 1063 1456 eonsules
1078 1413 1150 1472 pro·
1215 1395 1216 1474 l

159 1475 292 1538 vinnium
312 1477 448 1538 Africam
474 1509 513 1522 -
535 1479 577 1536 ita
598 1475 677 1536 enim
699 1482 825 1537 senatus
845 1476 1029 1539 decreverat
1049 1513 1095 1526 -
1120 1481 1148 1540 in
1215 1543 1216 1556 ,

159 1567 274 1621 sortem
288 1561 494 1622 coniecerunt
528 1561 593 1622 rib.
610 1559 736 1620 claudio
751 1560 857 1620 Africa
871 1561 987 1634 evenit,
1006 1570 1044 1623 ut
1060 1563 1146 1638 quin·
1215 1579 1216 1584 ¹

157 1644 305 1719 quaginta
317 1644 441 1704 navium
456 1646 597 1720 clussem,
619 1658 726 1705 omnes
743 1643 995 1721 quinqueremes,
1018 1646 1052 1706 iu
1068 1647 1147 1708 Airi-
1215 1671 1216 1722 ι

158 1742 227 1787 cum
246 1726 401 1799 traiceret,
424 1728 553 1803 parique
572 1727 701 1804 imperio
723 1743 792 1788 cum
812 1727 958 1805 Scipione
978 1729 1147 1806 imperator
1215 1731 1216 1760 ³

158 1816 257 1882 essem
277 1809 317 1869 Μ.
329 1809 476 1872 Servilius
488 1811 636 1873 Etruriam
650 1811 787 1872 sortitus.
815 1812 846 1872 iu
861 1813 969 1873 eadem
984 1814 1147 1889 provincia

158 1900 189 1954 et
203 1892 234 1954 0.
251 1892 381 1955 Servilio
399 1901 594 1970 prorogatum
609 1894 783 1970 imperium,
804 1895 831 1956 si
846 1897 1005 1959 consulem
1019 1914 1146 1959 manere

158 1978 198 2038 ud
213 1977 319 2038 urbem
334 1985 443 2040 senatu
458 1979 635 2054 placuisset
657 1985 817 2054 praetores
828 1979 868 2039 Μ.
882 1979 1005 2042 Sextius
1016 1982 1144 2043 Gallium
1215 2021 1216 2032 2

158 2070 206 2122 eet
226 2063 365 2136 sortitus,
386 2069 420 2123 ut
440 2063 517 2122 duas
538 2062 677 2137 legiones
699 2063 951 2140 provinciamque
965 2065 1105 2128 traderet
1118 2068 1145 2128 ei

156 2145 188 2204 P.
211 2145 388 2220 Quinctilius
402 2147 520 2217 Varus;
543 2146 575 2206 C.
589 2145 695 2207 Livius
713 2146 847 2208 Bruttios
868 2163 937 2207 cum
957 2149 1081 2210 duabus
1104 2153 1144 2211 le-

156 2229 315 2304 gionibus,
340 2228 453 2305 quibus
474 2229 506 2289 P.
521 2229 723 2306 Sempronius
748 2231 915 2306 proconsul
935 2231 1051 2306 prioris
1073 2235 1143 2294 unni

156 2314 346 2388 praesumam
363 2312 416 2373 cn.
428 2313 606 2374 Tremellius
619 2313 763 2388 Siciliam,
778 2321 812 2374 ut
824 2331 844 2374 a
854 2314 886 2373 P.
897 2315 990 2394 Villio
1001 2317 1142 2393 Tappulo

156 2403 298 2472 praetore
313 2395 425 2472 prioris
440 2397 511 2458 anni
525 2397 715 2473 provinciam
730 2404 759 2458 ei
774 2398 853 2459 duas
867 2398 1005 2474 legiones
1021 2402 1143 2478 accipe

155 2485 217 2552 ret3
239 2480 350 2541 Villius
365 2497 423 2556 pro
438 2487 582 2556 praetore
596 2481 702 2557 viginti
716 2482 849 2542 navibus
864 2482 973 2558 longis,
996 2483 1142 2548 militibus
1215 2485 1216 2490 ’

155 2564 237 2624 mille
252 2579 337 2626 oram
352 2563 476 2626 Siciliae
493 2571 654 2636 tuoruum
676 2565 708 2624 Μ
731 2565 919 2643 Pomponius
934 2565 1043 2642 viginti
1058 2571 1143 2630 navi-

155 2646 214 2708 bus
229 2648 357 2725 reliquis
377 2649 459 2709 mille
480 2655 510 2709 et
525 2649 708 2726 quingentos
722 2649 833 2712 milites
848 2650 978 2711 Romam
997 2652 1142 2729 deporto·
1215 2687 1216 2730 1

155 2736 218 2799 reta
235 2730 266 2790 G.
282 2732 408 2793 Aurelio
424 2731 531 2793 Cottae
545 2732 662 2794 urbana
676 2735 786 2794 evenit.
807 2733 917 2796 ceteris
933 2734 984 2809 itu,
998 2737 1044 2796 uti
1060 2737 1141 2813 quis·
1215 2787 1216 2800 ,

157 2814 401 2888 queobtiuebaut
408 2816 584 2892 provincias
592 2817 817 2892 exercitusque,
830 2818 1141 2897 prorogataimperia
1215 2817 1216 2886 l

157 2897 294 2958 sedecim
308 2915 370 2960 non
386 2899 518 2976 amplius
533 2915 571 2960 eo
588 2917 667 2962 anno
683 2901 855 2976 legionibus
869 2900 1031 2963 defensum
1046 2905 1139 2979 impe·
1215 2907 1216 2914 ’

154 2981 232 3042 rium
246 2989 302 3044 est.
335 2990 365 3044 et
379 2992 413 3044 ut
426 2983 556 3061 placetis
572 2983 620 3044 dis
643 2985 745 3045 omnia
760 2985 929 3060 inciperent
943 2994 1137 3062 agerentque,

155 3066 261 3140 ludos,
284 3083 363 3142 quos
378 3067 418 3128 Μ.
435 3067 561 3128 Claudio
584 3067 728 3130 Marcello
749 3069 781 3128 T.
798 3068 940 3143 Quinctio
960 3071 1138 3132 consulibus

153 3149 185 3207 Τ.
202 3150 333 3212 Manlius
349 3151 487 3225 dictetur,
510 3167 653 3227 quasque
667 3152 933 3214 hostiaemaiores
949 3161 1096 3230 voveret,
1113 3155 1136 3215 si

154 3247 210 3306 per
223 3233 463 3309 quinquennium
478 3234 666 3310 respublica
681 3237 791 3297 eodem
807 3243 887 3297 statu
902 3237 1019 3312 luisset,
1037 3244 1071 3298 ut
1084 3254 1136 3298 eos

153 3314 245 3388 ludos
258 3319 411 3390 consules,
427 3318 607 3397 priusquam
622 3319 663 3378 ad
673 3316 786 3380 beilum
800 3320 1079 3395 proficiscerentur,
1094 3324 1134 3382 iu-

154 3404 267 3457 cereut.
304 3399 367 3460 ludi
386 3400 417 3459 in
437 3401 518 3460 circo
540 3415 597 3476 per
617 3402 823 3474 quadriduum
844 3404 930 3477 iacti,
955 3404 1135 3482 hostiaeque

155 3477 264 3548 quibus
280 3486 370 3540 votae
384 3489 470 3542 erant
484 3483 531 3542 dis
547 3496 668 3543 caesae.
