2428 3892
163 143 225 210 142
309 141 543 204 araaaxxvr.
566 137 649 199 ono.
663 145 708 200 ao.
722 144 767 201 ar.
791 135 830 214 [ι.
845 141 882 197 u.
897 141 1000 208 aaa]

165 295 242 357 sella
263 293 422 364 sederunt,
443 290 514 365 equi
537 294 715 352 ornamenta
730 293 760 347 et
774 287 872 348 libras
888 287 1014 364 pondo,
1039 293 1078 348 ut
1093 288 1161 348 sali-

164 395 236 440 num
257 378 461 454 patellamque
480 373 607 434 deonun
631 387 727 434 causa
740 371 866 431 babere
886 371 1031 448 possint;
1069 372 1162 430 ceteri

165 469 325 523 senatores
341 459 447 518 libram
461 457 576 532 argenti
590 463 716 529 tantum,
734 456 817 515 aeris
832 455 946 532 signati
964 456 1066 532 quina
1083 456 1164 516 nrilia

165 547 196 606 in
217 545 355 620 singulos
376 549 478 618 patres
499 541 631 604 tamillae
652 541 881 614 relinquamus=
905 549 1048 602 ceterum
1073 556 1164 600 omno

166 645 272 689 aumm
293 635 449 702 argentum
470 641 524 685 aes
545 625 697 698 signatum
718 625 759 684 ad
780 623 961 685 triumviros
983 627 1164 684 mensarios

167 713 319 788 extemplo
335 711 508 774 deteramus
523 709 605 768 nullo
622 715 692 767 ante
706 717 834 768 senatus
850 711 995 770 consulto
1013 712 1114 782 lacto,
1137 723 1165 767 ιιι

168 795 338 858 voluntaria
360 793 481 854 collatio
503 798 533 852 ct
554 799 709 852 certamen
730 791 930 852 adiuvandae
945 793 989 852 rei
1015 793 1165 869 publicae

168 879 279 939 excitet
293 879 333 940 ad
347 877 559 938 aemulandum
573 875 693 935 animos
710 875 841 950 primum
856 877 1015 951 equestris
1032 877 1164 949 ordinis,

168 962 238 1024 dein
250 964 387 1039 reliquae
402 961 509 1038 plebis.
533 959 611 1020 hanc
622 975 715 1020 unum
724 959 808 1019 viam
820 962 915 1020 multa
929 963 1088 1022 internos
1106 955 1163 1020 col—

169 1047 260 1108 locuti
276 1049 420 1108 eonsules
434 1045 617 1104 invenimus.
648 1044 842 1118 ingredimini
859 1045 908 1104 dis
925 1043 1006 1104 bene
1029 1045 1160 1106 iuvanti-

169 1132 237 1191 bus.
270 1147 321 1192 res
343 1130 466 1207 publica
488 1127 648 1188 incolumis
671 1135 701 1186 et
714 1129 853 1204 privatas
869 1145 921 1189 res
938 1130 1031 1190 lueile
1057 1132 1163 1190 salvas

168 1207 318 1293 praestan
341 1215 464 1291 publica
483 1213 644 1288 prodendo
668 1219 719 1272 tua
740 1213 929 1290 nequiquam
951 1220 1100 1274 serves“.
1137 1215 1162 1273 in

168 1301 246 1369 baec
260 1306 342 1360 tanto
357 1299 456 1360 animo
472 1311 659 1358 consensum
674 1303 730 1368 est,
746 1302 779 1356 ot
793 1299 911 1372 gratiae
926 1299 1007 1358 ultro
1025 1301 1159 1359 consoli-

169 1384 227 1443 bus
242 1389 413 1460 agerentur.
446 1386 553 1442 senatu
568 1380 640 1440 inde
654 1379 752 1441 misso
769 1397 826 1456 pro
843 1397 878 1442 se
894 1383 1031 1458 quisque
1054 1399 1161 1444 aurum

171 1473 328 1542 argentum
348 1474 378 1527 et
398 1481 451 1528 aes
472 1465 502 1525 in
523 1464 678 1541 pubiicum
701 1466 864 1527 conterunt
886 1473 970 1526 tanto
994 1471 1162 1528 certamine

171 1549 298 1623 iniecto,
320 1558 353 1610 ut
368 1551 463 1625 prima
483 1549 562 1608 inter
575 1547 692 1626 primos
707 1549 834 1609 nomina
848 1566 907 1612 sua
920 1551 1038 1611 vellent
1062 1551 1094 1611 in
1112 1569 1159 1627 po·

170 1632 259 1693 blicis
280 1633 390 1697 tabulis
412 1647 496 1704 esse,
518 1639 552 1693 ut
567 1648 625 1692 nec
639 1633 788 1693 triumviri
809 1635 995 1711 accipiundo
1012 1651 1076 1696 nec
1092 1636 1150 1714 scri

171 1718 230 1776 bae
240 1718 404 1778 relemndo
417 1717 602 1778 sufficerent.
622 1717 704 1777 hune
716 1725 843 1778 senatus
859 1734 1055 1781 consensum
1071 1735 1161 1798 equo

173 1806 237 1861 ster
259 1803 334 1862 ordo
356 1808 404 1863 est
424 1807 562 1877 secutus,
586 1801 737 1876 equestris
760 1804 878 1863 ordinis
901 1799 1002 1881 plebs.
1038 1805 1084 1865 ita
1099 1807 1161 1865 sine
1199 1833 1200 1909 p

173 1885 282 1959 edicto,
299 1887 365 1947 sine
380 1885 563 1948 coercitione
578 1885 773 1962 magistratus
785 1903 843 1948 nec
855 1889 971 1964 remige
986 1890 1018 1950 in
1035 1893 1160 1968 supple

173 1975 306 2031 mentam
317 1987 374 2032 neo
385 1970 538 2048 stipendio
551 1986 601 2030 res
613 1971 738 2047 publlca
750 1972 848 2048 egoit;
865 1975 1051 2056 paratisque
1066 1974 1159 2036 omni

174 2053 231 2114 bus
247 2055 287 2115 ad
300 2055 412 2116 bellum
428 2055 572 2118 consules
586 2055 616 2115 in
631 2055 809 2132 provincias
825 2059 956 2132 proiecti
971 2067 1063 2119 sunt'

257 2139 405 2202 XXXVII.
431 2139 538 2215 nequo
556 2139 642 2202 ‚aliud
657 2140 755 2216 magis
776 2149 898 2216 tempus
911 2141 984 2203 belli
1002 2143 1075 2219 luit,
1102 2159 1160 2220 quo

175 2222 638 2300 Carthaginiensesltomanique
648 2225 762 2301 pariter
772 2225 866 2286 variis
877 2227 1004 2287 casibus
1015 2228 1160 2289 immixtis
1197 2241 1198 2317 ι

174 2308 271 2384 magis
286 2308 316 2369 in
332 2308 454 2386 ancipiti
469 2324 526 2386 spe
541 2323 577 2368 ac
591 2316 673 2368 metu
689 2309 807 2369 luerint.
835 2327 906 2370 nam
921 2312 1074 2374 Romanis
1090 2323 1121 2373 et
1134 2314 1159 2371 in

175 2391 350 2468 provinciis,
372 2395 442 2454 hinc
457 2394 487 2454 in
502 2393 651 2469 Hispania
666 2393 819 2453 adversae
833 2411 885 2455 res
900 2395 971 2456 hinc
988 2411 1160 2474 prosperae

177 2474 206 2534 in
222 2475 326 2538 Sicilia
339 2479 451 2539 luctum
467 2485 497 2538 et
510 2478 653 2538 laetitiam
668 2479 870 2548 miscuerant;
894 2487 923 2540 et
937 2479 966 2540 in
984 2481 1074 2542 ltalia
1095 2497 1159 2542 cum
1196 2467 1197 2521 l

176 2558 336 2623 Tarentum
356 2562 502 2624 amissum
523 2561 634 2623 damno
656 2570 686 2623 ot
700 2563 814 2633 dolori,
836 2569 900 2624 tum
916 2581 972 2624 arx
988 2581 1060 2626 cum
1077 2581 1159 2642 prae

179 2642 258 2703 sidio
273 2654 389 2708 retenta
404 2655 524 2724 praeter
539 2662 625 2722 spem
640 2647 752 2724 gaudio
768 2647 839 2716 luit;
863 2655 893 2708 et
913 2655 1067 2710 torrorem
1083 2648 1158 2710 subi·
1195 2673 1196 2725 q

180 2734 242 2786 tum
261 2746 469 2807 pavoremque
489 2729 574 2792 rubis
596 2733 712 2793 Romae
738 2731 889 2793 obsessae
910 2739 941 2793 et
965 2743 1160 2810 oppugnatae

180 2808 284 2886 Capua
296 2827 367 2890 post
377 2818 444 2878 dies
457 2832 574 2891 paucos
586 2826 676 2895 capta
689 2817 719 2876 in
732 2817 877 2878 laetitiam
892 2817 991 2877 vertit.
1012 2826 1158 2878 mannua

179 2893 264 2956 rioao
276 2917 401 2977 quoque
415 2918 465 2963 res
482 2901 614 2978 quadam
628 2903 696 2963 vice
712 2911 876 2978 pensatas:
891 2901 1053 2979 Philippus
1065 2902 1157 2962 hostis
1194 2903 1195 2929 ¹

180 2984 317 3054 tempore
330 2986 413 3047 haud
427 2989 501 3050 satis
524 2995 696 3065 opportuno
713 2989 828 3062 lactus,
849 2987 950 3047 Aetoli
964 2987 1039 3046 novi
1055 2985 1158 3047 adsciti

180 3063 273 3139 socii,
298 3071 480 3150 Attalusque
494 3073 589 3135 Asiae
609 3089 664 3134 rex
685 3073 746 3133 iam
759 3073 845 3132 velut
865 3071 1083 3148 despondente
1104 3073 1157 3130 lor·
1193 3085 1194 3131 l

180 3154 253 3205 tuna
263 3149 410 3218 Romanis
425 3159 585 3239 imperium
600 3159 734 3220 orientis.
758 3156 1027 3232 Carthaginienses
1041 3169 1157 3234 qnoque

180 3226 304 3302 capuae
325 3243 458 3308 amissae
477 3247 638 3308 Tarentum
660 3250 782 3319 captum
803 3241 992 3317 aequabant,
1022 3247 1054 3301 et
1071 3247 1106 3302 ut
1124 3237 1156 3298 ad
1192 3285 1193 3335 1

70 3328 105 3342 *-
180 3320 303 3382 moenia
316 3327 402 3390 urbis
416 3332 575 3394 Romanae
589 3331 672 3390 nullo
688 3328 870 3405 prohibente
885 3343 921 3387 se
936 3327 1119 3402 pervenisse
1132 3323 1155 3381 in

180 3397 278 3468 gloria
300 3413 469 3491 ponebant,
497 3416 539 3474 ita
559 3412 682 3488 pigebat
708 3411 782 3470 irriti
808 3410 937 3488 incepti,
967 3410 1156 3486 pudebatque
