2434 3902
189 188 254 254 2³4
324 189 440 250 LIBER
453 188 587 250 xxviii.
609 186 691 248 cAP.
707 197 750 250 11.
763 195 806 250 ιι.
828 192 1024 263 [emente]

189 343 343 418 militibus,
360 358 439 419 qnos
454 341 523 417 ipse
538 341 774 417 conscripserat,
790 342 954 418 supplevit
986 342 1018 404 in
1036 342 1176 404 consen·

189 429 285 492 tinum
311 442 417 502 agrum
441 427 587 487 consules
608 425 776 486 exercitum
797 426 966 500 duxerunt,
990 427 1178 502 passimque

191 509 384 588 depopulati,
399 525 476 581 ,cnm
490 525 600 585 agmen
615 509 676 569 iam
689 525 784 585 grave
797 510 916 585 praeda
928 517 1028 586 esset,
1047 511 1083 572 in
1099 513 1179 572 saltu

191 602 323 672 anguino
339 610 358 654 a
371 593 496 655 Bruttiis
516 592 799 670 iaculatoribusque
812 593 951 656 Numidis
965 595 1082 656 turbati
1097 604 1178 670 sunt,

190 680 232 740 ita
246 685 280 740 ut
293 693 355 739 non
369 677 495 753 praeda,
516 676 574 738 sed
588 677 695 739 crmati
710 693 835 754 quoque
848 676 879 738 in
895 678 1035 754 periculo
1052 679 1178 740 luerim

190 763 288 824 nraior
312 769 412 822 lamen
436 763 581 822 tumultus
607 777 700 837 quam
724 777 830 838 pugne
854 762 924 836 luit,
950 770 982 824 et
1001 765 1179 839 praemissa

191 847 309 922 praeda
329 845 499 907 incolumes
519 852 550 906 et
562 846 702 921 legiones
717 846 749 906 in
763 847 834 908 loca
846 852 911 907 tuta
924 862 1068 910 evasere.
1108 848 1179 908 inde

190 933 221 990 in
235 931 378 992 Lucanos
394 930 533 1006 proiecti.
555 930 674 990 casine
689 931 854 992 certamine
869 937 933 992 tota
946 946 1024 1006 gens
1035 932 1071 992 in
1085 931 1178 992 dicio·

70 1091 77 1098 ·
190 1031 259 1076 nem
275 1014 383 1090 populi
396 1014 527 1075 Romani
540 1014 638 1076 rediit

184 1173 186 1178 ,
272 1098 338 1160 Xll.
360 1097 434 1160 Cum
455 1098 626 1160 Hannibale
650 1097 725 1158 nihil
743 1114 782 1160 eo
803 1115 884 1160 anno
907 1100 951 1160 rei
972 1108 1103 1176 gestum
1124 1108 1180 1162 est

190 1200 262 1245 nam
282 1198 384 1260 neque
398 1183 467 1259 ipse
482 1198 518 1244 se
534 1181 642 1246 obtulit
655 1183 687 1242 in
700 1188 762 1242 tam
774 1185 890 1246 recenti
904 1184 1033 1246 vnlnere
1049 1184 1178 1260 publico

191 1268 383 1345 privatoque,
398 1281 500 1342 neque
514 1266 739 1328 lacessiverunt
753 1267 888 1343 quietum
898 1268 1045 1332 nomam
1054 1275 1179 1332 ,tantam

190 1354 296 1414 inesse
308 1351 385 1426 viro,
400 1351 464 1432 etsi·
474 1351 577 1412 omnia
591 1351 651 1411 alia
664 1351 748 1411 circa
761 1366 832 1412 eum
845 1360 983 1428 ruerent,
998 1353 1030 1413 in
1045 1369 1114 1415 uno
1131 1355 1179 1415 illo

191 1437 271 1498 duce
291 1435 468 1496 censebant.
504 1449 542 1496 ac
556 1433 662 1506 nescio
683 1450 724 1495 cn
744 1434 911 1498 mirabilior
924 1437 1071 1499 adversis
1088 1453 1179 1512 quam

191 1519 337 1582 secundis
351 1518 446 1581 rebus
460 1519 558 1594 luerit,
573 1518 689 1596 quippe
701 1521 761 1592 oui,
774 1535 843 1582 mon
864 1521 936 1582 etin
946 1521 1089 1582 hostium
1099 1528 1179 1581 terra

192 1619 248 1680 per
268 1619 368 1665 annos
389 1603 549 1678 tredecim,
569 1611 631 1666 mm
644 1605 754 1679 procul
769 1603 808 1664 ab
824 1604 933 1680 domo,
954 1605 1041 1666 varia
1056 1606 1180 1668 fortuna

192 1688 305 1748 bellum
326 1693 461 1762 gereret,
482 1694 512 1748 et
529 1687 667 1749 exercitu
687 1701 750 1748 non
772 1703 831 1750 suo
854 1688 934 1750 civili
952 1689 1011 1750 sed
1024 1687 1127 1752 mixto
1143 1705 1179 1749 ex

193 1769 367 1832 colluvione
387 1771 522 1833 omnium
543 1771 695 1847 gentium,
719 1771 831 1847 quibus
851 1789 914 1834 non
928 1773 995 1847 lex,
1018 1789 1169 1836 nonmos

192 1868 253 1918 non
268 1854 372 1931 lingum
386 1856 565 1931 communis,
580 1855 659 1918 alius
669 1856 802 1929 habitus,
817 1857 878 1918 alia
887 1857 994 1929 vestis,
1010 1857 1077 1918 alia
1088 1873 1175 1933 mma

191 1939 243 2000 alii
261 1939 353 2014 ritus,
379 1940 438 2002 alia
458 1955 563 2016 sacra,
588 1939 639 2000 alii
658 1955 758 2016 prope
773 1940 958 2016 delessent,
982 1941 1026 2002 ita
1041 1942 1179 2017 quodam

193 2037 254 2086 nnc
268 2024 391 2087 vinculo
408 2023 600 2102 copulaverit
612 2040 684 2098 eos,
705 2032 739 2086 ut
752 2025 837 2086 nulla
850 2041 909 2086 nec
921 2025 1001 2086 inter
1010 2025 1111 2100 ipsos
1126 2041 1180 2086 nec

192 2108 345 2170 adversus
367 2107 477 2169 ducem
493 2107 604 2170 seditio
619 2107 783 2181 exstiterit,
806 2123 875 2170 cum
889 2116 920 2170 et
932 2110 1071 2185 pecunia
1085 2125 1180 2186 saepe

192 2193 223 2254 ln
248 2192 434 2268 stipendium
457 2199 488 2254 et
511 2200 700 2254 commeatus
725 2192 756 2253 in
778 2191 912 2254 hostium
937 2209 1015 2269 agro
1042 2195 1178 2268 deesset,

194 2294 324 2354 quorum
346 2276 452 2352 inopia
471 2276 575 2355 priore
594 2275 710 2338 Punico
735 2275 817 2338 bello
837 2279 932 2338 munta
951 2277 1083 2343 infanda
1104 2279 1180 2338 inter

195 2362 289 2422 duces
317 2360 491 2437 militesque
518 2360 685 2422 commisso
709 2361 839 2422 lucrant.
876 2369 949 2437 post
970 2362 1178 2424 Hasdrubalis

194 2459 267 2506 vcro
283 2445 450 2507 exercitum
466 2460 536 2506 cnm
551 2445 640 2520 duce,
659 2444 690 2506 in
706 2443 819 2521 quibus
834 2461 909 2521 spes
925 2445 1026 2508 omnis
1040 2447 1180 2523 reposita

194 2530 339 2590 victoriae
360 2529 473 2602 ruerat,
495 2530 643 2602 deletum,
664 2528 867 2606 cedendoque
882 2530 912 2589 in
927 2531 1077 2606 angulum
1090 2530 1177 2592 Brul-

192 2613 267 2672 tium
287 2619 390 2672 cetera
408 2613 495 2674 ltalia
516 2627 715 2687 concessum,
738 2614 787 2674 cui
807 2629 870 2675 non
884 2614 1026 2676 videatur
1040 2615 1179 2674 miralnm

195 2696 311 2756 nullum
330 2702 444 2757 motum
459 2696 615 2758 incastris
632 2697 765 2759 lactum?
791 2698 918 2759 named
936 2703 1041 2760 cetera
1054 2698 1087 2758 id
1103 2714 1179 2773 quo

196 2794 257 2854 que
282 2786 472 2855 accesserat,
496 2786 531 2842 nt
549 2795 590 2840 ne
609 2781 711 2842 alendi
737 2780 861 2857 qnidam
881 2782 1037 2845 exercitus
1058 2781 1121 2842 nisi
1142 2796 1178 2841 ex

193 2862 310 2926 Bruttio
326 2877 400 2940 agro
416 2880 490 2939 spes
505 2870 604 2939 esset,
621 2865 688 2941 qui,
706 2871 741 2926 ut
754 2865 853 2928 omnis
869 2867 1030 2942 coleretur,
1046 2865 1177 2941 exignus

194 2956 293 3009 tamen
314 2953 399 3010 tanto
420 2948 531 3009 alendo
552 2949 701 3010 exercitui
716 2957 795 3010 erat=
823 2957 888 3011 tum
903 2965 1046 3025 magnam
1061 2957 1177 3025 partam

194 3031 359 3095 inventutis
381 3032 565 3094 abstractam
581 3049 600 3092 a
614 3034 696 3094 cultu
715 3049 859 3108 agrorum
873 3034 987 3096 bellum
1002 3047 1176 3109 occupave

194 3123 242 3177 rat
256 3124 288 3178 et
301 3132 369 3178 mos
383 3116 456 3179 vilio
472 3118 562 3179 etiam
577 3117 688 3178 insitus
702 3117 786 3192 genti
800 3134 858 3194 per
871 3117 1029 3180 latrocinia
1041 3117 1175 3178 militiam

196 3201 370 3262 exercendi.
404 3217 463 3262 nec
480 3200 520 3262 ab
535 3200 628 3260 domo
644 3201 810 3277 quicquam
824 3202 998 3264 mittebatur
1012 3202 1053 3262 de
1065 3201 1175 3277 Hispa·

195 3283 246 3344 nia
259 3285 417 3344 reclamo
433 3287 573 3357 sollicitis,
591 3291 742 3360 tamquam
756 3289 857 3349 omnia
870 3302 1020 3362 prospera
1037 3288 1070 3346 in
1085 3284 1175 3346 Italia

195 3375 298 3428 cuent.

273 3449 312 3509 In
325 3449 475 3526 Hispania
494 3464 545 3510 res
568 3451 701 3524 quadam
716 3465 755 3510 ex
771 3451 1001 3542 partecondem
1014 3451 1173 3534 fortunam,
