2428 3892
171 229 233 296 lto
357 229 473 292 LIBER
485 227 593 290 XXVI.
615 225 700 288 ΟΛΡ.
713 233 755 290 13.
778 231 806 300 [a
816 228 852 283 U.
863 247 890 283 a.
901 225 970 295 ott]

168 387 235 466 quit
247 400 336 462 „eant
350 381 536 443 deditionem
551 381 617 442 iore
632 377 776 451 censetis,
792 393 855 453 qua
870 373 1044 453 quondam,
1059 383 1096 436 ut
1110 375 1160 436 ad·

168 485 279 530 versus
295 465 447 528 Samnites
468 465 614 525 armiliam
635 463 885 538 impetraremus,
907 474 967 520 nos
989 466 1194 534 nostraque.

169 554 272 616 omnia
284 549 431 611 Romanis
446 547 640 609 dedidimust
661 546 721 607 iam
736 560 754 606 a
767 543 918 605 memoria
932 544 1084 619 excessit,
1102 559 1162 618 quo

169 645 307 711 tempora
321 639 352 694 et
365 632 395 692 in
408 647 470 708 qua
481 632 604 691 launna
617 647 636 690 a
647 629 765 706 populo
772 627 914 688 Romano
930 627 1164 687 defecerimus?

168 721 238 792 iam,
255 733 346 794 quem
360 715 536 776 admodum
551 716 581 775 in
597 712 769 774 delectione
785 710 987 788 praesidium,
1004 710 1099 788 quod
1110 725 1163 786 po·

169 808 246 863 terat
260 800 362 875 emitti,
380 815 436 876 per
451 798 617 860 cruciatum
632 803 662 857 et
676 797 717 856 ad
731 794 950 856 contumelium
962 793 1165 854 neearimust

169 885 311 963 quotiens
332 883 364 944 in
384 881 563 943 obsidentes
578 895 672 957 quam
692 878 806 940 inimiai
823 878 1036 955 eruperimus,
1060 883 1164 937 eastra

169 967 419 1046 oppugnarimus,
434 963 635 1026 Hannibalem
645 963 862 1024 vocaverimus
875 962 915 1022 nd
931 961 1163 1038 opprimendos

169 1059 246 1112 eost
267 1052 337 1126 hoo,
352 1049 437 1125 quod
450 1047 695 1108 recentissimum
708 1053 766 1123 est,
782 1046 824 1106 ad
838 1045 1092 1122 oppugnandam
1103 1045 1163 1104 Ro

170 1151 250 1194 mam
260 1135 333 1196 hina
346 1149 417 1194 eum
427 1131 621 1192 miserimus?
642 1145 700 1206 age
711 1135 827 1203 contra,
844 1142 926 1204 quae
940 1129 985 1189 illi
999 1129 1121 1189 infeste
1135 1127 1162 1186 in

169 1233 228 1279 nos
248 1217 390 1293 teearmt,
411 1215 554 1292 repetite,
577 1219 611 1275 ut
631 1229 671 1274 ex
691 1230 729 1274 eo
752 1212 828 1290 quid
848 1212 983 1289 speretis
1004 1211 1163 1272 habeatis.

170 1317 240 1363 aum
258 1300 358 1363 hostis
372 1299 544 1374 alienigena
561 1297 593 1357 in
606 1297 693 1358 ltalia
706 1303 806 1371 esset,
827 1304 859 1357 et
871 1293 1028 1357 Hannibal
1048 1293 1163 1371 hostis,

173 1392 204 1445 et
219 1392 327 1446 anneta
340 1383 422 1444 bello
437 1382 595 1455 arderent,
617 1381 742 1441 omissis
763 1379 923 1453 omnibus,
948 1379 1071 1442 omisso
1091 1380 1163 1457 ipso
1208 1379 1209 1398 *

168 1467 339 1528 Hannibale
353 1467 443 1527 ambo
459 1467 603 1526 constdes
618 1471 647 1524 et
661 1465 724 1525 duo
740 1463 922 1525 consuleres
945 1463 1108 1524 exereitus
1124 1464 1163 1524 ad
1209 1482 1210 1560 t

171 1551 313 1626 Capuam
321 1549 560 1626 oppugnandam
574 1548 730 1608 miserunt.
752 1548 882 1608 alterum
897 1563 1014 1609 annum
1029 1548 1163 1608 eircum-
1209 1563 1210 1580 t

169 1633 300 1694 vallatos
314 1633 514 1707 inclusosque
529 1647 587 1693 nos
598 1633 679 1692 fame
693 1637 857 1706 macerant,
875 1637 906 1691 et
917 1631 978 1708 ipsi
993 1631 1165 1693 nobiseum

169 1715 276 1776 ultima
295 1715 430 1793 pericula
449 1731 486 1775 ao
507 1715 709 1791 gravissimos
730 1713 854 1776 labores
882 1715 1048 1794 perpessi,
1077 1716 1165 1776 eirca

169 1799 283 1860 vallum
303 1814 341 1860 aa
355 1799 458 1861 fossas
473 1813 568 1876 saepe
582 1799 740 1874 trucidati,
761 1805 792 1859 et
805 1814 905 1876 prope
925 1800 967 1859 ad
987 1808 1165 1861 extremum

171 1883 279 1944 castris
298 1884 391 1944 exuti.
424 1883 481 1944 sed
502 1881 606 1943 omitto
628 1881 721 1944 haea=
742 1889 833 1944 vetus
856 1889 952 1960 atque
972 1884 1091 1945 usitata
1110 1899 1164 1944 res

170 1975 218 2029 est
230 1967 262 2027 in
276 1967 484 2046 oppugnanda
498 1965 632 2027 hostium
645 1967 723 2027 urbe
737 1965 862 2027 labores
877 1982 915 2027 oa
929 1967 1070 2043 pericula
1085 1967 1163 2044 pali.

170 2049 245 2111 illud
259 2051 322 2113 irae
336 2058 429 2128 atque
444 2051 506 2110 odii
520 2049 715 2126 inexpiabilis
730 2049 995 2126 exsecrabilisque
1009 2051 1164 2112 indicium

171 2141 227 2195 est·
258 2135 409 2196 Hannibal
429 2133 602 2210 ingentibus
617 2133 717 2210 copiis
731 2134 869 2210 peditum
890 2135 1095 2211 equitumque
1110 2151 1163 2196 oa-

170 2225 235 2280 stra
255 2218 446 2296 oppugnavit
465 2225 496 2279 et
515 2233 554 2278 ex
576 2223 662 2294 parte
682 2217 779 2293 aepiu
813 2224 898 2278 tanto
920 2218 1060 2294 periculo
1084 2219 1164 2279 nihil

169 2303 243 2363 moti
263 2302 385 2365 suntab
407 2301 578 2364 obsidione.
612 2301 769 2377 proiectus
784 2306 869 2361 bans
883 2303 1071 2363 Vulturnum
1088 2319 1161 2379 per-

171 2388 250 2447 ussit
263 2388 407 2449 calenum
428 2401 548 2460 agrum:
571 2384 644 2444 nihil
658 2391 743 2444 tanta
757 2384 913 2446 sociorum
929 2385 1019 2446 clade
1035 2388 1163 2448 avocati

171 2478 250 2531 sunt
281 2472 322 2532 ad
337 2471 437 2546 ipsam
457 2468 565 2529 urbem
578 2471 708 2529 Romam
722 2468 834 2528 intesta
849 2469 939 2544 signo
954 2469 1028 2529 ferri
1045 2471 1162 2532 iussit:

171 2569 239 2613 eam
255 2570 379 2630 quoque
393 2558 603 2628 tempestatem
618 2551 825 2612 imminentem
839 2560 1036 2628 spreverunt.
1056 2560 1161 2616 trans-

170 2652 298 2712 gressus
313 2636 462 2698 Anienem
479 2652 598 2696 amnem
612 2635 670 2716 trio
683 2636 766 2696 milia
781 2651 931 2712 passuum
946 2636 985 2696 ab
1006 2637 1088 2698 urbe
1110 2655 1160 2699 aa·

172 2726 235 2780 stra
249 2720 361 2797 posuit,
378 2726 534 2797 postremo
550 2721 589 2780 ad
603 2720 725 2780 moenia
740 2719 810 2797 ipsa
825 2727 855 2780 et
870 2720 910 2780 ad
925 2726 1034 2796 portas
1049 2738 1160 2783 noces-

171 2804 225 2877 sit,
246 2804 373 2868 Romam
389 2820 424 2865 se
438 2803 649 2881 adempturum
663 2803 724 2876 eis,
746 2802 805 2863 nisi
821 2803 994 2864 omitterent
1009 2805 1157 2882 Capuam,

171 2888 319 2949 ostendit:
341 2904 402 2949 non
419 2889 594 2951 omiserunt.
626 2887 708 2948 teras
722 2887 855 2963 bestias,
877 2903 971 2948 oaeoo
988 2889 1109 2965 impetn
1121 2905 1158 2949 aa

170 2971 256 3032 rabie
267 2974 444 3050 concitatas,
460 2971 487 3034 si
498 2973 538 3033 ad
550 2969 661 3035 cubilia
675 2977 706 3032 et
720 2971 839 3032 catulos
853 2986 960 3032 earum
973 2971 1019 3032 ire
1030 2989 1156 3049 pergas,

171 3056 212 3116 ad
227 3072 318 3133 opem
332 3058 397 3120 suis
409 3057 568 3119 terendam
582 3061 719 3118 avertas:
741 3055 899 3116 Romanos
910 3055 1011 3116 Roma
1026 3057 1157 3118 eircum-

171 3156 277 3215 sassa,
300 3142 446 3218 coniuges
467 3140 568 3216 liberi,
592 3155 721 3216 qaorum
737 3139 876 3215 ploratus
891 3139 962 3200 lrina
980 3156 1084 3216 prope
1104 3157 1155 3202 ex·

171 3224 384 3300 audiebantur,
409 3241 481 3288 arae
495 3224 569 3299 toci,
593 3225 685 3285 deum
699 3222 827 3284 delubra
842 3223 985 3299 sepulcra
1005 3225 1154 3286 maiorum

170 3315 315 3370 temerata
335 3326 372 3371 ao
387 3311 501 3372 violata
516 3327 536 3370 a
550 3311 655 3384 capua
668 3324 730 3369 non
745 3314 934 3369 averterunt=
956 3313 1044 3370 tanta
1058 3308 1152 3370 avidi·

170 3397 217 3452 tas
239 3392 382 3467 supplicii
402 3393 581 3470 expetendi,
599 3400 683 3453 tanta
702 3392 860 3468 sanguinis
874 3390 971 3452 nostri
992 3391 1150 3454 hauriendi

171 3481 220 3536 est
240 3475 317 3534 sitis.
348 3491 406 3536 nae
427 3475 536 3537 iniuria
550 3475 691 3537 forsitans
711 3491 770 3535 nos
786 3489 911 3551 auoque
925 3475 1009 3536 idem
1024 3477 1148 3537 iecisse·
