2428 3892
183 215 245 282 110
349 211 465 276 niuea
478 212 585 274 xxvi.
607 210 766 276 ennae.
788 217 823 286 [a
839 215 876 270 υ.
891 233 916 268 0.
931 213 995 284 ⁵4¹1

182 382 223 428 ne
244 365 477 443 desponderent
496 363 631 425 anImosa
657 362 818 426 toleranda
839 377 959 440 paucos
980 361 1049 424 dies
1070 365 1161 422 totam

182 451 338 512 soluturos
362 447 564 511 obsidionem.
603 448 677 508 inde
695 463 792 509 naves
813 447 843 507 in
865 445 990 508 flumiue
1009 446 1161 507 Vulturno

182 534 423 612 comprehensas
436 533 537 610 subigi
550 533 590 594 ed
604 533 636 594 id
648 533 733 610 quod
746 533 806 593 iam
820 539 892 593 ante
904 530 1053 608 praesidii
1070 546 1161 592 causa

182 621 298 680 iecerat
311 619 469 679 castellnm
484 618 587 679 tussia
611 634 739 694 quarum
753 616 806 678 ubi
819 623 931 677 mutam
942 615 1067 692 copiam
1082 631 1160 688 esse,

180 711 214 766 ut
227 720 289 764 una
303 710 395 764 nocte
411 701 496 764 traici
510 709 620 780 posset
634 702 798 776 exercitus,
816 701 949 764 adlatum
964 707 1022 776 est,
1038 699 1161 762 cibariis

181 789 289 848 decem
303 787 420 848 dierum
442 788 632 865 praeparcus
647 787 796 848 dedamus
811 793 901 846 nacte
919 786 960 866 ad
975 783 1108 846 fluuium
1122 785 1161 844 le·

180 873 289 947 giones
304 878 374 932 ante
388 872 487 933 lucem
502 872 627 932 uaiecit.

264 956 344 1016 VIII.
366 956 400 1016 ld
413 956 593 1032 priusquam
603 957 698 1030 lieret,
715 954 756 1016 ita
770 956 901 1016 initurum
916 961 1108 1032 compertum
1121 971 1161 1016 ex

180 1040 351 1116 transIngis-
361 1039 485 1101 Fulvius
499 1040 629 1101 Flaccus
649 1039 768 1101 senatui
782 1040 910 1102 Romam
926 1055 995 1102 aum
1016 1039 1159 1116 scripsis-

181 1131 244 1198 set,
264 1124 463 1185 varieanimi
483 1125 640 1186 bominum
658 1123 883 1201 proculusque
902 1124 1027 1200 ingenio
1048 1125 1159 1186 adiecti

181 1215 260 1270 sunt
284 1216 316 1270 ut
330 1209 360 1268 iu
374 1225 409 1270 re
423 1217 486 1270 lam
495 1210 618 1286 trepida
632 1216 740 1270 senatu
754 1210 907 1286 extemplo
922 1216 1034 1272 vocata
1046 1207 1079 1268 P.
1089 1209 1160 1270 cor·

181 1294 297 1370 nelias,
317 1294 367 1354 cui
380 1295 498 1356 Asinae
512 1309 682 1371 cognomen
698 1299 777 1366 erat,
801 1309 908 1355 omnes
922 1295 1019 1355 duces
1042 1293 1158 1356 exerci-

179 1385 291 1454 tusque
311 1395 351 1439 ex
366 1385 429 1440 tota
443 1379 529 1440 Italia
549 1395 650 1456 noque
665 1379 788 1455 Capuae
801 1393 902 1452 neque
921 1378 1013 1439 ullius
1034 1378 1159 1439 alterius

180 1463 223 1522 rei
238 1478 355 1525 memor
370 1464 411 1524 ed
423 1463 509 1524 urbis
524 1463 712 1540 praesidium
729 1463 910 1534 revocabam
932 1461 1048 1524 Fabius
1062 1461 1158 1524 Maxi·

179 1561 247 1606 mus
269 1547 395 1608 abscedi
415 1563 434 1606 a
458 1547 562 1624 capua
581 1549 750 1624 terrerique
769 1553 801 1608 et
814 1546 982 1623 circumagi
1005 1548 1047 1608 ad
1068 1553 1158 1608 nutus

179 1629 677 1707 comminationesqueHannibalis
689 1631 874 1707 flagitiosum
890 1631 1030 1693 ducebat
1054 1633 1107 1708 qui
1121 1631 1157 1690 ad

179 1714 298 1775 cannas
312 1715 411 1776 viator
425 1717 469 1777 irc
483 1723 582 1778 tamen
596 1717 637 1778 ad
657 1716 765 1777 urbem
778 1732 874 1778 ausus
889 1721 1066 1791 necasset,
1088 1731 1157 1776 eum

178 1814 197 1858 a
212 1798 315 1875 capua
329 1801 486 1876 repulsum
501 1817 589 1878 spem
604 1801 771 1878 potiundae
785 1800 870 1862 urbis
885 1801 1002 1862 Romae
1014 1800 1155 1876 cepisse!

178 1898 239 1944 non
262 1884 301 1943 ad
316 1883 445 1946 Itomam
467 1885 670 1948 obsidendam
691 1887 752 1946 sed·
768 1886 810 1946 ad
825 1885 947 1962 capuae
967 1884 1157 1971 liberandam

178 1965 371 2030 obsidIcnem
385 1969 439 2030 ire.
471 1971 606 2032 Romam·
615 1986 684 2031 cum
698 1985 738 2030 eo
751 1970 904 2045 exercitu,
927 1969 979 2046 qni
991 1969 1035 2040 ad
1050 1969 1156 2030 urbem

121 2089 123 2094 .
177 2059 274 2126 esset,
303 2055 408 2114 lavam
429 2055 587 2116 foederum
614 2061 772 2131 ruptorum
798 2053 837 2114 ab
858 2053 1031 2115 Hannibale
1048 2059 1155 2115 testem

177 2136 317 2212 deosque
338 2138 416 2200 allos
439 2139 622 2200 defensuros
640 2155 722 2200 esse.
759 2139 817 2200 hus
832 2138 975 2200 diversas
988 2138 1155 2200 'sententies

175 2222 277 2283 media
298 2223 448 2284 sententia
461 2223 492 2284 Ρ.
508 2223 624 2284 Valerii
639 2223 740 2284 Flacci
754 2223 841 2298 vicit,
863 2224 916 2300 qui
936 2223 1100 2298 aulasque
1113 2221 1155 2281 rei

174 2321 292 2367 memor
313 2307 613 2384 imperatoribusqui
628 2308 669 2368 ad
683 2307 818 2384 Caprium
829 2313 946 2369 esseut
959 2306 1154 2368 scribendum

176 2391 308 2467 censuit,
332 2391 406 2467 quid
426 2393 468 2452 ad
486 2392 594 2453 urbem
616 2391 762 2469 praesidii
781 2399 879 2462 esseta
903 2399 1036 2467 quantas
1057 2397 1154 2452 autem

174 2474 324 2558 Hannibal
339 2476 446 2552 copias
463 2477 597 2551 duceret,
619 2483 799 2552 autquarta
811 2474 950 2537 ex'ereitu
964 2476 1004 2536 ad
1021 2475 1153 2552 capuam

175 2557 378 2619 obsidendam
393 2576 474 2636 opus
489 2567 582 2632 esset,
598 2562 790 2638 ipsosseire.
821 2560 848 2620 sl
864 2561 907 2621 ita
919 2557 1051 2621 Romam
1066 2574 1086 2620 e
1101 2560 1153 2620 du·

174 2642 261 2701 cibus
276 2643 353 2702 alter
367 2651 397 2704 et
410 2644 565 2706 exereitus
580 2660 651 2722 pars
666 2645 741 2706 mitti
756 2652 873 2721 pessel,
887 2651 922 2705 ut
935 2643 973 2704 ab
989 2644 1113 2722 reliquo
1125 2649 1153 2702 et

174 2724 252 2785 duce
267 2731 298 2786 et
318 2727 454 2789 exercitu
468 2729 572 2812 ¹capua
585 2735 668 2790 recte
689 2729 896 2805 obsideretur,
918 2728 997 2789 Inter
1018 2745 1056 2790 se
1073 2743 1151 2790 aom-

174 2817 316 2884 pararent
330 2811 473 2874 Claudius
487 2812 684 2890 Fulviusque,
698 2814 757 2875 utri
772 2813 944 2876 obsidenda
958 2813 1076 2890 capua,
1097 2811 1151 2873 uui

173 2892 213 2952 ad
234 2894 456 2970 prohibendam
477 2896 640 2959 obsidione
660 2898 790 2973 patriam
808 2898 938 2958 Romam
964 2898 1151 2959 venIundum

172 2985 265 3040 esset
295 2978 356 3042 hoe
377 2989 502 3043 senatus
527 2983 667 3043 consulto
685 2983 819 3058 Capuam
841 2982 959 3058 perlato
976 2982 1012 3056 Q.
1027 2981 1150 3042 Fulvius

172 3066 352 3140 proconsul,
375 3067 424 3127 cui
438 3068 557 3142 collega
572 3083 611 3127 ex
625 3067 752 3127 vulnere
766 3081 859 3142 aegre
874 3067 1010 3127 eundum
1023 3065 1149 3128 Romam

171 3155 244 3225 erat,
266 3150 592 3212 cuibusexercitibus
607 3152 701 3212 milite
716 3151 830 3227 eleeto,
852 3151 893 3210 ad
908 3150 1087 3226 quindecim
1100 3149 1148 3209 mi-

172 3233 211 3292 lia
233 3234 370 3308 peditum
390 3236 472 3295 mille
486 3234 605 3309 equites
619 3235 801 3296 Vulturnum
821 3235 961 3314 traducit.
994 3235 1070 3295 inde
1085 3249 1146 3294 cum

170 3315 370 3378 Hannibalem
380 3318 553 3400 Latinavia
567 3319 676 3380 iturum
691 3319 767 3380 setin
782 3319 996 3396 comperisset,
1011 3319 1082 3396 Ipse
1096 3333 1147 3394 per

171 3399 291 3475 Appiae
302 3401 467 3477 municipia
479 3417 621 3478 quaeque
632 3408 758 3479 propter
769 3404 928 3464 eamuiam
940 3409 1020 3478 sunt
1037 3402 1144 3464 seuam

172 3481 279 3542 coram
293 3485 461 3546 Lanuvium
483 3486 653 3561 praemisit,
675 3494 708 3547 ut
722 3494 909 3548 commeatus
924 3493 1053 3563 paratos
1074 3493 1104 3548 et
1116 3484 1145 3544 in
