2466 3900
232 161 346 222 aman
358 161 466 221 xxlv.
489 161 869 238 CAP.14.1⁵.[u.c.att]
998 163 1039 232 th

74 329 158 392 quam
171 313 241 389 quid
256 312 453 390 meruissent=
474 310 557 372 bona
574 312 706 389 tortique
720 329 815 390 opera
829 329 935 376 eorum
950 331 985 376 se
1001 317 1040 378 ad

74 413 134 458 eam
147 395 223 456 diem
243 413 348 472 usum,
370 412 472 472 neque
492 396 533 457 ad
554 397 729 473 exemplum
749 397 820 459 iusti
835 398 937 460 militis
959 399 1043 476 quic-

71 497 155 559 quam
174 479 217 540 eis
238 486 362 556 praeter
381 479 551 540 libertatem
571 480 693 541 deesse.
739 482 779 542 de
798 497 837 542 eo
859 483 1043 560 permissum

68 563 123 641 lpsl
136 570 212 638 erat,
236 565 352 625 laceret
366 566 483 639 quode
497 580 531 624 re
546 563 670 640 publica
685 565 811 627 duceret
830 581 910 630 esse.
941 568 1043 645 itaque

67 648 236 726 priusquam
252 663 322 709 cum
334 648 424 709 hoste
438 664 561 709 manum
576 656 762 721 consereret,
778 651 954 725 pronuntiat
969 657 1041 712 tent-

66 749 121 809 pus
132 732 252 792 venisse
263 733 310 793 eis
321 731 479 807 libertatis,
495 748 587 809 quarn
598 731 652 794 diu
663 740 851 809 sperassent,
866 734 1042 811 potiundae.

67 823 182 894 postero
203 816 253 876 die
275 816 374 892 signis
396 815 514 876 collatis
536 815 748 876 dimicaturum
767 833 846 893 puro
869 834 906 879 ac
926 820 1041 894 patenti

67 915 180 977 eampo,
201 900 253 961 ubi
275 901 344 961 sine
364 902 426 961 ullo
448 899 627 960 insidiarum
648 905 730 961 metu
751 917 826 961 vera
844 901 955 965 virtute
976 904 1040 979 geri

67 992 236 1060 responset.
270 986 324 1059 qui
340 992 433 1060 eaput
445 983 545 1046 hostis
560 984 735 1059 rettulisset,
752 1001 821 1046 eum
836 1002 871 1046 se
886 987 1040 1063 extemplo

67 1066 182 1128 liberum
196 1069 355 1130 iussurum
369 1084 456 1139 esse3
480 1067 531 1144 qui
546 1069 617 1129 loco
633 1070 790 1145 cessisset,
804 1069 835 1129 in
851 1086 921 1132 eum
936 1070 1040 1132 servili

68 1153 205 1228 supplicio
216 1154 518 1214 animadversurum:
530 1167 618 1213 suam
629 1153 739 1227 cuique
747 1154 899 1214 lonuoam
912 1157 1040 1216 inmunu

72 1251 143 1296 esse.
166 1237 313 1298 libertatis
329 1244 484 1297 auctorem
499 1235 544 1296 eis
559 1252 621 1297 non
637 1237 877 1310 solumsolurn,
894 1238 950 1298 sed
966 1254 1039 1300 oon-

76 1319 158 1380 sulem
168 1319 203 1381 ll.
216 1322 413 1394 Marcellum,
437 1320 495 1381 sed
508 1320 672 1383 universos
689 1325 800 1396 patres,
823 1337 902 1396 quos
917 1322 1038 1383 consul-

75 1408 115 1462 tos
127 1403 160 1463 ab
173 1421 205 1465 se
219 1407 259 1466 de
277 1405 415 1466 libertate
430 1420 536 1466 eorum
550 1405 609 1466 sibi
624 1405 814 1481 permisisse.
837 1405 952 1466 litteras
966 1405 1039 1466 inde

75 1488 191 1549 consulis
206 1505 243 1550 ac
260 1497 389 1551 senatus
404 1491 575 1550 consultum
589 1489 737 1550 recitavit.
772 1490 812 1548 ad
827 1505 907 1566 quae
923 1491 1037 1551 clamor

71 1585 129 1630 eum
151 1572 261 1648 ingenti
286 1575 423 1635 adsensu
443 1581 490 1633 est
513 1574 662 1635 sublatus.
705 1589 837 1649 pugnam
858 1575 1034 1651 poscebant

71 1654 279 1733 signumqueut
288 1659 374 1719 daret
385 1656 538 1734 externplo
547 1658 689 1718 ferociter
701 1658 863 1718 instabant.
880 1659 1037 1720 Gracchus

71 1741 172 1814 proelio
187 1742 216 1800 in
230 1750 394 1819 posterum
408 1742 489 1802 diem
510 1742 703 1816 pronuntiato
726 1743 899 1803 contionem
914 1743 1036 1804 dimisit

70 1821 163 1885 milites
181 1827 270 1901 laeti,
292 1828 457 1902 praecipue
480 1824 591 1902 quibus
611 1841 729 1887 merces
749 1833 878 1888 navatae
892 1826 923 1886 iu
943 1843 1035 1887 unum

70 1907 138 1968 diem
152 1925 267 1986 operae
282 1911 405 1971 libertas
421 1911 520 1971 lutura
535 1917 607 1984 erat,
627 1909 719 1970 armis
734 1905 936 1986 expediendis
954 1910 1035 1985 quod

70 1991 120 2050 diei
129 1994 279 2069 reliquum
291 2002 481 2055 consumunt.
514 1993 581 2054 XV.
603 2002 728 2070 postero
741 1993 1035 2068 dieubisignacoe-

69 2086 164 2149 perant
178 2095 300 2155 canere,
315 2080 405 2155 primi
421 2078 553 2139 omnium
570 2078 666 2154 parati
680 2077 879 2154 instructique
894 2077 934 2137 ad
947 2092 1035 2152 prae·

70 2161 165 2222 lorium
185 2164 381 2224 conveniunt.
416 2164 483 2223 sole
504 2169 571 2223 orto
587 2162 742 2223 Gracchus
764 2162 794 2222 in
816 2161 911 2221 aciem
928 2160 1034 2236 copias

69 2242 165 2308 educit.
203 2262 264 2307 nee
290 2247 397 2308 hostes
419 2262 535 2308 moram
560 2246 723 2308 dimicandi
745 2247 889 2305 lecerunt.
928 2245 1034 2310 decem

69 2337 172 2404 septem
192 2332 277 2392 milia
298 2331 432 2408 peditum
454 2337 554 2406 erant,
576 2331 709 2390 maxima
723 2346 762 2390 ex
776 2337 863 2404 parte
876 2328 983 2389 Bruttii
999 2343 1035 2388 ac

69 2410 183 2488 Lucani;
200 2416 321 2491 equites
333 2415 414 2476 mille
425 2416 555 2488 ducenti,
571 2414 649 2475 inter
660 2430 739 2490 quos
755 2414 844 2490 pauci
860 2412 1035 2473 admodum

69 2494 164 2577 italici,
186 2501 280 2561 ceteri
294 2500 441 2561 Numidae
457 2502 520 2560 iere
542 2515 649 2559 omnes
663 2497 832 2572 Maurique.
868 2504 1035 2574 pugnatum

70 2588 109 2642 est
124 2590 152 2644 et
171 2585 283 2645 acriter
302 2591 332 2644 et
353 2585 420 2645 diua
444 2589 585 2660 quattuor
606 2582 690 2643 horis
708 2590 814 2644 neutro
829 2582 973 2643 inclinata
987 2590 1036 2644 est

69 2680 167 2740 pugna.
202 2684 262 2728 nec
282 2669 342 2729 ulia
361 2669 459 2744 magis
478 2669 649 2728 Romanum
668 2667 853 2743 impediebat
871 2680 922 2726 res
944 2683 1035 2742 quam

70 2751 157 2825 capita
174 2753 308 2814 hostium
322 2752 420 2829 pretia
438 2752 566 2812 libertati
581 2753 674 2811 lacta:
698 2767 768 2811 nam
786 2757 819 2811 ut
834 2751 966 2827 quisque
979 2750 1035 2812 ho·

71 2838 135 2894 stem
148 2837 277 2914 impigre
289 2837 452 2910 occiderat,
468 2836 599 2913 primum
610 2835 710 2911 capite
724 2850 816 2911 aegre
831 2835 908 2895 inter
917 2835 1035 2896 turbam

70 2921 277 2999 tumultumque
298 2919 487 2983 abscidendo
509 2922 626 2981 terebat
646 2926 781 2996 tempus;
811 2920 922 2981 deinde
944 2935 1035 2980 occu·

72 3009 131 3073 pata
145 3006 252 3067 dextra
273 3006 406 3067 tenendo
423 3012 514 3082 caput
535 3004 718 3065 fortissimus
739 3004 870 3080 quisque
884 3012 1035 3081 pugnator

72 3098 132 3146 esse
143 3090 281 3165 desierat,
293 3090 439 3166 segnibus
452 3105 488 3150 ac
498 3088 611 3150 timidis
621 3089 731 3151 tradita
742 3105 845 3165 pugna
856 3095 929 3149 erat.
950 3087 1034 3162 quod

72 3167 114 3228 ubi
127 3174 233 3236 tribuni
247 3175 374 3236 militum
389 3174 526 3235 Graccho
543 3173 764 3249 nuntiaverunt,
786 3173 937 3233 neminem
952 3177 1033 3230 stau·

74 3256 123 3312 tent
135 3248 191 3318 ia'm
206 3260 357 3321 vulnerari
367 3259 497 3332 hostem,
520 3256 691 3318 camiiicari
705 3257 849 3330 iacentes,
870 3262 900 3315 et
914 3254 944 3312 in
960 3251 1034 3312 ‹lex-

75 3337 253 3405 blanditum
267 3361 324 3421 pro
339 3343 450 3420 gladiis
464 3342 597 3403 humana
611 3341 713 3417 capita
726 3356 813 3412 esse,
833 3340 953 3412 signum
967 3334 1033 3395 dari

76 3433 192 3500 Propere
211 3429 315 3506 iussit,
338 3428 509 3504 proicerent
524 3425 625 3501 capita
644 3422 884 3494 invaderentque
898 3419 1034 3478 bostem:
