2434 3902
234 249 351 310 LIBER
364 249 498 309 xxmlt.
521 251 895 327 cnP.1t.1a.[a.c.roo]
990 251 1051 322 237

63 419 130 480 que
144 403 285 463 Romano
306 401 401 462 milite
422 400 566 462 cornibus
588 401 731 477 firmatis,
756 403 851 464 sociis
872 402 902 463 in
921 405 1053 466 mediam
1152 439 1157 450 ·

62 487 168 548 aciem
183 483 329 562 acceptis.
365 485 540 546 Hasdrubal
556 487 689 547 clamore
704 488 840 562 equitum
855 486 1005 550 excitatas
1019 499 1053 552 ut

62 587 105 630 ex
121 570 320 631 tabernaculo
335 569 485 646 prosiluit,
501 571 722 645 tumultumque
737 578 808 631 ante
820 573 933 632 tullum
949 579 980 633 et
991 577 1048 634 tre·

62 655 255 730 pidationem
279 669 406 715 suorum
427 660 457 714 et
477 655 586 731 procui
613 654 702 730 signa
726 654 881 731 legionum
906 655 1052 733 fulgentia

63 740 241 816 plenosque
261 737 395 799 hostium
417 753 543 814 campos
564 737 652 813 vidit,
674 740 842 814 equitatum
862 753 982 801 ornnem
998 755 1052 802 ex·

60 823 180 898 templo
209 822 386 897 inequites
414 822 535 893 emittit;
572 822 642 898 ipse
669 837 738 883 cum
766 823 902 900 peditum
932 825 1053 901 agmine

63 907 179 968 castris
205 906 374 981 egreditur,
402 921 461 967 nec
485 921 526 967 ex
546 905 654 968 ordine
678 907 768 968 solito
795 907 961 984 quiequam
985 909 1052 970 acie

61 990 246 1052 instruendo
267 997 370 1052 mutat.
403 991 537 1066 equitum
558 991 617 1051 iam
638 991 691 1051 diu
713 1007 829 1066 anceps
850 1005 954 1067 pugna
974 1001 1051 1072 erat,

61 1091 124 1136 neo
139 1076 208 1151 ipsa
222 1090 281 1150 per
293 1089 329 1134 se
344 1074 468 1136 decerni
482 1081 617 1152 poterat,
635 1075 708 1150 quio
721 1076 836 1151 pulsis,
853 1077 937 1152 quod
951 1093 1052 1154 prope

59 1161 94 1220 in
117 1159 215 1219 viceni
240 1159 348 1231 flebat,
374 1159 405 1219 in
426 1159 523 1220 aciem
544 1159 680 1236 peditum
701 1164 783 1221 tutus
805 1166 949 1238 receptus
971 1167 1051 1222 erate
1092 1219 1106 1238 ,

61 1244 122 1306 sed
137 1243 191 1304 obi
205 1243 266 1303 iam
280 1242 364 1304 hand
377 1243 449 1320 plus
465 1243 649 1320 quingentos
664 1257 778 1320 passus
794 1243 877 1305 acies
889 1244 969 1305 inter
979 1261 1051 1308 sese

62 1329 210 1404 aberent,
232 1327 322 1403 signo
337 1328 475 1404 receptui
491 1329 562 1389 dato
578 1325 683 1404 sapio
698 1327 923 1405 patefactisque
937 1329 1050 1391 ordini·

60 1413 126 1474 bus
148 1411 315 1488 equitatum
335 1425 455 1473 omnem
475 1413 640 1489 levemque
653 1421 850 1487 armaturam,
871 1414 901 1474 in
916 1415 1050 1476 medium

63 1504 225 1574 acceptam
246 1495 439 1573 divisamque
459 1497 490 1557 in
512 1503 616 1573 partes
639 1497 734 1573 duas,
756 1497 785 1557 in
808 1495 957 1559 subsidiis
978 1507 1051 1576 post

64 1597 183 1643 comuu
202 1582 292 1642 locat.
326 1581 413 1656 inde,
433 1580 486 1642 ubi
506 1580 700 1658 incipiendae
715 1581 774 1642 iam
790 1594 913 1659 pugnae
927 1590 1050 1660 tempus

66 1673 145 1742 erat,
158 1665 315 1742 Hispanos
325 1697 370 1709 -
380 1680 418 1726 ea
431 1664 533 1726 media
547 1667 632 1726 acies
647 1667 756 1726 tuit-
766 1680 878 1742 presso
892 1669 991 1742 grado
1005 1669 1049 1729 iu·

67 1751 179 1810 cedere
198 1749 298 1820 iubet,
327 1749 396 1826 ipse
417 1748 558 1811 edexuo
580 1750 783 1812 cornu—ibi
805 1766 938 1828 namque
959 1769 1049 1830 prae·

62 1833 331 1896 erat-—nuntium
353 1833 393 1895 ad
413 1831 549 1894 Silanum
570 1843 600 1895 et
613 1833 762 1896 Marcium
780 1835 883 1910 mittit,
904 1843 939 1897 ut
953 1853 1050 1899 cornu

60 1920 104 1980 ibi
119 1919 321 1978 e‘xtertdenent
341 1917 371 1978 in
386 1917 541 1979 sinistram
554 1927 688 1995 partem,
713 1932 805 1994 quem
820 1920 999 1982 admodum
1014 1937 1049 1982 se

61 2003 241 2064 tendentem
261 2003 300 2062 ad
322 2003 461 2063 dextram
476 2003 642 2078 vidissent,
664 2008 778 2064 etcum
793 2005 946 2079 expeditis
963 2006 1048 2081 pcdi-

60 2096 125 2148 tum
151 2087 350 2164 equitumque
374 2086 461 2163 prius
482 2099 618 2164 pugnam
639 2095 842 2148 consererent
859 2099 929 2148 cunt
948 2089 1047 2163 hoste,

61 2187 159 2248 quam
181 2171 267 2232 coire
285 2171 366 2232 inter
387 2187 423 2232 se
442 2171 562 2232 mediae
578 2172 661 2233 acies
682 2178 822 2247 possent.
859 2172 901 2232 ita
916 2171 1046 2235 diductis

59 2256 211 2318 cornibus
233 2271 301 2316 cum
321 2255 417 2317 tennis
438 2255 574 2331 peditum
596 2255 773 2316 cohortibus
788 2257 947 2332 ternisque
961 2259 1048 2334 equi-

59 2349 127 2403 tum
143 2339 260 2413 turmis,
282 2339 322 2400 ad
336 2337 397 2402 hoe
410 2337 568 2414 aditibus,
590 2341 682 2401 citato
697 2341 796 2414 grado
810 2340 840 2399 in
856 2340 977 2402 hostem
992 2343 1047 2402 du·

60 2425 189 2497 cebant,
215 2423 417 2500 sequentibus
438 2425 468 2484 in
492 2424 651 2502 obliquum
673 2423 750 2484 aliis.
787 2425 873 2486 sinus
894 2423 924 2484 in
946 2426 1047 2486 medio

59 2515 145 2583 erat,
168 2523 230 2584 qun
250 2508 377 2585 segnius
392 2508 600 2584 Hispanorum
615 2509 703 2585 signa
718 2508 910 2570 incedebant.
945 2517 975 2571 et
988 2510 1046 2571 iam

58 2591 269 2655 conflixerant
290 2607 420 2667 cornua,
443 2607 527 2668 cum,
550 2593 636 2670 quod
649 2592 772 2655 roboris
786 2593 817 2653 in
833 2594 899 2654 acie
913 2591 1047 2657 hostium

58 2685 144 2752 erat,
168 2675 262 2739 Poeni
282 2677 418 2738 veterani
437 2677 568 2752 Afrique
589 2680 726 2740 nondum
745 2677 785 2738 ud
805 2677 856 2738 teli
877 2678 1047 2741 coniectum

57 2761 238 2836 venissent,
265 2775 366 2837 neque
391 2761 421 2820 in
447 2777 577 2837 cornua,
603 2770 635 2824 ut
660 2762 840 2824 adiuvarent
863 2770 1046 2840 pugnantes,

58 2845 227 2906 discedere
247 2845 409 2918 auderent,
432 2861 470 2907 ne
485 2850 640 2924 aperirent
658 2846 789 2908 mediam
803 2847 900 2908 aciem
914 2849 1047 2909 venienti

56 2945 103 2990 ex
129 2931 263 2990 adverso
289 2929 381 2991 hosti.
414 2945 530 2992 cornua
555 2931 679 3007 ancipiti
703 2931 823 3007 proelio
843 2933 1046 3008 urgebantur=

59 3027 162 3090 eques
183 3013 324 3091 lenisque
346 3022 514 3089 armatura,
544 3015 667 3088 velites,
694 3015 909 3077 circumductis
934 3017 991 3077 atis
1016 3015 1047 3076 in

59 3100 159 3159 latera
180 3098 391 3168 incurrebant;
423 3097 565 3161 cohortes
582 3107 607 3159 'a
626 3099 726 3160 fronte
750 3101 914 3176 urgebant,
940 3108 974 3161 ut
993 3099 1046 3160 ab·

60 3188 244 3258 rumperent
263 3198 379 3245 cornua
399 3199 417 3243 a
438 3191 540 3244 cetera
560 3184 636 3244 acie.
672 3183 738 3244 XV.
762 3190 792 3244 et
813 3200 881 3244 curn
903 3183 942 3244 ab
965 3185 1045 3245 omui

60 3273 152 3343 parte
165 3265 406 3344 haudquaquam
420 3283 478 3344 par
491 3283 597 3344 pugna
611 3275 691 3344 erat,
708 3272 772 3328 tum
788 3269 872 3344 quod
886 3267 974 3329 turba
987 3267 1046 3328 Ba·

59 3351 182 3412 liarium
196 3352 390 3428 tironumque
403 3351 612 3428 Hispanorum
626 3353 764 3414 Romano
777 3351 947 3428 Latinoque
962 3352 1046 3413 militi

61 3435 183 3498 obiecta
206 3442 286 3497 erata
308 3443 339 3497 ot
352 3436 541 3514 procedente
560 3437 621 3497 iam
644 3436 693 3497 die
713 3437 796 3498 uires
820 3436 953 3497 deiicere
966 3435 1041 3497 Has·

61 3519 200 3582 drubalis
213 3521 380 3582 exercitum
392 3528 567 3598 coeperant,
577 3536 748 3599 oppressos
758 3520 905 3583 matutino
916 3523 1044 3582 tumultu
