2428 3892
246 197 362 260 niune
375 195 496 256 xxvn.
521 195 604 257 cnr.
617 203 642 261 r.
657 206 684 260 a.
706 198 742 276 [ι.
755 199 862 276 cnon]
983 197 1045 260 los

33 351 142 413 Iussi.
175 349 366 425 conquisitos
382 363 437 412 eos
453 349 597 409 consules
612 349 643 408 in
659 347 792 410 Siciliam
806 349 967 420 miserunt;
990 349 1044 410 ad·

35 437 185 510 ditaque
199 434 308 496 eadem
322 433 445 493 militiae
460 433 634 508 ignominia,
650 433 708 494 sub
725 450 786 508 qua
798 433 975 494 Cannenses
989 433 1042 493 mi·
1076 509 1080 516 Ι

36 519 187 580 litabant
202 519 317 594 quique
332 533 370 577 ex
387 517 538 594 praeiens
554 517 606 576 Cn.
618 516 715 577 Fulvii
730 518 865 578 exercitu
881 517 922 580 ob
937 517 1043 579 similis

37 604 129 666 iram
156 603 248 678 fugae
269 602 356 662 missi
379 617 416 662 eo
432 601 470 661 ab
492 608 600 661 senatu
616 601 743 662 luerunt.
789 601 820 660 0.
835 602 1042 663 Aurunculeio

38 687 186 747 eaedem
200 686 230 745 in
239 685 380 746 Sardinia
394 685 542 761 legiones,
559 684 669 760 quibus
681 685 713 744 Ρ.
721 685 851 746 Manlius
862 687 962 747 Vulso
976 701 1044 745 eam

43 770 253 848 provinciam
276 770 461 846 obtinuerat,
483 770 635 829 decretae.
677 768 709 827 P.
726 768 863 844 Sulpicio
878 771 986 831 eadem
1001 771 1043 829 le-

43 857 149 931 gione
165 855 337 930 eademque
349 852 670 914 classeilacedoniam
685 852 822 913 obtinere
837 853 923 914 iusso
936 869 1044 929 proro-

47 947 161 1014 gatum
176 939 208 997 in
223 955 335 998 annum
349 938 518 1014 imperIum.
553 937 675 1013 triginta
691 937 926 1012 quinqueremes
942 937 981 997 ex
997 937 1043 998 Si-

48 1024 296 1083 eiliaTarentum
312 1019 528 1097 adQ.Fabium
544 1022 702 1084 consulem
717 1022 791 1082 mitti
806 1023 926 1094 iussae;
942 1028 1044 1082 cetera

47 1108 160 1166 classe
174 1107 356 1182 praedatum
372 1108 400 1167 in
416 1107 551 1166 Africam
568 1113 620 1167 aut
633 1106 735 1181 ipsum
748 1105 789 1166 M.
801 1106 957 1166 Valerium
968 1107 1043 1166 Lae·

47 1192 162 1252 vinum
175 1191 314 1262 traicere,
330 1198 381 1251 aut
394 1191 512 1251 mittere
523 1190 619 1252 seuL.
628 1189 762 1251 Cincium
777 1205 833 1251 seu
839 1191 880 1250 M.
887 1189 1042 1252 Valerium

47 1275 247 1334 Messallam.
269 1290 326 1335 nec
338 1275 533 1351 deHispanIa
546 1275 711 1351 quicquam
722 1281 876 1349 mutatum,
888 1274 948 1333 nisi
959 1273 1044 1349 quod

49 1375 119 1419 non
136 1359 168 1418 in
185 1375 296 1419 annum
312 1359 449 1436 Scipioni
465 1358 643 1434 Silanoque,
666 1359 723 1418 sed
740 1359 839 1419 donec
853 1357 989 1418 revocati
1004 1356 1043 1417 ab

51 1450 168 1503 senatu
190 1443 304 1518 icrunt,
327 1450 524 1518 prorogatum
545 1442 705 1519 imperium
721 1449 778 1503 est.
810 1443 850 1503 ita
865 1440 1043 1518 provincIae

51 1527 309 1602 exercituumque
322 1528 353 1586 in
368 1543 438 1588 eum
454 1543 567 1587 annum
580 1527 692 1603 partita
706 1525 842 1603 imperia.

139 1611 222 1671 VIII.
244 1611 326 1672 Inter
337 1612 485 1672 maiorum
495 1626 597 1671 rerum
612 1627 701 1673 curas
717 1612 839 1673 comitia
852 1610 976 1670 maximi
990 1625 1043 1670 cu-

57 1695 161 1771 rionIS,
177 1711 247 1756 cum
261 1697 292 1757 in
308 1697 408 1756 locum
421 1694 462 1756 Μ.
474 1695 595 1756 Aemilii
611 1698 758 1757 sacerdos
774 1700 936 1767 crearetur,
954 1701 1043 1754 vetus

57 1782 270 1842 excitaverunt
298 1787 464 1854 certamen,
494 1779 631 1856 patriciis
659 1781 841 1856 negantibus
864 1779 895 1839 C.
918 1778 1043 1839 Mamilii

54 1864 165 1938 Atelli,
190 1865 242 1940 qui
262 1881 341 1925 unus
363 1863 513 1940 explebe
535 1864 672 1940 petebat,
700 1865 874 1925 habendam
895 1863 1043 1922 rationem

55 1965 138 2022 esse,
156 1949 231 2023 quia
239 1965 329 2010 nemo
345 1955 415 2008 ante
430 1965 499 2009 eum
513 1949 572 2008 nisi
588 1964 628 2008 ex
639 1948 776 2024 patribus
792 1948 823 2007 id
839 1947 1044 2008 sacerdotium

55 2032 227 2093 habuisset.
255 2033 365 2093 tribuni
381 2032 525 2110 appellati
541 2033 580 2092 ad
597 2038 734 2092 senatum
749 2031 934 2099 reiecerunl3
954 2045 1044 2089 sena·

54 2125 105 2178 tus
121 2117 232 2193 popuii
247 2125 430 2193 potestatem
444 2117 529 2177 iecit:
553 2116 668 2192 primus
685 2115 828 2191 explebe
844 2121 965 2174 creatus
980 2128 1043 2172 ma·

55 2201 160 2261 ximus
176 2199 260 2262 curio
278 2202 309 2261 c.
324 2201 476 2260 Mamilius
491 2202 620 2261 Atellus.
654 2206 683 2260 et
697 2198 851 2258 flaminem
866 2199 984 2258 Dialem
998 2197 1043 2256 in·

57 2286 154 2346 vitum
175 2285 350 2360 inaugurari
371 2285 471 2360 coegit
484 2285 516 2344 P.
532 2283 667 2344 Licinius
687 2283 825 2359 pontifex
846 2282 995 2341 maxImus
1011 2280 1043 2340 C.

56 2369 216 2430 Valerium
230 2369 383 2430 Flaccum.
417 2369 572 2430 decemvir
586 2369 684 2429 sacris
706 2367 856 2428 faciundis
878 2372 997 2425 creatus
1013 2365 1042 2424 in

58 2454 160 2514 locum
176 2453 209 2528 Q.
221 2453 314 2514 Mucii
327 2452 496 2514 Scaevolae
512 2453 662 2514 demortui
678 2453 709 2512 c.
725 2452 894 2512 Laetorius.
918 2465 1043 2510 causam

59 2537 235 2613 inaugurari
255 2537 353 2598 coacti
367 2537 499 2598 flaminis
515 2537 613 2598 libens
634 2537 842 2611 reIIcuissem,
863 2537 895 2594 ni
910 2550 949 2594 ex
964 2535 1044 2592 mala

60 2621 141 2682 fama
155 2623 186 2682 in
200 2622 315 2697 bonam
328 2623 480 2682 vertisset.
511 2614 551 2682 ob
573 2621 812 2682 adolescentiam
832 2620 1043 2695 neglegentem

60 2706 311 2783 luxuriosamque
323 2707 354 2766 C.
366 2707 494 2766 Flaccus
510 2703 621 2765 flamen
637 2713 744 2781 captus
760 2705 823 2765 aP.
835 2705 950 2765 Licinio
966 2719 1042 2780 pon·

61 2790 141 2850 tillce
156 2792 288 2851 maximo
304 2797 383 2865 erat,
405 2791 438 2850 L.
453 2789 564 2850 Flacco
580 2790 663 2849 fratri
678 2802 823 2864 germano
842 2788 1043 2864 cognatisque

62 2873 130 2934 aliis
145 2875 184 2934 ob
200 2878 308 2936 eadem
322 2875 396 2934 vitia
411 2874 539 2935 invisus.
572 2873 608 2945 is,
630 2882 662 2933 ut
676 2875 808 2933 animum
823 2873 889 2933 eius
906 2887 979 2933 cura
994 2886 1042 2930 sa-

63 2966 228 3029 crorumet.
235 2960 489 3020 caerimoniarum
500 2958 589 3034 cepit,
605 2957 646 3018 ita
659 2963 785 3033 repente
801 2958 885 3017 exuit
899 2957 1043 3030 antiquos

63 3058 172 3119 mores,
187 3051 221 3104 ut
234 3059 325 3104 nemo
341 3049 405 3105 tota
417 3042 575 3103 iuuentute
586 3043 750 3102 haberetur
762 3041 845 3117 prior
859 3055 916 3100 nec
931 3037 1043 3115 proba-

64 3127 121 3186 tior
141 3127 324 3204 primoribus
346 3135 481 3204 patrum,
509 3127 573 3188 suls
597 3127 710 3202 pariter
731 3125 917 3200 alienisque,
949 3126 1042 3182 esset.

66 3209 152 3272 huius
167 3213 267 3272 lamae
282 3228 438 3272 consensu
456 3212 554 3272 elatus
570 3211 610 3270 ad
632 3212 742 3271 lusiam
757 3209 901 3269 fiduciam
916 3205 963 3266 sui
978 3217 1042 3264 rem

67 3295 265 3357 intermissam
281 3299 465 3372 permultos
486 3311 586 3356 annos
602 3295 641 3356 ob
663 3293 873 3368 indignitatem
887 3288 1042 3350 flaminum
1086 3363 1091 3374 .

69 3380 196 3455 priorum
208 3381 359 3456 repetivit,
373 3387 407 3440 ut
421 3379 452 3440 ln
464 3387 603 3440 senatum
617 3377 762 3438 introiret.
786 3377 959 3450 ingressum
973 3385 1042 3429 curn

71 3465 174 3525 curiam
191 3480 261 3526 curn
275 3465 308 3524 L.
324 3463 459 3524 Licinius
474 3470 598 3538 praetor
613 3461 684 3522 inde
706 3459 881 3532 eduxisset,
903 3455 1042 3517 tribunos
