2466 3900
157 171 178 233 2
325 168 441 231 LIBER
455 167 563 228 XXIV.
586 165 668 226 CAP.
680 175 706 226 l.
718 171 744 226 l.
768 170 803 239 [a.
818 170 856 222 U.
874 186 897 221 c.
913 167 976 236 cet]

160 321 280 381 Poenus
295 317 415 395 equites
430 316 544 390 emisit,
568 317 620 393 qui
633 316 750 377 violare
766 330 949 391 quemquam
962 313 1056 390 vetiti,
1078 320 1142 374 tan·

159 415 222 466 tum
244 411 276 464 ut
295 403 334 462 ab
348 401 424 463 urbe
444 401 643 462 excluderent
657 400 729 476 luga
743 399 928 475 dissipatos,
951 406 1066 460 turmas
1089 399 1143 457 ob
1229 401 1230 442 ἲ

160 488 269 549 iecere.
293 486 357 546 dux
371 485 439 561 ipse
453 485 523 546 loco
539 485 700 560 superiore
715 490 816 560 capto,
830 484 914 544 unde
929 498 1022 559 agros
1038 481 1144 542 urbem

161 571 261 649 possit
281 571 478 646 conspicere,
499 569 685 630 Bruttiorum
700 567 858 629 cohortem
880 567 965 628 adire
980 583 1083 626 muros
1099 574 1143 627 at-

161 671 221 732 que
236 668 349 714 vocare
365 653 520 730 principes
535 653 734 713 Locrensium
749 652 790 712 ad
809 651 996 727 colloquium
1010 651 1098 712 iussit
1115 663 1142 710 et
1229 647 1230 718 ἶ

160 738 339 816 pollicentes
360 738 522 798 amicitiam
536 736 716 804 Hannibalis
731 736 887 798 adhortari
901 735 942 795 ud
962 735 1069 795 urbem
1082 742 1143 796 ua·
1229 737 1230 740 ’

161 823 303 884 dendam.
324 822 449 882 Bruttiis
465 821 496 882 in
511 821 666 897 colloquio
681 821 794 881 nullius
809 820 854 880 rei
869 820 967 896 primo
982 819 1062 880 fides
1078 827 1145 888 est;

160 906 281 981 deinde,
297 905 456 966 ntPoenus
471 906 614 982 apparuit
624 905 655 966 in
667 905 797 965 collibus
813 911 843 965 et
853 903 1040 980 relugientes
1052 903 1144 979 pauci

162 990 252 1050 eliam
267 1005 388 1052 omnem
408 990 628 1050 multitudinem
642 990 673 1050 in
689 994 841 1065 potestate
855 988 990 1049 hostium
1004 1003 1075 1048 esse
1090 989 1143 1048 ad-

161 1073 307 1146 ferebant,
330 1080 393 1133 tum
406 1079 488 1133 metu
501 1073 573 1134 victi
590 1073 785 1134 consulturos
801 1087 837 1134 se
852 1073 999 1149 populum
1013 1087 1142 1147 respon-

160 1159 279 1219 derunt.
294 1158 507 1233 advocataque
519 1157 673 1233 extemplo
686 1158 837 1232 contione,
847 1172 918 1218 eum
930 1163 960 1217 et
968 1155 1145 1216 levissimus

161 1241 294 1318 quisque
307 1257 407 1303 novas
421 1257 472 1302 res
487 1257 662 1317 novamque
676 1241 854 1302 societatem
868 1241 1001 1316 mallent,
1023 1247 1053 1300 et
1068 1256 1143 1314 quo·

160 1343 228 1388 rtun
248 1326 415 1402 propinqui
436 1331 523 1386 extra
542 1325 650 1386 urbem
669 1325 826 1385 interclusi
840 1324 879 1384 ab
894 1324 1034 1386 hostibus
1049 1331 1143 1400 erant

160 1412 244 1471 velut
265 1410 425 1470 obsidibus
441 1409 520 1470 datis
534 1410 713 1485 pigneratos
727 1409 876 1469 haberent
896 1409 1030 1483 animos,
1053 1408 1144 1484 pauci

161 1493 259 1568 magis
278 1493 360 1553 taciti
377 1492 543 1568 probarent
561 1499 751 1554 constantem
765 1493 857 1554 fidem
874 1508 965 1570 quarn
985 1492 1145 1569 probatam

162 1579 239 1639 tueri
261 1577 423 1649 auderent,
445 1576 531 1637 haud
550 1576 643 1637 dubio
665 1577 695 1637 in
717 1578 853 1654 speeiem
875 1592 1031 1638 consensu
1050 1577 1085 1636 fit
1105 1577 1145 1635 ad

160 1662 282 1723 Poenos
298 1659 423 1720 deditio.
455 1660 490 1719 L.
504 1661 597 1721 Atilio
614 1662 769 1737 praelecto
785 1661 931 1738 praesidii
947 1660 1061 1736 quique
1076 1676 1146 1720 curn

162 1761 200 1805 eo
221 1745 332 1804 milites
348 1745 477 1806 Romani
499 1752 585 1806 erant
605 1747 683 1806 clurn
702 1746 733 1805 in
753 1753 875 1822 portum
889 1745 1030 1807 deductis
1052 1750 1147 1819 atque

162 1828 312 1904 impositis
327 1830 357 1888 in
372 1844 478 1901 naves,
500 1831 671 1906 utRegium
687 1829 921 1903 deueherentur,
941 1829 1147 1889 Hamilcarem

160 1912 344 1992 Poenosque
360 1929 397 1973 eu
412 1914 609 1987 condicione,
633 1919 666 1974 ut
680 1914 791 1975 foedus
810 1913 963 1990 extemplo
979 1913 1086 1988 aequis
1102 1913 1152 1976 le-.

160 1997 251 2072 gibus
272 1997 373 2073 lieret,
396 1997 426 2058 in
440 1997 548 2059 urbem
570 2004 765 2074 acceperunt.
808 1998 896 2059 euius
911 1997 954 2057 rei
969 2012 1068 2072 prope
1082 2011 1146 2055 non

161 2088 284 2143 servata
298 2083 377 2142 lides
393 2082 504 2141 deditis
520 2089 575 2157 est,
598 2097 668 2142 oum
682 2081 802 2143 Poenus
818 2082 890 2143 dolo
907 2081 1068 2143 dimissum
1082 2080 1146 2141 lto·

161 2181 283 2227 manum
296 2166 459 2242 incusaret,
480 2167 654 2228 Locrenses
671 2167 848 2242 profugisse
863 2166 965 2242 ipsum
980 2180 1146 2225 causaren-

160 2257 218 2311 tur.
241 2250 371 2311 inseeuti
383 2249 473 2312 etiam
485 2250 604 2326 equites
617 2256 696 2326 sunt,
710 2251 805 2325 siquo
818 2265 895 2310 casu
905 2250 935 2308 in
948 2250 1025 2309 ireto
1038 2252 1150 2309 aestus
1231 2267 1232 2322 ῃ

161 2334 274 2394 morari
289 2340 341 2394 out
352 2334 473 2399 deferre
487 2351 583 2395 naves
598 2335 628 2394 in
644 2340 753 2394 terrani
769 2341 886 2410 posset.
908 2340 939 2394 et
953 2348 1008 2393 eos
1020 2331 1150 2408 quidem

162 2432 241 2492 quos
256 2417 466 2492 sequebantur
479 2434 539 2478 non
556 2425 627 2479 sunt
647 2417 767 2493 adepti;
789 2418 866 2477 alias
881 2435 900 2478 a
913 2417 1059 2478 Messana
1072 2415 1149 2476 trai-

161 2500 276 2560 cientes
298 2501 374 2562 irem
389 2502 517 2575 Regium
539 2517 635 2562 naves
657 2510 894 2577 conspexerunt.
927 2503 1036 2562 milites
1058 2509 1149 2561 erant

160 2585 287 2644 Romani
310 2583 470 2644 aclaudio
492 2592 634 2660 praetore
648 2587 735 2646 missi
757 2587 799 2646 ud
819 2585 1014 2646 obtinendam
1036 2584 1148 2646 urbem

159 2667 326 2744 praesidio.
346 2667 551 2745 itaqueRegio
568 2671 721 2746 extemplo
737 2670 918 2731 abscessum
933 2677 989 2730 est.
1011 2669 1148 2729 Locren-

160 2750 246 2812 sibus
273 2751 359 2812 iussu
380 2752 558 2815 Hannibalis
581 2754 652 2815 data
671 2770 750 2831 pax,
776 2762 810 2815 ut
829 2753 915 2815 liberi
937 2754 1001 2815 suis
1023 2752 1148 2828 legibus

160 2836 311 2911 viverent,
333 2835 406 2897 urbs
428 2843 545 2912 pateret
558 2838 685 2912 Poenis,
711 2845 817 2915 portus
836 2839 867 2898 in
888 2844 1071 2914 potestatem
1083 2835 1139 2898 Lo-

159 2920 313 2980 crensium
328 2927 420 2994 esset,
438 2922 570 2983 societas
586 2938 623 2982 eo
639 2923 704 2984 inre
718 2929 819 2995 staret,
835 2930 868 2982 ut
877 2921 999 2984 Poenus
1010 2922 1148 2982 Locren-

160 3018 226 3062 sem
240 3004 475 3081 Locrensesque
490 3006 625 3072 Poenum
642 3022 719 3082 pace
734 3023 771 3066 ac
785 3006 866 3067 bello
882 3007 1030 3066 iuvarent.

243 3087 281 3146 Il.
313 3087 365 3149 Sic
390 3105 409 3149 a
433 3091 509 3150 treto
530 3088 624 3150 Poeni
649 3090 766 3151 reducti
791 3090 989 3152 trementibus
1007 3086 1147 3162 Bruttiis,

160 3171 245 3245 quod
259 3172 386 3247 Regium
401 3189 438 3233 ec
452 3174 585 3246 Locros,
609 3189 685 3249 quas
701 3172 793 3235 urbes
809 3174 982 3250 direpturos
998 3189 1034 3234 se
1049 3173 1147 3234 desti·

159 3263 321 3332 neverant,
343 3256 471 3336 intactas
491 3256 698 3332 reliquissent
738 3258 840 3334 itaque
861 3275 918 3334 per
938 3274 973 3319 se
993 3257 1054 3333 ipsi
1069 3272 1147 3318 con-

159 3338 282 3413 scriptis
298 3338 485 3414 armatisque
505 3339 667 3400 iuventutis
683 3357 759 3402 suae
775 3343 949 3419 quindecim
963 3341 1085 3402 milibus
1102 3340 1146 3400 ad

160 3419 322 3485 Crotonem
345 3422 586 3497 oppugnandum
600 3429 731 3501 pergunt
744 3425 803 3495 ire,
827 3425 974 3486 Graecam
989 3431 1020 3484 et
1040 3425 1147 3500 ipsam
