2434 3902
219 230 484 318 7777777777.
508 259 591 319 777.
604 268 647 323 na
660 269 704 325 77.
728 261 811 339 [ac.
823 266 886 343 777]
984 263 1042 327 757

42 419 158 474 ctores
174 389 345 484 seditionis,
369 426 425 487 per
438 411 570 473 idoneos
585 413 726 476 1777777777
741 418 903 493 77777771Ι
896 435 927 480 77
940 419 1045 497 hospi-

41 497 102 572 tia,
121 495 299 571 comprensi
314 509 350 554 77
366 494 459 555 vineti
475 502 555 558 sunt.
587 498 692 574 vigilia
708 508 817 577 quarto
830 503 1047 579 impedimenta

43 580 219 656 exereitus,
241 579 329 640 cuius
345 579 545 642 simulabatur
558 583 622 659 iter,
644 584 801 661 proticisci
817 602 964 664 coepere:
987 589 1046 651 suh

43 669 154 728 lucem
168 664 258 740 signa
271 672 353 726 mota
369 671 399 724 77
413 665 454 725 77
464 672 585 741 portem
599 674 749 730 retentum
763 687 872 746 agmen
884 673 1045 734 custodes·

47 767 118 828 que
140 749 222 810 eirea
244 763 351 809 omnes
365 755 472 826 portas
487 751 589 827 missi,
609 768 648 812 ne
664 752 733 830 quis
749 753 824 814 urbe
839 757 1044 832 egrederetur.

44 835 157 896 vocati
173 833 285 895 deinde
300 834 340 894 77
355 834 528 896 contionem
543 837 595 910 qui
609 837 711 912 pridie
725 846 881 914 venerant,
903 842 1046 903 ierociter

46 923 82 981 in
96 921 199 980 lorum
214 918 255 979 ad
269 917 398 978 tribunal
413 919 617 995 imperatoris,
637 929 672 983 ut
685 924 764 984 ultro
778 925 910 984 territuri
924 929 1044 986 succla-

45 1003 255 1077 mationibus,
284 1010 476 1065 concurrunt
514 1005 604 1066 simul
628 1012 658 1066 77
678 1007 845 1083 imperator
865 1008 895 1067 in
912 1009 1044 1071 tribunal

47 1089 209 1164 escendit,
230 1095 260 1148 et
273 1087 391 1148 reducti
406 1090 513 1149 armati
528 1106 546 1148 7
560 1090 659 1164 portis
680 1091 787 1152 inermi
803 1093 939 1154 contioni
953 1110 989 1154 77
1004 1094 1043 1155 ab

47 1183 140 1251 tergo
164 1172 430 1233 circumfuderunt.
461 1179 525 1234 tum
548 1175 647 1234 omnis
663 1174 778 1238 ieroeia
793 1177 927 1239 concidit
947 1185 991 1252 et,
1012 1185 1044 1239 ut

49 1265 166 1337 postea
186 1257 373 1330 latabantur,
397 1257 470 1317 771771
494 1273 593 1335 aeque
614 1261 790 1322 7777777717
811 1279 903 1338 quarn
921 1270 1042 1339 praeter

51 1360 144 1421 spem
159 1341 254 1404 robur
268 1348 299 1402 et
312 1341 400 1404 colos
415 1342 622 1418 imperatoris,
646 1360 737 1420 quem
751 1346 904 1408 adlectum
920 1347 1042 1408 visuros

51 1429 258 1501 crediderant,
283 1426 448 1502 vultusque
464 1429 586 1503 qualem
600 1444 640 1488 77
653 1429 684 1489 77
700 1430 767 1490 7777
782 1431 907 1506 quidem
921 1431 1043 1492 aiebant

51 1513 240 1575 meminisse.
272 1511 353 1573 sedit
370 1511 480 1572 tacitus
496 1513 668 1589 paulisper,
692 1514 791 1575 donec
806 1517 974 1578 nuntiatum
996 1524 1043 1578 est

52 1598 206 1660 deductos
232 1597 262 1657 in
283 1597 384 1658 lorum
411 1604 553 1659 auctores
579 1598 740 1660 seditionis
762 1609 792 1662 et
812 1609 920 1677 parata
941 1601 1042 1663 omnia
1143 1611 1146 1617 ·

56 1699 138 1743 esse.
179 1681 301 1743 XXVII.
323 1687 387 1743 tum
402 1681 524 1742 silentio
540 1699 596 1759 per
615 1698 802 1759 praeconem
817 1685 898 1747 iacto
914 1687 957 1746 ita
971 1702 1041 1747 coe-

54 1767 114 1843 pit:
135 1782 320 1842 „numquam
333 1766 406 1826 mihi
418 1767 590 1827 defuturam
606 1769 784 1845 orationem,
801 1787 862 1848 qua
876 1771 1042 1832 exereitum

52 1869 155 1913 meum
169 1851 362 1926 adloquerer,
379 1851 504 1926 credidi,
520 1868 582 1912 non
596 1869 656 1927 quo
668 1853 764 1914 verba
778 1871 923 1929 umquam
938 1854 1041 1931 potius

52 1953 145 2014 quam
160 1953 210 1997 res
226 1936 423 2011 exercuerim,
440 1937 498 1997 sed
510 1937 582 2010 quia
595 1953 695 2014 prope
710 1954 729 1996 7
742 1939 871 2013 pueritia
886 1939 916 1999 in
933 1940 1038 2002 eastra

50 2020 173 2084 habitus
196 2021 359 2082 adsueram
380 2019 560 2081 militaribus
582 2021 722 2096 ingeniis.
754 2022 873 2084 advos
895 2039 987 2099 quem
1001 2024 1042 2084 77

50 2107 178 2168 modum
194 2106 314 2182 loquar,
329 2119 387 2165 nee
403 2103 563 2165 eonsilium
574 2118 632 2164 nee
649 2104 746 2167 oratio
759 2107 944 2183 suppeditat,
962 2124 1041 2183 quos

51 2209 92 2252 ne
115 2207 176 2268 quo
199 2189 322 2252 nomine
343 2189 467 2265 quidem
489 2190 647 2267 appellare
668 2190 798 2250 debeam
819 2192 895 2253 seio.
935 2191 1042 2252 cives?

50 2278 106 2354 qui
122 2293 142 2336 7
156 2276 255 2352 patria
269 2280 374 2336 vestra
389 2275 589 2336 descistis-
605 2292 642 2335 77
658 2275 791 2340 milites?
812 2276 866 2352 qui
880 2276 1040 2352 imperium

50 2362 288 2437 auspiciumque
302 2359 462 2436 abnuistis,
478 2361 661 2420 sacramenti
671 2361 853 2436 religionem
862 2360 988 2437 rupistis
1000 2391 1041 2408 -

51 2447 182 2508 hostes?
209 2459 342 2521 corpora
363 2460 418 2505 ora
442 2445 585 2506 vestitum
599 2443 735 2507 habitum
756 2445 875 2506 civium
889 2461 1041 2522 agnoseo;

50 2533 136 2592 17777
149 2529 231 2591 dicta
243 2529 373 2591 77777177
386 2529 507 2592 animos
518 2529 652 2590 hostium
666 2530 770 2591 video.
791 2530 865 2606 quid
880 2531 961 2590 enim
974 2546 1041 2607 voe,

50 2616 113 2677 nisi
136 2615 220 2691 quod
241 2615 387 2690 Ilergetes
398 2621 452 2675 aut
465 2614 624 2688 Lacetani,
653 2621 706 2676 aut
734 2615 970 2692 optastisaliud
991 2621 1042 2677 aut

51 2700 225 2776 sperastisa
246 2706 277 2759 et
291 2699 334 2759 illi
347 2707 448 2760 tamen
463 2699 662 2761 Mandonium
683 2706 775 2776 atque
789 2699 972 2776 indebilem,
993 2716 1040 2761 re·

50 2786 122 2862 giae
142 2783 306 2846 nobilitatis
328 2784 426 2860 viros,
451 2784 546 2844 duces
568 2783 680 2845 luroris
695 2785 793 2846 secuti
807 2793 892 2847 sunta
914 2801 973 2846 vos
988 2801 1040 2845 au-

51 2868 1041 2946 spiciumetimperiumadUmbrumAtriumelcalenumAlbium

53 2951 216 3016 detulistis.
238 2959 348 3029 negate
361 2969 418 3014 vos
430 2953 463 3013 id
475 2969 582 3014 omnes
590 2954 703 3015 iecisse
714 2962 766 3016 aut
773 2954 1040 3030 loetumvoluisse,

53 3039 177 3099 milites:
212 3053 380 3115 paucorum
406 3054 476 3099 eum
497 3040 631 3100 furorem
657 3046 751 3116 atque
781 3039 942 3100 amentiam
968 3054 1040 3099 esse

52 3125 181 3186 libenter
195 3123 319 3183 credam
333 3122 524 3198 negantibus
554 3139 612 3184 nec
633 3124 713 3183 enim
729 3139 766 3184 ea
780 3132 852 3185 sunt
867 3123 1040 3198 commissa,

55 3223 134 3284 quae
155 3208 305 3284 vulgata
298 3224 327 3266 m
348 3223 468 3268 omnem
487 3207 653 3269 exercitum
675 3209 742 3268 sine
761 3207 892 3283 piaculis
912 3207 1040 3282 ingenti·

53 3293 112 3353 bus
127 3293 243 3369 expiari
258 3292 390 3368 possint
425 3275 537 3353 1nvitus
553 3307 591 3356 ea
603 3300 758 3368 tamquam
773 3292 901 3352 vulnera
916 3291 1039 3367 attingo,

56 3377 113 3439 sed
134 3377 294 3438 717177777
314 3383 504 3452 tractataque
525 3377 627 3437 sanari
645 3393 706 3436 non
723 3382 863 3451 possunt.
897 3375 1040 3451 equidem
1159 3437 1162 3442 ,

56 3462 153 3539 pulsis
167 3461 318 3537 Hispania
332 3461 634 3536 Carthaginiensibus
656 3462 758 3522 nullos
773 3461 913 3521 homines
935 3461 1038 3519 crede·

56 3546 126 3607 bam
146 3562 233 3618 esse,
255 3545 308 3605 nbi
330 3547 392 3606 vita
412 3545 513 3606 invisa
535 3551 619 3604 esset
632 3561 715 3604 mea:
740 3546 785 3604 sic
800 3561 848 3604 me
864 3561 926 3605 non
940 3545 1039 3605 solum
