2448 3900
165 268 227 334 ato
300 268 415 328 nmen
429 266 563 325 xxvm.
585 264 669 325 can.
683 273 728 327 cs.
743 273 787 328 rs.
809 270 892 338 [an.
906 271 1009 337 aar]

165 424 364 494 trumentum,
385 416 517 478 Arretini
530 417 589 477 tria
603 417 685 477 mitia
699 423 869 492 scutorum,
890 417 997 491 galeas
1010 416 1149 492 totidem,

165 507 228 584 pita
242 519 337 581 gaesa
357 503 462 562 hastas
478 503 602 576 longas,
624 501 737 562 milium
759 500 982 577 quinquaginta
997 515 1151 560 summam

164 589 231 666 pari
253 589 403 662 cuiusque
417 585 538 661 generis
553 601 680 646 numero
702 586 895 662 expleturos,
920 599 1051 644 secures
1068 591 1152 643 rutra

165 674 260 734 ialces
275 669 415 730 alveolos
425 669 534 746 motas,
549 675 695 746 quantum
710 669 741 728 in
757 668 959 744 quadraginta
970 669 1084 744 longas
1099 685 1152 727 na-

164 773 221 816 ves
237 770 316 830 opus
332 758 424 827 esset,
446 751 535 813 tritici
551 760 672 813 centnm
687 760 717 814 et
731 752 837 830 viginti
851 753 933 813 milia
947 751 1100 826 modium,
1124 759 1153 810 et

165 840 196 900 in
210 837 353 898 viaticum
374 837 592 897 decurionibus
607 836 834 914 remigibusque
850 836 1035 907 collatur0s;
1060 835 1153 896 Peru-

165 923 224 983 sini
239 921 352 983 Clusini
365 919 522 980 Rusellani
536 920 653 982 abietes
674 921 705 980 in
720 921 914 981 fabricandas
929 935 1030 980 naves
1046 925 1077 979 el
1091 921 1153 979 iru-

164 1006 256 1068 menti
279 1020 421 1079 magnum
441 1020 608 1065 numerum.
651 1004 750 1064 abiete
775 1020 815 1065 ex
836 1005 967 1080 publicis
989 1004 1079 1064 silvis
1108 1009 1155 1062 est

163 1106 249 1152 usus.
271 1087 413 1150 Umbriae
428 1087 534 1164 populi
549 1095 580 1149 et
594 1094 715 1166 praeter
728 1089 787 1148 hos
802 1087 925 1148 Nursini
940 1094 971 1149 et
984 1087 1111 1148 Reatini
1125 1092 1154 1147 et

164 1171 343 1235 Amiternini
358 1170 552 1248 Sabinusque
567 1173 666 1233 omnis
682 1187 756 1248 ager
769 1173 879 1233 milites
894 1167 1033 1248 pbtttcitt.
1057 1171 1153 1230 Marsi

163 1257 279 1333 Peligni
292 1255 520 1333 Marrucinique
539 1257 624 1320 multi
646 1256 809 1317 voluntarii
824 1257 948 1316 nomina
962 1257 993 1315 in
1015 1255 1151 1316 classem

165 1342 325 1401 dederunt
348 1340 502 1400 Camertes
517 1355 586 1401 cum
601 1357 702 1416 aequo
714 1341 840 1400 loedere
855 1355 923 1402 cum
934 1339 1086 1400 Romanis
1104 1355 1151 1398 es·

166 1433 242 1500 sent,
258 1425 415 1486 cohortem
429 1429 573 1485 amintam
589 1431 804 1485 sexcentorum
818 1425 975 1485 hominum
988 1423 1151 1484 miserunt

164 1509 286 1584 triginta
300 1508 421 1567 navium
433 1508 564 1581 carinae,
579 1509 684 1584 viginti
700 1510 937 1586 quinqueremes
949 1508 1057 1568 decem
1075 1525 1150 1584 qua-

165 1591 321 1664 driremes,
338 1607 407 1651 cum
422 1600 528 1652 essent
538 1592 667 1669 positae,
683 1593 752 1669 ipse
766 1593 808 1652 ita
821 1593 928 1654 institit
942 1592 1038 1667 operi,
1054 1596 1091 1652 ut
1102 1592 1151 1650 die

166 1675 401 1751 quadragesimo
415 1676 518 1749 quinto
532 1692 622 1751 quarn
635 1693 674 1736 ex
686 1677 772 1736 silvis
785 1677 922 1738 detracta
931 1677 1059 1736 materia
1075 1683 1150 1748 erat,

165 1773 260 1819 naves
288 1761 454 1818 instructae
483 1767 678 1837 armataeque
704 1761 735 1820 in
764 1777 876 1835 aquam
902 1759 1053 1821 deductae
1080 1761 1150 1820 mut

163 1842 267 1904 XLVI.
301 1841 457 1917 proiectus
477 1842 507 1902 in
529 1841 663 1904 Siciliam
685 1850 733 1904 est
751 1843 873 1919 triginta
894 1843 1026 1904 navibus
1047 1843 1151 1918 longis

164 1926 405 1987 voluntariorum
426 1933 544 2002 septem
563 1928 659 1987 terme
680 1927 802 1988 milibus
822 1928 964 1988 innoves
983 1927 1150 2003 impositis.

165 2018 195 2070 et
213 2010 245 2070 P.
266 2009 399 2070 Licinius
420 2011 449 2069 in
470 2009 605 2071 Bruttios
628 2012 668 2070 ad
690 2012 769 2072 duos
791 2013 945 2072 exercitus
967 2011 1151 2071 consulares

165 2095 257 2154 venit.
291 2109 330 2153 ex
344 2093 382 2155 iis
397 2108 466 2155 eum
482 2093 540 2154 sibi
556 2095 695 2171 sumpsit,
719 2111 811 2172 quem
825 2095 859 2155 L.
874 2095 1022 2155 Veturius
1038 2096 1151 2154 consul

163 2177 325 2238 habuerat:
355 2177 491 2250 Metello,
520 2185 552 2238 ut
572 2179 683 2255 quibus
704 2177 891 2255 praefuisset
910 2180 1092 2254 ualentiae,
1115 2181 1153 2238 tis

161 2269 320 2340 praeesset,
337 2261 456 2322 facilius
472 2277 541 2322 cum
556 2263 694 2323 adsuetis
709 2263 837 2339 imperio
848 2277 913 2322 rem
927 2270 1089 2338 gesturum
1103 2279 1151 2320 ra·

163 2350 223 2419 tus,
237 2344 385 2420 permisit.
420 2352 450 2405 et
465 2352 624 2422 praetores
639 2346 753 2406 diversi
767 2346 798 2406 in
814 2346 992 2424 provincias
1006 2346 1151 2422 proiecti.

163 2437 194 2488 et
208 2429 283 2504 quia
295 2428 426 2504 pecunia
440 2428 480 2488 ad
494 2427 606 2488 betium
621 2430 735 2504 deerat,
750 2431 815 2504 agri
830 2429 976 2506 Campani
990 2429 1152 2505 regionem

165 2528 184 2570 a
199 2513 285 2573 rossa
297 2511 413 2572 Graeca
428 2513 468 2572 ad
482 2526 566 2572 mare
576 2529 699 2573 versam
710 2513 846 2574 vendere
862 2521 1044 2590 quaestores
1060 2513 1150 2587 iussi,

163 2594 276 2656 indicio
295 2611 421 2670 quoque
435 2595 597 2671 permisso,
621 2597 672 2672 qui
688 2612 762 2671 ager
775 2596 852 2658 civis
867 2597 1014 2674 campani
1030 2597 1151 2672 luisset,

163 2678 206 2738 uti
225 2678 252 2737 is
279 2675 419 2752 publicus
440 2679 546 2754 populi
566 2679 695 2740 Romani
722 2686 815 2740 essct.
841 2676 948 2740 'indici
976 2682 1150 2757 praemium

164 2759 368 2834 constitutum,
389 2769 521 2837 quantae
535 2763 686 2838 pecuniae
700 2779 776 2838 ager
789 2763 941 2824 indicatus
956 2771 1051 2841 esset,
1074 2781 1149 2842 pars

165 2843 293 2903 decima.
327 2851 357 2904 et
372 2843 424 2904 Cn.
440 2843 570 2905 Servilio
584 2847 718 2923 praetori
731 2846 799 2906 urb.
813 2847 968 2923 negotium
982 2847 1099 2925 clatum,
1118 2856 1150 2907 ut

165 2927 309 3003 Campani
330 2927 429 3003 cives,
458 2926 644 3006 ubicuique
671 2947 711 2990 ex
733 2938 858 2994 senatus
879 2933 1022 2992 consulto
1043 2932 1149 2994 liceret

162 3009 313 3086 habitare,
342 3010 383 3071 ibi
403 3012 587 3087 habitarent,
610 3013 926 3090 animadverteretque
945 3017 978 3075 in
998 3031 1073 3090 eos,
1099 3017 1147 3091 qui

163 3093 234 3153 olibi
248 3095 427 3155 habitarent

247 3177 364 3238 Eadem
378 3185 494 3239 aestate
505 3179 596 3256 Mago
610 3181 790 3243 Hamilcaris
804 3183 886 3243 illius
901 3199 941 3242 ex
955 3183 1076 3244 minore
1090 3183 1145 3243 Ba·

163 3258 281 3318 liarium
301 3262 410 3334 insula,
430 3260 483 3321 ubi
504 3261 685 3338 hibernarat,
708 3265 862 3326 iuventute
876 3267 954 3326 lecta
968 3267 998 3325 in
1014 3269 1144 3327 classem

163 3337 319 3415 imposita,
349 3344 379 3402 in
400 3343 516 3404 Italiam
536 3345 657 3419 triginta
682 3349 779 3408 terme
798 3349 937 3410 rostratis
964 3350 1098 3410 navibus
1117 3357 1144 3408 et

65 3441 68 3447 ·
164 3421 264 3480 multis
285 3426 432 3486 onerariis
446 3426 610 3487 duodecim
624 3429 707 3489 milia
720 3432 858 3506 peditum
872 3432 934 3494 duo
949 3433 1046 3492 terme
1060 3432 1144 3508 equi·

164 3505 226 3557 turn
237 3505 360 3574 traiecit,
378 3509 576 3583 Genuamque
589 3511 679 3570 nullis
691 3516 853 3588 praesidiis
865 3516 1045 3576 maritimam
1061 3533 1141 3577 oram
