2434 3902
186 219 452 280 umnaxxvni.
477 221 560 282 cnr.
575 230 619 285 ao.
635 231 679 286 ao.
702 226 738 302 [a.
754 231 786 283 c.
802 228 864 304 eoo]
957 225 1018 290 aaa

4 375 129 434 omnis
146 381 313 451 apparatus
328 373 473 451 supplicii
495 375 745 452 expromebatur;
770 377 893 454 deligati
908 381 948 440 ad
963 377 1018 458 pass

4 461 88 518 lum
105 457 265 535 virgisque
280 459 365 519 caesi
386 465 416 518 et
430 459 531 538 securi
546 461 701 535 percussi,
724 461 803 524 adeo
825 464 1017 540 torpentibus

4 549 107 604 metu
132 543 184 618 qui
205 542 349 619 aderant,
376 549 491 604 utnon
512 544 605 605 modo
627 545 760 607 ferocior
781 563 842 607 vox
864 550 1016 611 adversus

4 627 217 688 atrocitatem
239 643 361 704 poenae
381 628 498 688 sedne
518 629 648 703 gemitus
667 631 790 704 quidem
810 633 1016 694 exaudiretur.

4 713 113 773 tracti
129 711 202 772 inde
216 712 370 773 demedio
386 727 503 788 omnes,
519 721 713 790 purgatoque
726 718 796 775 loco
813 717 894 778 citati
905 719 1015 778 milites

4 796 205 856 nominatim
225 797 309 872 apud
329 796 469 858 tribunos
491 797 617 858 militum
637 799 668 858 in
688 800 785 860 verba
804 800 837 860 P.
859 800 1014 879 Scipionis

4 881 178 955 iurarunt,
205 881 456 956 stipendiumque
480 882 652 944 adnomen
675 883 803 958 singulis
824 889 1014 960 persolutum

4 973 79 1026 est.
119 965 201 1027 hunc
222 966 315 1026 linem
336 966 512 1043 exitumque
527 967 637 1028 seditio
652 967 779 1028 militum
798 977 908 1046 coepta
929 974 1014 1048 apud

5 1049 198 1110 Sucronem
211 1049 325 1111 habuit.

108 1133 203 1196 XXX.
234 1135 292 1196 Per
312 1135 394 1196 idem
413 1140 535 1212 tempus
555 1136 596 1196 ad
615 1137 733 1198 Baetim
754 1137 882 1199 fluvium
903 1139 1012 1200 Hanno

6 1220 202 1296 praefectus
215 1220 372 1295 Magonis,
395 1219 510 1282 missus
532 1236 550 1280 a
565 1220 702 1282 Gadibus
719 1237 787 1282 cum
802 1239 901 1299 parva
921 1241 1012 1284 manu

6 1307 180 1380 Afrorum,
204 1306 347 1365 mercede
360 1305 518 1382 llispanos
534 1305 727 1372 sollicitando
743 1308 783 1366 ud
799 1316 943 1384 quattuor
956 1309 1011 1368 mi-

9 1391 57 1449 lia
74 1391 225 1450 iuvenum
240 1390 376 1450 mutavit.
405 1391 515 1452 castris
531 1390 642 1451 deinde
658 1400 767 1452 exutus
783 1393 823 1453 ab
836 1393 869 1453 L.
884 1393 1011 1468 Marcio,

8 1475 157 1534 maxima
169 1481 253 1550 parte
264 1475 391 1538 militum
403 1476 480 1537 inter
490 1477 648 1537 tumultum
661 1483 820 1553 captorum
832 1483 1011 1552 castrorum,

13 1559 212 1636 quibusdam
232 1559 323 1620 etiam
343 1561 374 1621 in
394 1561 467 1636 luga
492 1561 630 1635 amissis,
659 1562 780 1638 palatos
803 1568 1012 1641 persequente

14 1644 138 1720 equite,
161 1660 230 1705 cum
245 1645 353 1721 paucis
368 1646 438 1722 ipse
453 1644 567 1720 effugit.

109 1729 188 1790 Dum
210 1729 285 1789 haec
306 1731 347 1790 ad
359 1731 478 1790 Baetim
491 1730 620 1791 fluvium
641 1739 800 1806 geruntur,
821 1732 945 1793 Laelius
964 1733 1009 1792 in·

15 1813 109 1872 terim
125 1813 204 1874 lreto
219 1814 249 1873 in
259 1814 414 1876 Oceanum
429 1821 555 1877 evectus
571 1815 611 1875 ad
622 1815 889 1879 Carteiam‘classe
903 1832 1009 1877 acces·

15 1898 69 1957 sit.
94 1898 171 1958 urbs
187 1914 224 1958 ea
238 1898 268 1958 in
285 1915 340 1960 ora
352 1899 465 1960 Oceani
479 1900 538 1961 sita
552 1905 608 1975 est,
624 1899 676 1961 ubi
691 1901 823 1976 primum
838 1918 855 1961 e
870 1900 1009 1962 faucibus

15 1983 162 2058 angustis
184 1984 327 2059 panditur
347 2001 441 2045 mare.
474 1984 577 2044 Gades
593 1984 660 2044 sine
682 1985 846 2045 certamine
861 2001 918 2060 per
939 2000 1009 2059 pro·

16 2067 171 2128 ditionem
189 2068 373 2145 reeipiendi,
395 2071 475 2131 ultro
498 2085 550 2145 qur
571 2085 639 2128 eam
658 2084 723 2128 rem
744 2070 961 2144 pollicerentur
979 2068 1009 2127 in

17 2160 126 2212 castra
141 2153 281 2214 Romana
302 2153 509 2229 venientibus,
531 2169 621 2229 spes,
645 2154 725 2214 sicut
739 2161 808 2214 ante
824 2153 939 2213 dictum
953 2159 1008 2225 est,

16 2238 131 2297 luerat.
169 2237 320 2314 patefacta
333 2239 494 2301 immatura
510 2238 641 2313 proditio
659 2245 719 2314 est,
743 2252 1009 2313 comprensosque

17 2338 133 2383 omnes
145 2322 235 2398 Mago
247 2323 415 2384 Adherbali
430 2325 566 2400 praetori
581 2324 793 2399 Carthaginem
808 2320 1008 2382 devehendos
1086 2379 1088 2386 ,

16 2407 122 2468 tradit.
156 2407 311 2470 Adherbal
334 2409 499 2470 coniuratis
520 2409 550 2469 in
574 2408 824 2486 quinqueremem
845 2405 1007 2483 impositis,

18 2491 257 2568 praemissaque
277 2509 328 2570 ea,
353 2493 425 2568 quia
445 2492 561 2555 tardior
582 2510 674 2568 quam
687 2492 818 2553 triremis
839 2498 918 2565 erat,
940 2489 1009 2565 ipse

18 2593 90 2637 cum
106 2584 181 2638 octo
195 2577 368 2639 triremibus
384 2578 505 2640 modico
521 2578 681 2639 intervallo
697 2577 844 2652 sequitur.
874 2577 935 2636 iam
949 2575 1008 2633 lne-

18 2668 81 2722 tum
104 2659 238 2722 intrabat
259 2662 503 2739 quinqueremis,
525 2679 595 2724 curn
608 2663 731 2723 Laelius
747 2669 776 2722 et
790 2663 859 2739 ipse
874 2661 905 2720 in
921 2659 1007 2736 quin-

19 2746 160 2820 queremi
182 2763 200 2806 e
220 2754 311 2823 portu
325 2739 470 2808 carteiae·
482 2747 681 2823 sequentibus
696 2754 815 2824 septem
836 2743 1008 2807 triremibus

19 2839 149 2892 evectus
176 2831 207 2891 in
227 2830 434 2893 Adherbalem
459 2831 625 2905 invehitur,
656 2833 906 2907 quinqueremem
932 2829 1008 2890 satis

20 2917 155 2977 credens
171 2916 355 2993 deprensam
377 2916 487 2993 rapido
508 2917 539 2976 in
554 2917 631 2978 lreto
651 2917 683 2976 in
705 2917 868 2978 adversum
890 2921 1009 2975 aestum

22 2999 209 3078 reciprocari
224 3018 286 3063 non
301 3019 407 3079 posse.
439 3001 561 3062 Poenus
577 3001 607 3062 in
621 3017 656 3062 re
670 3000 772 3063 subita
785 3015 951 3078 parumper
963 2998 1008 3058 in-

21 3093 125 3146 certus
140 3086 312 3162 trepidavit,
331 3094 430 3148 utrum
446 3087 695 3162 quinqueremem
712 3092 901 3162 sequeretur,
923 3099 962 3142 an
977 3083 1009 3140 in

22 3170 130 3231 hostes
151 3164 252 3232 rostra
275 3178 475 3234 converteret.
509 3172 579 3248 ipsa
599 3172 750 3232 cunctatio
767 3170 939 3230 facultatem
955 3166 1008 3226 de·

23 3256 202 3316 tractandae
222 3273 345 3333 pugnae
365 3257 492 3318 ademit:
515 3257 575 3317 iam
590 3257 669 3317 enim
685 3256 744 3317 sub
765 3255 825 3313 ictu
841 3251 890 3312 teli
913 3258 1008 3324 erant,

24 3348 51 3399 et
76 3339 215 3417 undique
239 3342 393 3403 instabant
418 3343 535 3402 hostes.
571 3348 676 3402 aestus
703 3354 826 3415 qnoque
852 3335 1009 3397 arbitrium

25 3427 205 3487 moderandi
221 3443 317 3488 naves
339 3429 503 3489 ademerat.
535 3444 637 3504 neque
651 3431 715 3486 erat
730 3423 830 3483 navali
844 3437 950 3498 pugna
967 3419 1008 3516 si:

26 3513 112 3588 milis,
130 3512 246 3590 quippe
261 3513 312 3573 ubi
328 3512 401 3573 nihil
416 3512 628 3586 voluntarium,
645 3509 717 3570 nihil
733 3508 806 3568 artis
822 3514 874 3567 aut
889 3503 1006 3566 consilii
