2434 3902
185 219 246 281 auo
331 217 445 280 ureae
458 217 578 280 xxvn.
601 216 683 276 cnr.
698 227 742 281 se.
756 225 800 279 aa.
822 214 860 295 [ι.
875 222 910 277 υ.
923 219 1026 297 0.st

185 375 318 451 tiamque
330 379 360 434 et
370 371 528 434 Euboeam
539 371 666 431 decinis
678 369 787 430 castris
798 369 1029 430 Demetriadem
1041 370 1167 431 inTlues-

186 459 292 520 saliam
317 456 466 532 pervenit.
516 453 647 514 xxxin.
680 452 721 512 ibi
746 453 797 513 alii
823 453 972 514 maiorem
998 453 1169 515 adferentes

186 543 342 605 tumultum
354 540 448 600 nuntii
464 545 634 612 occurrunt,
650 537 811 598 Dardanos
827 537 1088 602 inblaccdoniam
1104 539 1170 598 ellu-

187 642 241 686 sos
258 623 428 685 Orestidem
451 621 510 684 iam
526 628 629 682 tenere
647 635 683 680 nc
703 621 907 682 descendisse
922 622 952 680 in
969 623 1171 696 Argestaeum

188 725 337 785 campum,
360 707 532 782 ramumque
546 703 788 765 inter-barbaros
804 703 956 765 celebrem
973 720 1052 766 esse
1065 706 1171 780 Philip-

186 809 259 870 pum
281 791 425 853 occisum.
464 788 662 866 expeditione
682 802 734 861 ea,
764 805 826 864 que
845 805 914 849 cum
936 790 1172 865 populatoribus

185 876 250 951 agri
266 877 303 936 ad
312 874 478 951 Sicyonem
490 873 645 950 pugnavit,
660 871 690 931 in
707 871 847 932 arborem
859 873 961 934 illatus
973 873 1098 949 impetu
1110 875 1172 948 equi

186 960 225 1020 ad
241 959 421 1020 eminentem
436 973 551 1018 remum
568 972 663 1018 cornu
679 956 805 1016 alterum
819 959 927 1032 galeae
941 957 1127 1032 praeiregit.
1148 957 1172 1016 id

185 1043 343 1104 inventurn
357 1042 396 1104 ab
411 1042 522 1104 Aetolo
539 1041 673 1115 quodam
687 1041 899 1117 perlatumque
916 1040 945 1099 in
961 1041 1126 1101 Aetoliam
1140 1041 1172 1098 ad

186 1126 428 1202 Scerdilaedum,
449 1125 498 1187 cui
514 1131 618 1186 notum
633 1131 699 1185 erat
719 1123 839 1200 insigne
853 1123 977 1200 galeae,
999 1125 1122 1184 samam
1136 1125 1172 1183 in·

184 1211 302 1272 teriecti
316 1211 398 1286 regis
413 1208 557 1286 vulgavit
576 1217 649 1285 post
664 1207 884 1284 protectionem
899 1224 938 1267 ex
953 1209 1083 1269 Achaia
1098 1209 1172 1283 regis
1205 1273 1206 1284 ἵ

186 1293 341 1372 Sulpicius
355 1294 504 1370 Aeginam
520 1293 621 1353 classe
635 1292 792 1368 proiectus
809 1307 877 1352 cum
891 1292 995 1352 Attalo
1011 1308 1092 1352 sese
1109 1309 1173 1352 con·
1205 1327 1206 1370 q

184 1378 290 1440 iunxit.
312 1378 431 1440 Achaei
446 1393 513 1439 cum
524 1377 643 1437 Aetolis
655 1375 801 1451 Eleisque
812 1375 893 1437 baud
906 1379 1017 1451 procul
1029 1375 1174 1436 Messene

186 1478 368 1539 prosperam
384 1477 517 1539 pugnam
533 1461 678 1521 iecerunt.
717 1461 837 1520 Attalus
852 1475 907 1519 rex
922 1467 952 1519 et
965 1459 996 1522 P.
1016 1459 1173 1536 Sulpicius

186 1547 321 1622 Aeginae
337 1545 541 1606 hibernarunt.

268 1630 358 1690 Exitu
372 1628 462 1690 buius
478 1627 549 1688 anni
559 1627 591 1686 Τ.
605 1627 761 1701 Quinctius
777 1629 895 1702 consul,
912 1628 1067 1688 dictatore
1084 1631 1173 1689 comi·

187 1712 295 1772 tiorum
318 1713 520 1788 ludorumque
547 1711 756 1773 faciendorum
777 1727 872 1774 causa
893 1713 975 1774 dicto
996 1714 1032 1773 T.
1057 1713 1175 1778 Manlio

185 1797 351 1872 Torquato,
374 1813 412 1858 ex
433 1798 558 1858 vulnere
578 1796 713 1858 moritur.
746 1796 797 1856 alii
810 1797 941 1872 Tarenti,
964 1796 1016 1858 alii
1038 1796 1074 1856 in
1093 1799 1174 1858 Cann-

185 1879 277 1956 pania
290 1888 440 1943 mortuum
455 1880 584 1940 uadunt.
613 1879 654 1940 ita
668 1880 753 1958 quod
767 1881 850 1941 nullo
866 1888 935 1941 ante
949 1879 1032 1941 bello
1049 1882 1176 1942 accide-

184 1972 238 2036 rat,
255 1965 316 2026 duo
331 1965 475 2026 consules
491 1963 557 2025 sine
572 1964 771 2025 memorando
784 1966 902 2040 proelio
918 1966 1077 2026 interiecti
1094 1967 1177 2026 velut

184 2047 290 2110 orbern
305 2065 368 2109 rem
384 2047 536 2125 publicam
550 2047 745 2123 reliquerant.
785 2049 914 2109 dictator
927 2048 1064 2108 lilanlius
1082 2052 1176 2125 magi·

185 2139 279 2193 strum
293 2133 426 2207 equitum
442 2132 473 2193 C.
489 2131 649 2192 Servilium
662 2139 781 2194 -tum
795 2133 903 2193 aedilis
918 2133 1034 2193 curulis
1050 2144 1126 2194 erat
1145 2169 1176 2179 -

186 2214 271 2276 dixit.
294 2225 418 2277 senatus
435 2216 561 2292 quodie
577 2215 706 2290 primum
721 2223 768 2277 est
782 2215 913 2291 habitus,
930 2217 1023 2277 ludos
1038 2233 1177 2294 magnos

184 2298 286 2360 iacere
307 2301 484 2362 dictatorcm
505 2298 610 2374 iussit,
634 2316 713 2374 quos
730 2301 771 2360 M.
786 2299 934 2361 Aemilius
953 2309 1091 2377 praetor
1111 2304 1177 2363 urb.

184 2381 215 2442 C.
230 2383 377 2445 Flaminio
400 2385 452 2446 On.
475 2382 604 2445 Servilio
626 2383 804 2446 consulibus
826 2385 954 2456 iecerat,
977 2392 1009 2444 et
1029 2385 1065 2444 in
1091 2389 1177 2462 quin·

185 2469 349 2540 quenniunr
363 2476 498 2530 voverat.
532 2478 595 2528 tum
611 2467 740 2528 dictator
754 2474 784 2528 et
798 2468 868 2528 iacit
883 2468 973 2529 ludos
988 2469 1070 2529 etin
1095 2471 1176 2532 inse-

185 2567 284 2624 quens
300 2553 426 2614 lustrum
441 2551 534 2612 vovit.
573 2558 706 2613 ceterum
722 2569 790 2613 cum
805 2554 866 2614 duo
882 2556 1070 2614 consulares
1088 2572 1176 2616 exer·

184 2633 261 2695 citus
273 2643 333 2696 turn
344 2653 443 2713 prope
453 2635 573 2696 hostem
585 2635 652 2696 sine
665 2637 796 2697 ducibus
811 2644 924 2713 essent,
940 2637 1093 2700 omnibus
1110 2641 1176 2700 aliis

185 2718 307 2780 omissis
328 2737 389 2782 una
409 2718 575 2796 praecipua
595 2736 668 2780 cura
683 2727 785 2796 patres
805 2723 1021 2798 populumque
1043 2722 1177 2784 incessit

184 2805 328 2865 consules
342 2805 441 2881 primo
461 2818 585 2879 quoque
599 2811 737 2881 tempore
752 2805 890 2877 creandi,
912 2812 943 2864 et
956 2812 989 2865 ut
1011 2821 1073 2866 eos
1090 2823 1176 2866 crea-

183 2893 249 2946 rent
263 2888 463 2964 potissimum,
480 2903 609 2963 quorum
624 2888 718 2950 virtus
734 2890 886 2952 satistuto
901 2904 920 2947 a
933 2889 1045 2949 iraude
1057 2889 1176 2950 Punica

184 2980 276 3031 esset.
299 2989 367 3033 cum
382 2979 445 3033 tote
461 2988 499 3033 eo
509 2971 591 3032 bello
607 2971 757 3033 damnosa
770 2987 981 3049 praepropera
995 2989 1033 3032 ac
1051 2975 1175 3034 fervida

182 3047 303 3128 ingenia
317 3057 533 3133 imperatorum
549 3055 687 3129 luissent,
705 3064 768 3117 tum
783 3071 820 3117 eo
836 3057 905 3132 ipso
921 3071 1004 3115 anno
1020 3059 1174 3117 consules

182 3137 274 3199 nimia
289 3140 454 3214 cupiditate
469 3139 651 3200 conserendi
667 3155 735 3200 cum
750 3140 840 3200 hoste
854 3155 977 3199 manum
992 3139 1025 3198 in
1035 3157 1171 3216 necopi-

183 3228 282 3281 natam
300 3223 438 3282 fraudem
459 3225 566 3296 lapsos
586 3238 667 3282 esse.
708 3231 841 3284 ceterum
862 3223 938 3283 deos
966 3223 1171 3298 immortales,

183 3303 332 3366 miseritos
354 3305 485 3365 nominis
500 3305 645 3378 Romani,
668 3307 848 3382 pepercisse
867 3305 1001 3366 innoxiis
1025 3309 1170 3368 exerciti-

183 3379 247 3454 bus,
271 3387 465 3448 temeritatem
481 3389 640 3447 consulum
661 3389 800 3462 ipsorum
814 3387 964 3466 capitibus
986 3391 1170 3450 damnasse.
1203 3419 1204 3488 i

181 3463 314 3526 XXle.
343 3485 411 3530 cum
427 3471 694 3545 circumspicerent
708 3479 827 3546 patres.
848 3488 1000 3548 quosnam
1017 3474 1170 3535 consules
