2466 3900
215 246 222 264 ,
259 192 373 256 niella
386 193 480 256 xxv.
501 194 584 256 car.
599 202 644 258 re.
665 201 702 270 [a
718 201 750 257 c.
764 201 828 271 ara]
993 198 1033 267 rt

79 365 139 410 cum
150 347 258 408 monitu
271 347 454 408 sacrificium
467 347 688 410 instauraretur
701 355 794 426 atque
808 349 950 412 intentius
964 357 1035 412 cxta

81 438 299 507 reservarentur,
319 433 427 493 iterum
442 447 479 493 ac
493 431 615 493 tertium
628 432 751 494 tradunt
765 433 914 509 adlapsos
927 433 1033 495 libato·

77 531 129 591 que
140 515 266 576 iocinere
286 515 418 576 intactos
433 531 550 591 angues
571 515 685 576 abisse.
715 533 784 578 cum
798 516 979 593 haruspices
995 519 1033 580 ad

74 599 268 674 imperatorem
288 599 321 660 id
341 599 493 676 pertinere
507 599 682 677 prodigium
702 601 983 677 praemonuissent,
1006 609 1035 663 at

74 682 107 742 ab
128 683 246 744 occultis
265 683 437 744 carendum
456 682 632 745 hominibus
646 684 872 760 consultisque,
894 687 977 748 nulla
990 693 1035 745 ta·

72 781 132 825 men
145 767 333 842 providentia
353 767 446 828 latum
466 767 628 830 imminens
642 783 767 830 morere
781 770 887 845 potnit
921 769 1035 830 Flauus

72 849 197 911 Lucanus
207 851 261 912 luit
271 860 366 928 caput
376 853 472 929 partis
487 852 555 912 eius
561 851 753 913 Lucanorum
766 885 810 898 -
823 868 892 914 cum
906 869 979 930 pars
995 853 1036 914 ad

73 931 253 996 Hannibalem
274 934 443 997 deiecisset
461 967 504 980 -
524 951 605 1011 quae
620 933 689 997 curii
702 937 849 998 Romanis
870 937 984 1009 stabat,
1006 945 1036 998 et

74 1016 123 1076 iam
133 1033 205 1080 anno
217 1019 248 1079 in
259 1019 440 1096 magistratu
451 1026 524 1095 erat,
541 1019 579 1080 ab
590 1019 689 1082 isdem
700 1019 761 1080 illis
771 1028 891 1082 creatus
903 1028 1036 1097 praetor.

74 1101 95 1160 is
112 1109 214 1164 mutata
233 1112 362 1180 repente
382 1105 538 1166 voluntate
552 1104 654 1165 locum
668 1104 784 1180 madae
804 1106 887 1181 apud
902 1105 1035 1166 Poenum

74 1201 205 1259 quaerens
226 1203 332 1264 neque
345 1189 476 1249 transire
496 1188 565 1264 ipse
580 1204 682 1264 neque
696 1187 816 1250 trabere
836 1189 878 1249 ad
891 1188 1036 1250 delectio-

75 1283 131 1328 nem
146 1268 285 1334 Lucanos
307 1272 384 1334 satis
404 1271 526 1349 habuit,
553 1272 612 1334 nisi
632 1271 827 1349 imperatoris
848 1280 878 1332 et
897 1273 1036 1334 eiusdem

78 1350 184 1429 hospitis
205 1357 320 1432 proditi
342 1356 443 1432 capite
463 1372 501 1417 ac
516 1357 665 1433 sanguine
679 1357 790 1418 loedus
805 1371 875 1416 cum
894 1354 1036 1416 hostibus

77 1438 216 1499 sanxisset
250 1441 291 1501 ad
302 1441 475 1517 Magonem,
497 1441 550 1517 qui
564 1442 594 1501 in
606 1439 730 1501 Bruttiis
746 1447 895 1516 praeerat,
913 1439 993 1499 clam
1005 1438 1036 1498 in

81 1521 239 1610 colloquium
250 1525 350 1594 venit;
373 1525 497 1601 fideque
511 1524 550 1585 ab
565 1539 604 1586 eo
619 1530 754 1601 acceptu,
774 1521 802 1584 s'i
814 1524 985 1585 Romanum
999 1521 1037 1582 iis

82 1615 267 1679 operatorem
287 1609 481 1683 tradidisset,
502 1609 618 1670 liberos
634 1625 702 1670 cum
716 1608 781 1670 suis
797 1608 916 1684 legibus
931 1615 1034 1667 ventu·

84 1695 116 1748 bs
129 1689 155 1748 in
170 1691 331 1754 amicitiam
345 1694 496 1768 Lucanos,
513 1693 638 1756 deducit
650 1692 786 1754 Poenum
799 1695 830 1751 in
845 1692 955 1767 locum,
975 1705 1037 1766 quo

82 1781 129 1832 lim
141 1777 243 1850 paucis
260 1777 434 1839 Gracchum
454 1776 654 1838 adducturum
677 1776 733 1836 ait:
754 1776 846 1852 Mago
861 1777 903 1836 uti
918 1774 1038 1852 pedites

82 1857 234 1937 caritasque
249 1869 384 1923 armaret
398 1867 428 1922 et
442 1869 567 1938 caperet
581 1877 635 1922 eas
650 1860 798 1934 latebras,
821 1859 871 1921 ubi
886 1860 1038 1935 ingentem

83 1952 211 2006 umerum
223 1947 390 2008 occuleret
411 1946 482 2006 loco
494 1945 570 2006 satis
582 1945 722 2021 inspecto
734 1943 973 2018 atqueundique
985 1956 1038 2002 ex·

85 2020 175 2094 ilceto
195 2029 263 2091 dies
284 2031 459 2107 composita
473 2029 628 2105 gerendae
641 2029 687 2089 rei
701 2035 757 2088 est.
793 2026 907 2088 Flavus
922 2026 962 2084 ad
977 2025 1037 2084 Ro·

86 2119 177 2172 ntorum
191 2113 408 2190 imperatorem
420 2113 513 2174 venit
534 2129 599 2172 rem
611 2128 646 2172 se
657 2112 699 2174 ait
708 2126 849 2187 magnam
864 2109 1038 2181 inchoasse,

86 2188 207 2268 adquam
230 2198 450 2274 perficiendum
471 2196 571 2274 ipsius
590 2196 719 2257 Gracchi
740 2211 837 2270 opera
856 2209 935 2269 opus
957 2206 1038 2251 esse.

87 2277 190 2340 omum
211 2285 396 2358 populorum
417 2279 626 2357 praetoribus,
651 2281 702 2355 qui
723 2279 764 2340 ad
779 2278 913 2337 Poenum
934 2274 963 2334 in
986 2274 1037 2334 illc

87 2366 208 2426 comuni
222 2367 328 2428 ltaliae
342 2373 428 2428 motu
443 2365 629 2436 descissent,
649 2361 845 2438 persuasisse
859 2367 893 2420 ut
905 2359 1040 2418 redirent

87 2439 111 2499 ii
129 2449 270 2512 ancilium
290 2451 513 2522 Romanorum,
538 2448 662 2524 quando
683 2462 734 2506 res
754 2460 878 2521 quoque
892 2444 1040 2516 Romana,

89 2540 252 2611 luamrope
267 2535 391 2597 exilium
407 2534 495 2594 clade
510 2531 662 2594 Cannensi
677 2528 880 2602 venisset„in
896 2527 963 2588 dies
977 2541 1039 2586 me-

89 2607 136 2667 lior
157 2624 231 2694 tque
257 2619 375 2680 aucbor
392 2619 494 2692 lieret,
522 2615 702 2676 Hannibalis
729 2614 777 2674 ris
803 2617 980 2674 senesceret
1003 2625 1040 2670 ac

34 2693 35 2702 ’
89 2704 216 2770 propead
230 2703 359 2765 nihilum
375 2701 522 2762 venisset.
555 2700 653 2761 veteri
667 2698 778 2760 delicto
792 2697 875 2758 haud
895 2696 1038 2771 implaca-

90 2771 155 2839 biles
168 2783 215 2848 lre
228 2789 401 2849 Romanam
424 2785 539 2846 nullom
553 2800 699 2860 umquam
712 2787 833 2857 gentem
848 2779 945 2855 magis
966 2793 1038 2838 cxc-

93 2859 187 2930 rabilen
200 2873 485 2948 promptioremque
499 2868 608 2928 veniae
622 2866 744 2930 dandae
759 2864 865 2925 luisse.
899 2863 1039 2938 quotiens

92 2943 215 3016 rebelllqi
230 2956 321 3016 etiam
332 2955 482 3016 maiorum
493 2967 619 3014 suorum
632 2951 782 3026 ignotum!
805 2948 882 3010 haec
897 2948 936 3008 ab
951 2961 986 3006 sc
1001 2943 1038 3004 iis

92 3025 168 3091 dicta.
189 3047 305 3100 elerum
320 3039 359 3100 ab
375 3039 445 3115 ipso
462 3036 600 3097 Graccho
616 3034 724 3095 eadem
738 3033 816 3094 haec
830 3031 937 3092 audire
950 3027 1040 3122 malle

93 3123 138 3172 0⁰⁸
157 3124 372 3198 plusculisque
393 3121 569 3196 contingere
591 3119 746 3186 dextram
779 3116 811 3175 id
833 3114 943 3191 pignus
967 3109 1039 3169 fider

94 3207 184 3259 secum
198 3203 268 3272 irre.
291 3208 393 3268 locum
408 3221 444 3266 se
458 3203 595 3266 consiliis
610 3201 728 3264 dixisse
742 3215 760 3260 a
775 3202 943 3274 conspectu
956 3207 1039 3252 amo·

95 3282 145 3370 lum
157 3281 221 3347 hau·
231 3293 341 3369 procul
355 3287 628 3352 castrisRcmanis.
649 3284 690 3345 ibi
705 3282 813 3359 paucis
826 3277 926 3340 verbis
941 3282 1039 3369 trans·

95 3361 198 3436 bilem
213 3386 299 3452 psse,
319 3383 354 3437 ut
368 3389 459 3436 omne
472 3387 583 3434 nomen
599 3371 754 3430 Lucanum
768 3365 798 3425 in
814 3361 875 3422 lide
889 3376 925 3456 ac
941 3371 1039 3450 sacre·

96 3447 275 3520 automno
299 3459 348 3520 sit.
385 3456 542 3518 Gracchum
567 3453 704 3514 lraudem
730 3455 760 3508 et
783 3458 917 3506 sermoni
942 3447 972 3502 at
995 3452 1042 3500 rer
