2466 3900
289 190 403 254 LlBillt
417 193 511 256 XXV.
535 196 619 260 cal.
634 208 660 263 n.
684 207 766 275 [nc.
781 208 845 275 ara]
1008 201 1050 270 tt

78 337 163 398 lacta=
182 343 363 414 ,consulem
382 350 426 421 te,
446 345 489 407 M.
503 347 664 426 Marcelle,
686 350 717 412 in
731 352 846 413 ltaliam
867 353 1051 431 adissemus,

78 435 137 480 cum
156 423 285 497 primum
301 428 341 487 de
355 428 445 490 nobis
461 431 518 493 etsi
534 449 595 495 non
611 435 748 510 iniquum
763 443 848 497 certe
861 437 948 498 triste
962 453 1052 499 sena·

74 513 117 564 tus
131 510 304 570 consultum
321 513 512 589 factumest,
534 517 594 577 nisi
609 517 669 579 hoc
683 531 915 596 sperassemutr,
932 522 962 581 in
979 537 1051 596 pro·

69 587 190 650 vinciam
211 609 271 654 nos
292 604 393 657 morte
413 613 520 674 regum
540 600 692 662 turbatam
707 604 747 664 ad
761 619 856 680 grave
870 603 982 667 bellum
997 606 1051 666 ad·

67 685 170 734 versus
185 673 312 738 Siculos
326 681 419 742 simul
433 682 620 761 Poenosque
634 687 718 762 mitti,
734 694 765 747 et
778 687 929 762 sanguine
942 695 1049 750 nostro

66 757 305 838 vulneribusque
329 765 445 826 nostris
473 769 595 828 senatui
621 769 835 832 satisfacturos
856 787 942 846 esse,
970 773 1051 835 sicut

65 847 175 912 patrum
190 847 352 923 memoria,
370 849 422 924 qui
437 851 520 926 capti
535 868 553 910 a
567 851 686 930 Pyrrho
702 854 743 914 ad
757 855 938 915 Heracleam
952 863 1048 931 erant,

66 923 205 988 adversus
216 927 376 1006 Pyrrhum
391 933 495 1008 ipsum
509 942 682 1010 pugnantes
698 937 921 998 satisfecerumt.
944 953 1048 1013 quam-

66 1022 149 1079 quam
159 1015 243 1086 quod
255 1015 299 1074 ob
311 1017 454 1086 meritum
464 1025 604 1082 nostrum
616 1021 848 1096 succensuislis,
857 1029 961 1096 patres
975 1037 1047 1083 con·

64 1092 166 1170 scripti,
178 1095 282 1174 nobis,
300 1106 355 1160 aut
365 1104 582 1164 succensetist
595 1103 686 1165 ambo
697 1104 770 1164 mihi
784 1107 928 1166 consedes
941 1113 972 1166 et
982 1107 1048 1166 uni·

64 1189 172 1238 versum
184 1189 332 1245 senatum
348 1183 459 1246 intueri
476 1187 590 1263 videor,
607 1203 676 1249 oum
687 1195 726 1265 te,
741 1188 894 1263 Marcelle,
910 1189 1046 1258 intueor;

67 1264 181 1332 quamsi
201 1267 244 1326 ad
261 1267 386 1330 Cannas
403 1273 562 1349 epnsulem
579 1265 815 1344 habuIsscmuS,
838 1271 946 1332 melior
959 1274 1046 1333 etrei

66 1343 188 1414 publicae
202 1356 235 1410 et
251 1360 363 1413 nostra
375 1355 498 1414 lortuna
513 1363 606 1416 esset.
627 1356 704 1429 sine,
721 1369 848 1432 quaeso,
865 1355 1044 1430 priusquam

64 1425 97 1483 de
110 1431 288 1496 condicione
304 1445 412 1498 nostra
427 1454 557 1514 queror,
582 1455 696 1502 noxam
715 1435 802 1499 cuids
821 1439 1043 1513 arguimur-nos

25 1539 26 1544 ¹
62 1525 187 1586 purgare.
215 1519 243 1578 si
259 1537 327 1581 non
343 1521 435 1582 deum
456 1523 503 1582 ira
516 1537 575 1583 nec
590 1525 667 1596 lato,
689 1525 777 1584 cuius
793 1525 861 1597 lege
881 1521 1043 1586 immobilis

58 1607 147 1656 remon
154 1599 362 1665 humanarum
375 1607 453 1667 ordo
466 1607 586 1682 seritur,
599 1609 656 1670 sed
665 1609 757 1682 culpa
763 1606 909 1683 periimus
919 1607 958 1666 ad
966 1607 1041 1666 Can-

59 1690 114 1752 nas,
129 1684 214 1745 cuius
225 1688 357 1748 tandem
369 1705 408 1750 ea
420 1693 512 1766 culpa
524 1692 601 1751 iuitt
615 1691 741 1751 militum
752 1707 791 1750 an
804 1690 1043 1766 imperatorumt

57 1763 186 1834 equidem
207 1771 301 1832 miles
323 1773 398 1832 nihil
419 1791 565 1850 umquam
587 1776 687 1835 dicam
710 1775 749 1835 de
763 1775 947 1848 imperatore
961 1789 1038 1847 meo,

58 1844 97 1904 tul
116 1856 299 1922 praesertim
320 1858 436 1932 gratias
458 1859 556 1918 sciam
576 1859 615 1918 ab
631 1864 741 1919 senatu
756 1866 856 1932 actas,
879 1858 964 1933 quod
978 1872 1039 1918 non

56 1926 259 2004 desperaverit
280 1939 322 1999 de
341 1942 532 2016 republica,
555 1943 604 2001 cul
619 1947 692 2017 post
707 1943 810 2016 lugam
826 1956 844 2000 a
858 1940 968 2000 cannis
985 1955 1041 2014 per

56 2025 148 2076 cinnes
163 2034 266 2085 annos
283 2031 484 2100 prorogatum
501 2025 671 2100 imperium.
694 2031 815 2086 ceteros
829 2025 900 2084 item
915 2038 954 2083 ex
969 2023 1038 2081 reli·

57 2098 124 2167 quiis
140 2103 239 2166 cladis
257 2107 336 2183 eius,
356 2125 437 2184 quos
453 2109 594 2170 tribunos
609 2109 736 2170 militum
751 2107 924 2178 habuimus,
939 2105 1036 2201 irone·

55 2193 97 2239 res
120 2194 228 2259 petere
251 2198 284 2251 et
304 2207 415 2266 gerere
435 2199 466 2252 et
491 2193 670 2267 provincias
693 2193 831 2254 obtinere
853 2189 1035 2249 audivimus.

54 2277 84 2321 an
105 2269 191 2331 vobis
206 2275 391 2350 vestrisque
412 2275 518 2335 liberis
539 2276 700 2351 ignoscitis
716 2275 820 2347 tacite,
843 2279 1035 2368 patrescon-
1108 2317 1116 2336 .

52 2349 153 2426 scripti,
169 2357 200 2415 in
215 2357 298 2418 haec
314 2359 387 2418 vilia
401 2360 505 2434 capita
520 2361 629 2419 saevit
655 2368 685 2420 et
700 2357 818 2420 consuli
834 2353 1035 2431 primoribus·

53 2445 102 2502 qua
115 2437 180 2498 aliis
197 2440 333 2502 civitatis
348 2444 472 2518 ingere,
489 2457 558 2503 cum
575 2457 650 2519 spes
666 2444 726 2504 alia
740 2442 823 2502 nulla
837 2444 930 2512 esset,
946 2444 1035 2513 turpe

51 2527 102 2575 non
123 2521 194 2582 linita
224 2525 339 2586 milites
361 2529 470 2601 utiquc
487 2527 653 2587 morituros
669 2527 699 2585 in
715 2526 811 2586 aciem
825 2521 974 2583 misistist
994 2522 1034 2581 ad

50 2596 136 2662 Aliam
150 2621 254 2684 prope
270 2611 371 2672 omnis
383 2611 538 2670 exercitus
550 2611 643 2686 iugit;
666 2611 706 2670 ad
717 2609 865 2670 Furculas
879 2605 1032 2665 caudinas

50 2693 81 2739 ne
93 2697 238 2762 expertus
257 2695 382 2771 quidem
398 2699 553 2754 certamen
568 2709 654 2754 arma
669 2693 791 2753 nadidit
804 2691 894 2764 hosti,
908 2696 943 2750 ut
956 2689 1030 2749 alias

50 2767 199 2835 pudendas
224 2777 332 2836 clades
347 2778 539 2838 exercituum
555 2785 689 2838 taceam=
710 2783 811 2838 tamen
825 2781 941 2836 tantum
957 2772 1030 2834 aluit

51 2847 81 2906 ab
94 2867 128 2914 eo
149 2865 182 2918 ut
197 2859 261 2919 ulla
276 2861 446 2936 ignominia
459 2862 497 2922 iis
515 2861 702 2922 exercitibus
720 2865 931 2934 quaereretur,
953 2864 1029 2918 utet

50 2931 111 2996 urbs
124 2939 225 3003 Roma
245 2959 305 3018 per
325 2961 397 3006 eum
417 2947 586 3007 exercitum
611 2945 663 3021 qui
678 2945 717 3004 ab
732 2943 802 3002 Alia
815 2941 913 3002 Veios
928 2947 1027 3001 trans·

50 3011 154 3090 fugerat
166 3027 405 3103 reciperaretur,
420 3036 451 3090 et
467 3029 624 3090 Caudinae
637 3028 784 3103 legiones,
802 3041 882 3102 quae
897 3025 963 3084 sine
977 3039 1027 3084 ar-

50 3098 95 3160 mis
108 3107 263 3171 redierant
273 3113 414 3187 Romam,
430 3120 565 3174 amatae
580 3113 730 3172 remissae
740 3111 771 3170 in
783 3109 1025 3202 Samniumcun-

50 3177 106 3245 dem
120 3190 203 3253 illum
217 3195 341 3256 hostem
356 3197 535 3272 subiugum
550 3196 702 3268 miserint,
727 3193 779 3268 qui
794 3193 852 3252 hae
867 3205 923 3252 sua
938 3204 1022 3284 igno-

51 3263 127 3332 ninia
136 3276 384 3341 lactatusiuerat.
400 3274 673 3340 Cannensamvero
687 3277 1022 3353 quisquumexercntum

50 3345 126 3424 fugae
137 3369 188 3422 aut
198 3365 329 3438 pavoris
341 3364 520 3424 insirnulare
531 3368 641 3440 potest
657 3361 710 3422 ubi
721 3360 791 3435 plus
803 3355 1020 3454 qulnquaginta

51 3431 117 3498 uilla
134 3440 292 3508 hominum
320 3447 511 3524 ceciderunt,
537 3447 621 3509 unde
647 3445 754 3506 consul
775 3457 843 3502 cum
867 3440 1019 3515 equitibus
