2466 3900
144 239 146 244 ’
213 242 326 306 blBtilt
341 243 435 306 ΧΧν.
457 243 540 306 call).
553 253 596 308 ιι.
611 255 652 307 ιι.
673 252 709 321 [a.
725 252 757 306 c.
772 253 835 322 ata]
973 247 1016 312 oa

56 398 202 476 inscriptae
223 415 284 459 non
307 407 425 474 essent,
448 399 537 476 algno
553 397 707 477 extemplo
723 401 794 462 dato
809 399 899 476 diripi
915 401 1014 463 iussn·

55 499 119 544 rum.
148 482 173 542 si
195 483 263 559 quis
285 483 314 543 in
336 484 471 559 hospitio
494 484 570 545 cinis
585 484 714 545 Romani
728 499 899 545 —naouas
915 491 1018 548 autem

53 565 182 626 tenebant
194 567 304 628 domos
316 601 356 612 -
368 584 478 630 nomen
495 568 713 646 inscripsisset,
728 583 798 630 eum
810 584 845 629 se
856 585 914 645 pro
926 568 1018 631 hoste

51 649 215 711 habiturum.
253 653 396 713 contione
422 653 549 714 dimissa
574 668 643 713 curn
668 654 761 715 titulis
786 657 910 714 notatae
932 655 1017 716 lones

50 735 196 794 discrimen
216 743 346 812 pacatae
367 737 405 797 ab
425 736 527 798 hostili
549 738 640 800 domo
656 738 817 811 iecissent,
839 738 927 814 signo
944 739 1016 800 dato

48 817 82 878 ad
101 817 261 895 diripienda
285 820 418 896 hospitia
431 821 570 882 Romana
590 821 707 898 passim
723 822 897 884 discursum
910 829 966 884 est.
986 830 1016 882 ct

49 903 96 962 luit
108 904 236 977 praedae
253 905 451 982 aliquantum.

118 987 164 1046 lli.
185 988 315 1050 Postero
329 990 379 1050 die
390 989 429 1049 ad
442 989 680 1066 oppugnandam
692 1005 794 1050 arcem
806 989 905 1060 ducit3
923 1006 1015 1065 quam

50 1085 107 1131 cum
126 1079 152 1132 ct
170 1089 187 1132 a
208 1075 301 1148 mari,
324 1090 387 1150 quo
407 1074 437 1133 in
459 1075 659 1150 paeninsulae
680 1074 803 1135 modum
824 1090 897 1149 pars
917 1073 1015 1135 maior

49 1155 249 1232 circumluitur,
273 1157 418 1234 praealtis
438 1158 583 1234 rupibus,
606 1165 636 1218 et
650 1157 688 1219 ab
709 1158 779 1233 ipse
792 1159 869 1219 urbe
882 1173 969 1220 nruro
985 1165 1015 1220 et

50 1239 123 1299 lossa
133 1240 242 1318 ingenti
258 1249 399 1318 saeptam
413 1243 545 1315 videret,
561 1257 663 1317 eoque
676 1257 734 1302 nee
748 1241 778 1302 vi
794 1249 851 1302 nec
867 1242 1013 1318 operibus

55 1326 266 1399 expugnabilem
290 1343 376 1403 esse,
399 1341 437 1386 ne
459 1334 510 1388 aut
530 1341 565 1387 se
580 1327 682 1402 ipsum
697 1341 770 1386 eura
785 1327 888 1386 tuendi
902 1325 1012 1386 Taren·

54 1405 119 1467 linos
135 1424 150 1469 a
167 1411 337 1473 maioribus
358 1411 451 1472 rebus
473 1417 656 1486 moraretur,
681 1416 733 1470 aut
753 1410 783 1468 in
801 1410 924 1470 relictos
946 1410 1013 1470 sine

52 1491 133 1552 valido
146 1496 303 1569 praesidio
318 1497 498 1558 Tarentinos
514 1497 660 1571 impetum
676 1509 714 1554 ex
730 1509 802 1555 arce
817 1509 886 1555 cum
900 1495 1012 1557 vellent

49 1573 155 1636 Ronlani
170 1579 317 1655 lacerent,
332 1581 413 1642 vallo
429 1578 535 1642 urbem
551 1579 590 1639 ab
605 1595 676 1639 arce
688 1579 888 1654 intersaepire
899 1578 1011 1655 statuit,

50 1673 97 1718 non
111 1661 170 1723 sine
183 1663 236 1725 illa
251 1665 341 1726 etiam
357 1679 423 1740 spe,
440 1681 507 1728 cum
522 1663 754 1740 prohibentibus
770 1679 850 1738 opus
864 1662 1012 1726 Romanis

48 1759 149 1805 manum
176 1764 275 1823 posse
301 1749 438 1823 conseri,
469 1757 499 1810 et
524 1749 549 1809 si
574 1747 708 1809 ferocius
734 1746 1011 1824 procucurrissent,

48 1842 139 1903 magna
153 1833 248 1894 caede
262 1834 304 1894 ita
319 1833 467 1893 attenuari
483 1831 628 1908 praesidii
641 1832 738 1904 vires,
754 1837 788 1893 ut
802 1831 891 1892 lacile
904 1847 962 1908 per
976 1847 1013 1892 se

48 1910 93 1982 ipsi
110 1913 258 1978 Tarentini
279 1917 386 1979 urbem
409 1917 446 1977 ab
467 1916 504 1978 iis
525 1915 601 1977 lueri
622 1922 761 1991 possent.
793 1915 845 1976 ubi
868 1922 1010 1991 coeptum

48 2010 110 2069 opus
130 2008 189 2074 est,
212 2003 368 2077 patefacta
387 2008 513 2076 repento
528 2006 618 2076 porta
634 2000 778 2076 impetum
793 2000 823 2059 in
838 1999 1010 2060 munientes

48 2078 163 2144 lecerunt
181 2085 328 2159 Romani,
349 2086 484 2162 pellique
505 2083 648 2146 sestario
669 2100 764 2159 passa
784 2089 832 2144 est
852 2098 931 2158 quae
952 2099 1010 2158 pro
1109 2084 1116 2094 '

47 2177 124 2236 opere
144 2176 221 2243 erat,
244 2176 279 2231 ut
300 2183 450 2231 successu
471 2174 625 2229 cresceret
646 2168 775 2229 audacie
796 2168 964 2242 pluresque
979 2172 1009 2227 et

46 2246 148 2323 longius
163 2256 274 2328 pulsos
290 2259 558 2330 persequerentur.
582 2259 643 2312 turn
659 2252 747 2327 signo
759 2253 830 2314 dato
843 2251 939 2312 coorti
955 2268 1008 2311 urn-

48 2329 123 2406 dique
133 2335 226 2398 Poeni
243 2345 322 2411 sunt,
340 2354 419 2415 quos
434 2338 601 2398 instructos
616 2337 656 2397 ad
671 2335 731 2397 lao'c
741 2335 891 2396 Hannibal
904 2343 1007 2395 tenuc-

47 2421 88 2474 rat.
107 2435 160 2482 neo
178 2423 355 2485 sustinuere
369 2416 514 2498 impetum
529 2421 674 2496 Rotnani,
696 2420 752 2481 sed
769 2421 806 2481 ab
822 2419 921 2480 eflusa
937 2421 1008 2495 luga

47 2498 93 2559 loci
115 2507 273 2581 angustiae
294 2523 349 2568 eos
374 2507 583 2583 impeditaque
608 2505 667 2566 alia
693 2520 787 2580 opere
812 2505 871 2564 iam
897 2509 1009 2579 coepto

46 2581 90 2642 alia
103 2598 248 2664 apparatu
264 2591 367 2667 operis
382 2591 587 2653 morabantur.
611 2588 730 2664 plurimi
745 2589 774 2648 in
790 2590 907 2650 lassam
919 2604 1007 2664 proe-

46 2665 204 2757 cinitonem,
227 2676 387 2751 occisique
402 2681 473 2736 sunni
486 2675 590 2750 plures
605 2674 636 2733 in
655 2675 726 2748 luga
743 2689 835 2748 quana
849 2674 879 2733 in
894 2689 1006 2749 lingna.

46 2749 100 2810 mdc
114 2763 140 2817 et
154 2773 234 2833 opus
249 2761 332 2820 nullo
347 2759 529 2835 prohibente
544 2757 609 2818 ficri
625 2764 782 2832 coeptum:
801 2758 887 2819 lossa
899 2757 1006 2833 ingens

47 2830 119 2896 ducta
133 2847 160 2901 et
173 2845 287 2904 volum
302 2843 381 2904 intra
395 2859 461 2904 eam
474 2842 613 2917 erigitur,
636 2841 821 2916 modicoque
833 2849 905 2918 post
916 2841 1004 2902 intor-

48 2917 110 2982 l'ssllo
129 2940 245 2987 marum
269 2928 356 2988 ctiam
379 2928 486 2988 cadem
509 2926 635 3001 regione
656 2925 771 2986 addere
785 2935 887 3002 parat,
909 2935 942 2988 ut
957 2928 1005 2987 uel

47 2999 98 3062 sino
116 3011 268 3081 praesidio
292 3012 368 3072 tueri
385 3027 420 3071 so
436 3012 587 3072 advorsus
602 3011 758 3071 Romanos
775 3019 914 3086 possent.
936 3010 1005 3071 reli·

48 3085 96 3155 llrit
113 3098 207 3154 uranon
223 3097 393 3171 modicum,
415 3095 505 3158 siruul
521 3095 596 3157 utin
611 3094 801 3170 perficiendo
816 3111 904 3158 mmo
920 3095 1005 3153 adiu·

48 3181 120 3233 naret.
155 3178 222 3254 ipse
246 3181 405 3255 proiectus
431 3197 501 3241 eum
527 3181 635 3241 ceteris
661 3179 759 3255 copiis
781 3179 820 3240 acl
842 3179 1005 3239 Galaesum

49 3248 139 3319 lurnncn
156 3297 184 3308 -
207 3264 345 3340 quinque
365 3263 447 3324 anilia
469 3264 506 3325 ab
527 3265 603 3325 urbe
618 3264 706 3325 abest
723 3298 759 3308 -
776 3263 880 3339 posuis
894 3269 1003 3320 castra.
1094 3295 1098 3303 ·

49 3347 76 3392 tx
89 3339 128 3402 bis
142 3349 256 3410 stativis
271 3363 435 3424 regressus
450 3349 489 3409 ad
505 3347 738 3424 inspiciendum,
754 3346 839 3424 quod
857 3362 936 3420 opus
951 3344 1003 3403 ali-

51 3432 169 3514 ananum
197 3433 343 3510 opinione
371 3432 437 3494 eius
468 3432 598 3494 celerius
627 3438 780 3506 creverat,
809 3445 895 3505 spem
924 3427 1005 3505 cepit

51 3507 118 3568 etlam
137 3530 232 3579 arcem
255 3518 426 3594 expugnari
451 3533 557 3593 posse.
590 3523 619 3578 et
634 3523 682 3577 est
701 3531 763 3576 non
779 3513 951 3584 altitudine,
972 3518 1004 3570 nr
