<?xml version="1.0" encoding="UTF-8"?>
<!DOCTYPE html PUBLIC "-//W3C//DTD XHTML 1.0 Transitional//EN"
    "http://www.w3.org/TR/xhtml1/DTD/xhtml1-transitional.dtd">
<html xmlns="http://www.w3.org/1999/xhtml" xml:lang="en" lang="en">
 <head>
  <title>
</title>
<meta http-equiv="Content-Type" content="text/html;charset=utf-8" />
  <meta name='ocr-system' content='tesseract 3.04.00' />
  <meta name='ocr-capabilities' content='ocr_page ocr_carea ocr_par ocr_line ocrx_word'/>
</head>
<body>
  <div class='ocr_page' id='page_1' title='image "./titiliviaburbec09livygoog_0336.png"; bbox 0 0 2448 3900; ppageno 0'>
   <div class='ocr_carea' id='block_1_1' title="bbox 254 107 1063 212">
    <p class='ocr_par' dir='ltr' id='par_1_1' title="bbox 254 107 1063 212">
     <span class='ocr_line' id='line_1_1' title="bbox 254 107 1063 212; baseline 0.006 -16"><span class='ocrx_word' id='word_1_1' title='bbox 254 137 487 198; x_wconf 75' lang='lat' dir='ltr'>cinnanum.</span> <span class='ocrx_word' id='word_1_2' title='bbox 512 137 594 197; x_wconf 78' lang='lat' dir='ltr'>car.</span> <span class='ocrx_word' id='word_1_3' title='bbox 610 145 653 200; x_wconf 76' lang='lat' dir='ltr'>aa</span> <span class='ocrx_word' id='word_1_4' title='bbox 669 146 712 200; x_wconf 81' lang='lat' dir='ltr'>aa</span> <span class='ocrx_word' id='word_1_5' title='bbox 737 145 773 212; x_wconf 72' lang='lat' dir='ltr'>[a.</span> <span class='ocrx_word' id='word_1_6' title='bbox 790 144 821 195; x_wconf 89' lang='lat' dir='ltr'>c.</span> <span class='ocrx_word' id='word_1_7' title='bbox 837 144 899 210; x_wconf 78' lang='lat' dir='ltr'>aon</span> <span class='ocrx_word' id='word_1_8' title='bbox 1002 107 1063 202; x_wconf 78' lang='lat' dir='ltr'>air</span> 
     </span>
    </p>
   </div>
   <div class='ocr_carea' id='block_1_2' title="bbox 63 290 1064 3474">
    <p class='ocr_par' dir='ltr' id='par_1_2' title="bbox 63 290 1064 3474">
     <span class='ocr_line' id='line_1_2' title="bbox 64 290 1064 370; baseline 0.003 -18"><span class='ocrx_word' id='word_1_9' title='bbox 64 291 242 352; x_wconf 85' lang='lat' dir='ltr'>Oesalcem</span> <span class='ocrx_word' id='word_1_10' title='bbox 267 290 469 365; x_wconf 81' lang='lat' dir='ltr'>pergrandem</span> <span class='ocrx_word' id='word_1_11' title='bbox 493 295 566 350; x_wconf 90' lang='lat' dir='ltr'>natu</span> <span class='ocrx_word' id='word_1_12' title='bbox 590 321 633 332; x_wconf 92' lang='grc'>--</span> <span class='ocrx_word' id='word_1_13' title='bbox 654 291 706 350; x_wconf 50' lang='lat' dir='ltr'>ita*</span> <span class='ocrx_word' id='word_1_14' title='bbox 721 307 789 353; x_wconf 93' lang='lat' dir='ltr'>mos</span> <span class='ocrx_word' id='word_1_15' title='bbox 816 293 898 370; x_wconf 91' lang='lat' dir='ltr'>apud</span> <span class='ocrx_word' id='word_1_16' title='bbox 919 293 1064 355; x_wconf 83' lang='lat' dir='ltr'><strong>Numidas</strong></span> 
     </span>
     <span class='ocr_line' id='line_1_3' title="bbox 64 372 1063 452; baseline 0.003 -17"><span class='ocrx_word' id='word_1_17' title='bbox 64 383 120 437; x_wconf 93' lang='lat' dir='ltr'>est</span> <span class='ocrx_word' id='word_1_18' title='bbox 137 407 185 416; x_wconf 90' lang='lat'><em>-</em></span> <span class='ocrx_word' id='word_1_19' title='bbox 199 373 349 450; x_wconf 83' lang='lat' dir='ltr'>pervenit.</span> <span class='ocrx_word' id='word_1_20' title='bbox 370 373 454 434; x_wconf 88' lang='lat' dir='ltr'>haud</span> <span class='ocrx_word' id='word_1_21' title='bbox 468 375 561 434; x_wconf 90' lang='lat' dir='ltr'>multo</span> <span class='ocrx_word' id='word_1_22' title='bbox 577 380 650 450; x_wconf 91' lang='lat' dir='ltr'>post</span> <span class='ocrx_word' id='word_1_23' title='bbox 661 372 790 436; x_wconf 85' lang='lat' dir='ltr'>Oesaice</span> <span class='ocrx_word' id='word_1_24' title='bbox 806 393 930 452; x_wconf 90' lang='lat' dir='ltr'>quoque</span> <span class='ocrx_word' id='word_1_25' title='bbox 945 385 1063 439; x_wconf 89' lang='lat' dir='ltr'>mortuo</span> 
     </span>
     <span class='ocr_line' id='line_1_4' title="bbox 63 451 1063 536; baseline 0.002 -18"><span class='ocrx_word' id='word_1_26' title='bbox 63 451 237 518; x_wconf 82' lang='lat' dir='ltr'>maior&#39;ex</span> <span class='ocrx_word' id='word_1_27' title='bbox 258 457 379 518; x_wconf 89' lang='lat' dir='ltr'>duobus</span> <span class='ocrx_word' id='word_1_28' title='bbox 400 457 471 518; x_wconf 90' lang='lat' dir='ltr'>filiis</span> <span class='ocrx_word' id='word_1_29' title='bbox 493 458 558 518; x_wconf 91' lang='lat' dir='ltr'>eius</span> <span class='ocrx_word' id='word_1_30' title='bbox 581 459 732 536; x_wconf 83' lang='lat' dir='ltr'>Capussa,</span> <span class='ocrx_word' id='word_1_31' title='bbox 761 476 858 536; x_wconf 87' lang='lat' dir='ltr'>puero</span> <span class='ocrx_word' id='word_1_32' title='bbox 879 461 919 520; x_wconf 92' lang='lat' dir='ltr'>ad</span> <span class='ocrx_word' id='word_1_33' title='bbox 939 463 1063 522; x_wconf 91' lang='lat' dir='ltr'>modum</span> 
     </span>
     <span class='ocr_line' id='line_1_5' title="bbox 66 541 1063 621; baseline 0.002 -18"><span class='ocrx_word' id='word_1_34' title='bbox 66 545 192 618; x_wconf 86' lang='lat' dir='ltr'>altero,</span> <span class='ocrx_word' id='word_1_35' title='bbox 215 547 375 616; x_wconf 89' lang='lat' dir='ltr'>paternum</span> <span class='ocrx_word' id='word_1_36' title='bbox 397 541 556 618; x_wconf 86' lang='lat' dir='ltr'>imperium</span> <span class='ocrx_word' id='word_1_37' title='bbox 578 543 706 618; x_wconf 71' lang='lat' dir='ltr'>accepit,</span> <span class='ocrx_word' id='word_1_38' title='bbox 735 552 868 606; x_wconf 85' lang='lat' dir='ltr'>ceterum</span> <span class='ocrx_word' id='word_1_39' title='bbox 883 561 951 604; x_wconf 92' lang='lat' dir='ltr'>cum</span> <span class='ocrx_word' id='word_1_40' title='bbox 966 546 1063 621; x_wconf 88' lang='lat' dir='ltr'>magis</span> 
     </span>
     <span class='ocr_line' id='line_1_6' title="bbox 67 625 1063 702; baseline 0.002 -16"><span class='ocrx_word' id='word_1_41' title='bbox 67 628 143 688; x_wconf 88' lang='lat' dir='ltr'>iure</span> <span class='ocrx_word' id='word_1_42' title='bbox 159 625 260 702; x_wconf 90' lang='lat' dir='ltr'>gentis</span> <span class='ocrx_word' id='word_1_43' title='bbox 272 641 364 702; x_wconf 90' lang='lat' dir='ltr'>quam</span> <span class='ocrx_word' id='word_1_44' title='bbox 378 625 557 687; x_wconf 85' lang='lat' dir='ltr'>auctoritate</span> <span class='ocrx_word' id='word_1_45' title='bbox 571 625 649 686; x_wconf 85' lang='lat' dir='ltr'>inter</span> <span class='ocrx_word' id='word_1_46' title='bbox 660 643 734 688; x_wconf 92' lang='lat' dir='ltr'>suos</span> <span class='ocrx_word' id='word_1_47' title='bbox 749 636 801 688; x_wconf 89' lang='lat' dir='ltr'>aut</span> <span class='ocrx_word' id='word_1_48' title='bbox 814 627 931 688; x_wconf 90' lang='lat' dir='ltr'>viribus</span> <span class='ocrx_word' id='word_1_49' title='bbox 948 628 1063 689; x_wconf 84' lang='lat' dir='ltr'>obtine-</span> 
     </span>
     <span class='ocr_line' id='line_1_7' title="bbox 69 709 1063 787; baseline 0.004 -18"><span class='ocrx_word' id='word_1_50' title='bbox 69 718 121 771; x_wconf 88' lang='lat' dir='ltr'>ret</span> <span class='ocrx_word' id='word_1_51' title='bbox 136 726 276 786; x_wconf 89' lang='lat' dir='ltr'>regnum,</span> <span class='ocrx_word' id='word_1_52' title='bbox 297 709 412 770; x_wconf 87' lang='lat' dir='ltr'>exstitit</span> <span class='ocrx_word' id='word_1_53' title='bbox 427 709 745 786; x_wconf 86' lang='lat' dir='ltr'>quidamMazaetutus</span> <span class='ocrx_word' id='word_1_54' title='bbox 760 711 892 787; x_wconf 90' lang='lat' dir='ltr'>nomine,</span> <span class='ocrx_word' id='word_1_55' title='bbox 915 728 976 773; x_wconf 93' lang='lat' dir='ltr'>non</span> <span class='ocrx_word' id='word_1_56' title='bbox 992 713 1063 773; x_wconf 88' lang='lat' dir='ltr'>atie-</span> 
     </span>
     <span class='ocr_line' id='line_1_8' title="bbox 71 793 1064 870; baseline 0.001 -15"><span class='ocrx_word' id='word_1_57' title='bbox 71 810 136 855; x_wconf 92' lang='lat' dir='ltr'>nus</span> <span class='ocrx_word' id='word_1_58' title='bbox 161 793 310 869; x_wconf 91' lang='lat' dir='ltr'>sanguine</span> <span class='ocrx_word' id='word_1_59' title='bbox 329 794 470 868; x_wconf 90' lang='lat' dir='ltr'>regibus,</span> <span class='ocrx_word' id='word_1_60' title='bbox 503 793 634 853; x_wconf 85' lang='lat' dir='ltr'>familiae</span> <span class='ocrx_word' id='word_1_61' title='bbox 656 810 778 870; x_wconf 89' lang='lat' dir='ltr'>semper</span> <span class='ocrx_word' id='word_1_62' title='bbox 804 795 945 856; x_wconf 88' lang='lat' dir='ltr'>inimicae</span> <span class='ocrx_word' id='word_1_63' title='bbox 967 811 1003 856; x_wconf 87' lang='lat' dir='ltr'>ac</span> <span class='ocrx_word' id='word_1_64' title='bbox 1025 798 1064 857; x_wconf 90' lang='lat' dir='ltr'>de</span> 
     </span>
     <span class='ocr_line' id='line_1_9' title="bbox 67 876 1062 954; baseline 0.003 -16"><span class='ocrx_word' id='word_1_65' title='bbox 67 877 207 954; x_wconf 91' lang='lat' dir='ltr'>imperio</span> <span class='ocrx_word' id='word_1_66' title='bbox 219 876 305 937; x_wconf 89' lang='lat' dir='ltr'>varia</span> <span class='ocrx_word' id='word_1_67' title='bbox 317 878 437 938; x_wconf 81' lang='lat' dir='ltr'>fortuna</span> <span class='ocrx_word' id='word_1_68' title='bbox 448 893 516 938; x_wconf 92' lang='lat' dir='ltr'>cum</span> <span class='ocrx_word' id='word_1_69' title='bbox 531 878 568 938; x_wconf 93' lang='lat' dir='ltr'>iis</span> <span class='ocrx_word' id='word_1_70' title='bbox 582 879 707 952; x_wconf 91' lang='lat' dir='ltr'>quitum</span> <span class='ocrx_word' id='word_1_71' title='bbox 723 878 899 940; x_wconf 78' lang='lat' dir='ltr'>ohdnebant</span> <span class='ocrx_word' id='word_1_72' title='bbox 910 881 1062 942; x_wconf 87' lang='lat' dir='ltr'>certantis.</span> 
     </span>
     <span class='ocr_line' id='line_1_10' title="bbox 70 961 1063 1040; baseline 0.003 -18"><span class='ocrx_word' id='word_1_73' title='bbox 70 962 102 1022; x_wconf 89' lang='lat' dir='ltr'>is</span> <span class='ocrx_word' id='word_1_74' title='bbox 127 961 288 1022; x_wconf 86' lang='lat' dir='ltr'>concitatis</span> <span class='ocrx_word' id='word_1_75' title='bbox 308 961 526 1040; x_wconf 90' lang='lat' dir='ltr'>popularibus,</span> <span class='ocrx_word' id='word_1_76' title='bbox 551 962 634 1038; x_wconf 92' lang='lat' dir='ltr'>apud</span> <span class='ocrx_word' id='word_1_77' title='bbox 649 978 728 1038; x_wconf 89' lang='lat' dir='ltr'>quos</span> <span class='ocrx_word' id='word_1_78' title='bbox 750 963 865 1024; x_wconf 89' lang='lat' dir='ltr'>invidia</span> <span class='ocrx_word' id='word_1_79' title='bbox 879 979 985 1039; x_wconf 88' lang='lat' dir='ltr'>regum</span> <span class='ocrx_word' id='word_1_80' title='bbox 1000 981 1063 1025; x_wconf 88' lang='lat' dir='ltr'>ma-</span> 
     </span>
     <span class='ocr_line' id='line_1_11' title="bbox 71 1047 1062 1123; baseline 0.002 -17"><span class='ocrx_word' id='word_1_81' title='bbox 71 1063 159 1121; x_wconf 89' lang='lat' dir='ltr'>gnae</span> <span class='ocrx_word' id='word_1_82' title='bbox 181 1047 367 1107; x_wconf 77' lang='lat' dir='ltr'>auctoritatis</span> <span class='ocrx_word' id='word_1_83' title='bbox 388 1054 466 1121; x_wconf 90' lang='lat' dir='ltr'>erat,</span> <span class='ocrx_word' id='word_1_84' title='bbox 488 1047 596 1106; x_wconf 90' lang='lat' dir='ltr'>castris</span> <span class='ocrx_word' id='word_1_85' title='bbox 618 1048 719 1122; x_wconf 88' lang='lat' dir='ltr'>palam</span> <span class='ocrx_word' id='word_1_86' title='bbox 740 1048 850 1123; x_wconf 92' lang='lat' dir='ltr'>positis</span> <span class='ocrx_word' id='word_1_87' title='bbox 873 1047 1062 1108; x_wconf 87' lang='lat' dir='ltr'>descendere</span> 
     </span>
     <span class='ocr_line' id='line_1_12' title="bbox 71 1129 1062 1207; baseline 0.003 -18"><span class='ocrx_word' id='word_1_88' title='bbox 71 1147 183 1206; x_wconf 88' lang='lat' dir='ltr'>regem</span> <span class='ocrx_word' id='word_1_89' title='bbox 197 1130 229 1189; x_wconf 93' lang='lat' dir='ltr'>in</span> <span class='ocrx_word' id='word_1_90' title='bbox 244 1131 342 1190; x_wconf 86' lang='lat' dir='ltr'>acicm</span> <span class='ocrx_word' id='word_1_91' title='bbox 357 1146 393 1191; x_wconf 88' lang='lat' dir='ltr'>ac</span> <span class='ocrx_word' id='word_1_92' title='bbox 408 1129 553 1190; x_wconf 91' lang='lat' dir='ltr'>dimicare</span> <span class='ocrx_word' id='word_1_93' title='bbox 568 1131 607 1190; x_wconf 89' lang='lat' dir='ltr'>de</span> <span class='ocrx_word' id='word_1_94' title='bbox 621 1146 716 1206; x_wconf 88' lang='lat' dir='ltr'>reguo</span> <span class='ocrx_word' id='word_1_95' title='bbox 734 1131 842 1206; x_wconf 87' lang='lat' dir='ltr'>coegit.</span> <span class='ocrx_word' id='word_1_96' title='bbox 874 1133 904 1192; x_wconf 91' lang='lat' dir='ltr'>in</span> <span class='ocrx_word' id='word_1_97' title='bbox 920 1148 957 1192; x_wconf 91' lang='lat' dir='ltr'>eo</span> <span class='ocrx_word' id='word_1_98' title='bbox 972 1147 1062 1207; x_wconf 86' lang='lat' dir='ltr'>proe-</span> 
     </span>
     <span class='ocr_line' id='line_1_13' title="bbox 73 1214 1059 1292; baseline 0.003 -20"><span class='ocrx_word' id='word_1_99' title='bbox 73 1215 119 1275; x_wconf 89' lang='lat' dir='ltr'>lio</span> <span class='ocrx_word' id='word_1_100' title='bbox 138 1214 279 1292; x_wconf 79' lang='lat' dir='ltr'><strong>Capussa</strong></span> <span class='ocrx_word' id='word_1_101' title='bbox 300 1231 369 1276; x_wconf 91' lang='lat' dir='ltr'>eum</span> <span class='ocrx_word' id='word_1_102' title='bbox 390 1215 491 1275; x_wconf 93' lang='lat' dir='ltr'>multis</span> <span class='ocrx_word' id='word_1_103' title='bbox 512 1215 684 1291; x_wconf 87' lang='lat' dir='ltr'>principum</span> <span class='ocrx_word' id='word_1_104' title='bbox 706 1215 830 1288; x_wconf 81' lang='lat' dir='ltr'>cecidit3</span> <span class='ocrx_word' id='word_1_105' title='bbox 850 1231 927 1291; x_wconf 90' lang='lat' dir='ltr'>gens</span> <span class='ocrx_word' id='word_1_106' title='bbox 942 1216 1059 1276; x_wconf 91' lang='lat' dir='ltr'>Maesu-</span> 
     </span>
     <span class='ocr_line' id='line_1_14' title="bbox 72 1297 1056 1378; baseline 0.004 -21"><span class='ocrx_word' id='word_1_107' title='bbox 72 1300 188 1358; x_wconf 86' lang='lat' dir='ltr'>liorum</span> <span class='ocrx_word' id='word_1_108' title='bbox 203 1297 301 1360; x_wconf 88' lang='lat' dir='ltr'>omnis</span> <span class='ocrx_word' id='word_1_109' title='bbox 315 1298 345 1359; x_wconf 93' lang='lat' dir='ltr'>in</span> <span class='ocrx_word' id='word_1_110' title='bbox 361 1299 512 1360; x_wconf 85' lang='lat' dir='ltr'>dicionem</span> <span class='ocrx_word' id='word_1_111' title='bbox 527 1299 748 1378; x_wconf 77' lang='lat' dir='ltr'>imperiumque</span> <span class='ocrx_word' id='word_1_112' title='bbox 759 1300 920 1360; x_wconf 85' lang='lat' dir='ltr'>Mazaetuli</span> <span class='ocrx_word' id='word_1_113' title='bbox 935 1315 1056 1362; x_wconf 89' lang='lat' dir='ltr'>conces·</span> 
     </span>
     <span class='ocr_line' id='line_1_15' title="bbox 75 1383 1062 1461; baseline 0.001 -17"><span class='ocrx_word' id='word_1_114' title='bbox 75 1385 131 1444; x_wconf 91' lang='lat' dir='ltr'>sit.</span> <span class='ocrx_word' id='word_1_115' title='bbox 162 1384 246 1459; x_wconf 89' lang='lat' dir='ltr'>regio</span> <span class='ocrx_word' id='word_1_116' title='bbox 260 1390 362 1445; x_wconf 91' lang='lat' dir='ltr'>tamen</span> <span class='ocrx_word' id='word_1_117' title='bbox 377 1384 499 1444; x_wconf 86' lang='lat' dir='ltr'>nomine</span> <span class='ocrx_word' id='word_1_118' title='bbox 521 1383 679 1461; x_wconf 82' lang='lat' dir='ltr'>abstinuit,</span> <span class='ocrx_word' id='word_1_119' title='bbox 701 1391 925 1460; x_wconf 84' lang='lat' dir='ltr'>contentusque</span> <span class='ocrx_word' id='word_1_120' title='bbox 939 1385 1062 1445; x_wconf 88' lang='lat' dir='ltr'>nomine</span> 
     </span>
     <span class='ocr_line' id='line_1_16' title="bbox 73 1467 1061 1546; baseline 0.003 -20"><span class='ocrx_word' id='word_1_121' title='bbox 73 1469 202 1528; x_wconf 87' lang='lat' dir='ltr'>modico</span> <span class='ocrx_word' id='word_1_122' title='bbox 226 1467 335 1529; x_wconf 89' lang='lat' dir='ltr'>tutoris</span> <span class='ocrx_word' id='word_1_123' title='bbox 359 1484 489 1544; x_wconf 90' lang='lat' dir='ltr'>puerum</span> <span class='ocrx_word' id='word_1_124' title='bbox 510 1468 716 1543; x_wconf 82' lang='lat' dir='ltr'>Lacumazen,</span> <span class='ocrx_word' id='word_1_125' title='bbox 753 1470 805 1545; x_wconf 88' lang='lat' dir='ltr'>qui</span> <span class='ocrx_word' id='word_1_126' title='bbox 830 1469 933 1546; x_wconf 86' lang='lat' dir='ltr'>stirpis</span> <span class='ocrx_word' id='word_1_127' title='bbox 959 1469 1061 1544; x_wconf 80' lang='lat' dir='ltr'>regiae</span> 
     </span>
     <span class='ocr_line' id='line_1_17' title="bbox 77 1552 1062 1630; baseline -0.001 -18"><span class='ocrx_word' id='word_1_128' title='bbox 77 1561 256 1628; x_wconf 88' lang='lat' dir='ltr'>supererat,</span> <span class='ocrx_word' id='word_1_129' title='bbox 277 1567 382 1628; x_wconf 88' lang='lat' dir='ltr'>regem</span> <span class='ocrx_word' id='word_1_130' title='bbox 398 1553 540 1628; x_wconf 88' lang='lat' dir='ltr'>appellat.</span> <span class='ocrx_word' id='word_1_131' title='bbox 577 1552 855 1630; x_wconf 80' lang='lat' dir='ltr'>Carthaginiensem</span> <span class='ocrx_word' id='word_1_132' title='bbox 871 1553 1003 1614; x_wconf 88' lang='lat' dir='ltr'>nobilem</span> <span class='ocrx_word' id='word_1_133' title='bbox 1018 1553 1032 1611; x_wconf 88' lang='lat' dir='ltr'>i</span> <span class='ocrx_word' id='word_1_134' title='bbox 1048 1586 1062 1596; x_wconf 91' lang='lat'>-</span> 
     </span>
     <span class='ocr_line' id='line_1_18' title="bbox 75 1635 1060 1714; baseline 0.001 -19"><span class='ocrx_word' id='word_1_135' title='bbox 75 1637 206 1710; x_wconf 90' lang='lat' dir='ltr'>minam,</span> <span class='ocrx_word' id='word_1_136' title='bbox 229 1637 344 1697; x_wconf 89' lang='lat' dir='ltr'>sororis</span> <span class='ocrx_word' id='word_1_137' title='bbox 365 1636 458 1696; x_wconf 88' lang='lat' dir='ltr'>filiam</span> <span class='ocrx_word' id='word_1_138' title='bbox 472 1637 666 1712; x_wconf 83' lang='lat' dir='ltr'>Hannibalis,</span> <span class='ocrx_word' id='word_1_139' title='bbox 690 1653 769 1713; x_wconf 91' lang='lat' dir='ltr'>qnae</span> <span class='ocrx_word' id='word_1_140' title='bbox 786 1639 926 1714; x_wconf 88' lang='lat' dir='ltr'>proxime</span> <span class='ocrx_word' id='word_1_141' title='bbox 942 1635 1060 1697; x_wconf 89' lang='lat' dir='ltr'>Oesalci</span> 
     </span>
     <span class='ocr_line' id='line_1_19' title="bbox 77 1718 1060 1798; baseline 0.001 -19"><span class='ocrx_word' id='word_1_142' title='bbox 77 1718 146 1794; x_wconf 89' lang='lat' dir='ltr'>regi</span> <span class='ocrx_word' id='word_1_143' title='bbox 157 1728 251 1795; x_wconf 91' lang='lat' dir='ltr'>nupta</span> <span class='ocrx_word' id='word_1_144' title='bbox 262 1721 368 1794; x_wconf 83' lang='lat' dir='ltr'>iuerat,</span> <span class='ocrx_word' id='word_1_145' title='bbox 383 1720 573 1782; x_wconf 91' lang='lat' dir='ltr'>matrimonio</span> <span class='ocrx_word' id='word_1_146' title='bbox 587 1720 646 1781; x_wconf 87' lang='lat' dir='ltr'>sibi</span> <span class='ocrx_word' id='word_1_147' title='bbox 661 1721 757 1796; x_wconf 92' lang='lat' dir='ltr'>iungit</span> <span class='ocrx_word' id='word_1_148' title='bbox 770 1738 827 1798; x_wconf 91' lang='lat' dir='ltr'>spe</span> <span class='ocrx_word' id='word_1_149' title='bbox 836 1722 1060 1796; x_wconf 87' lang='lat' dir='ltr'>carthaginien-</span> 
     </span>
     <span class='ocr_line' id='line_1_20' title="bbox 78 1803 1061 1883; baseline -0.001 -19"><span class='ocrx_word' id='word_1_150' title='bbox 78 1805 160 1864; x_wconf 91' lang='lat' dir='ltr'>sium</span> <span class='ocrx_word' id='word_1_151' title='bbox 175 1805 338 1880; x_wconf 89' lang='lat' dir='ltr'>societatis,</span> <span class='ocrx_word' id='word_1_152' title='bbox 354 1810 383 1864; x_wconf 92' lang='lat' dir='ltr'>et</span> <span class='ocrx_word' id='word_1_153' title='bbox 398 1819 466 1865; x_wconf 90' lang='lat' dir='ltr'>cum</span> <span class='ocrx_word' id='word_1_154' title='bbox 478 1803 622 1883; x_wconf 79' lang='lat' dir='ltr'>Syphace</span> <span class='ocrx_word' id='word_1_155' title='bbox 633 1805 798 1881; x_wconf 87' lang='lat' dir='ltr'>hospitium</span> <span class='ocrx_word' id='word_1_156' title='bbox 810 1813 963 1868; x_wconf 89' lang='lat' dir='ltr'>vetustum</span> <span class='ocrx_word' id='word_1_157' title='bbox 978 1807 1061 1880; x_wconf 88' lang='lat' dir='ltr'>lega·</span> 
     </span>
     <span class='ocr_line' id='line_1_21' title="bbox 77 1887 1060 1965; baseline 0.002 -18"><span class='ocrx_word' id='word_1_158' title='bbox 77 1889 119 1947; x_wconf 92' lang='lat' dir='ltr'>tis</span> <span class='ocrx_word' id='word_1_159' title='bbox 134 1887 236 1949; x_wconf 89' lang='lat' dir='ltr'>missis</span> <span class='ocrx_word' id='word_1_160' title='bbox 250 1895 392 1962; x_wconf 89' lang='lat' dir='ltr'>renovat,</span> <span class='ocrx_word' id='word_1_161' title='bbox 410 1888 513 1956; x_wconf 90' lang='lat' dir='ltr'>omnia</span> <span class='ocrx_word' id='word_1_162' title='bbox 528 1904 565 1948; x_wconf 91' lang='lat' dir='ltr'>ea</span> <span class='ocrx_word' id='word_1_163' title='bbox 579 1888 691 1949; x_wconf 87' lang='lat' dir='ltr'>auxilia</span> <span class='ocrx_word' id='word_1_164' title='bbox 705 1905 895 1965; x_wconf 89' lang='lat' dir='ltr'>praeparans</span> <span class='ocrx_word' id='word_1_165' title='bbox 910 1889 1060 1949; x_wconf 84' lang='lat' dir='ltr'>advorsus</span> 
     </span>
     <span class='ocr_line' id='line_1_22' title="bbox 77 1971 1060 2057; baseline -0.001 -25"><span class='ocrx_word' id='word_1_166' title='bbox 77 1971 285 2032; x_wconf 86' lang='lat' dir='ltr'>Masinissam.</span> <span class='ocrx_word' id='word_1_167' title='bbox 338 1972 429 2044; x_wconf 83' lang='lat' dir='ltr'>XXX.</span> <span class='ocrx_word' id='word_1_168' title='bbox 453 1979 483 2033; x_wconf 92' lang='lat' dir='ltr'>et</span> <span class='ocrx_word' id='word_1_169' title='bbox 502 1972 680 2046; x_wconf 85' lang='lat' dir='ltr'>Masinissa,</span> <span class='ocrx_word' id='word_1_170' title='bbox 710 1972 814 2057; x_wconf 84' lang='lat' dir='ltr'>audita</span> <span class='ocrx_word' id='word_1_171' title='bbox 833 1980 929 2033; x_wconf 92' lang='lat' dir='ltr'>morte</span> <span class='ocrx_word' id='word_1_172' title='bbox 951 1973 1060 2048; x_wconf 87' lang='lat' dir='ltr'>patrui,</span> 
     </span>
     <span class='ocr_line' id='line_1_23' title="bbox 79 2054 1060 2133; baseline -0.003 -17"><span class='ocrx_word' id='word_1_173' title='bbox 79 2057 152 2116; x_wconf 90' lang='lat' dir='ltr'>dein</span> <span class='ocrx_word' id='word_1_174' title='bbox 172 2072 248 2116; x_wconf 92' lang='lat' dir='ltr'>nece</span> <span class='ocrx_word' id='word_1_175' title='bbox 269 2056 369 2117; x_wconf 78' lang='lat' dir='ltr'>fratris</span> <span class='ocrx_word' id='word_1_176' title='bbox 390 2057 551 2133; x_wconf 89' lang='lat' dir='ltr'>patruelis,</span> <span class='ocrx_word' id='word_1_177' title='bbox 575 2073 614 2116; x_wconf 87' lang='lat' dir='ltr'>ex</span> <span class='ocrx_word' id='word_1_178' title='bbox 627 2055 776 2132; x_wconf 87' lang='lat' dir='ltr'>Hispania</span> <span class='ocrx_word' id='word_1_179' title='bbox 797 2056 827 2115; x_wconf 95' lang='lat' dir='ltr'>in</span> <span class='ocrx_word' id='word_1_180' title='bbox 841 2054 1060 2116; x_wconf 87' lang='lat' dir='ltr'>Mauretaniam</span> 
     </span>
     <span class='ocr_line' id='line_1_24' title="bbox 77 2138 1060 2216; baseline -0.004 -16"><span class='ocrx_word' id='word_1_181' title='bbox 77 2175 123 2186; x_wconf 86' lang='lat'>-</span> <span class='ocrx_word' id='word_1_182' title='bbox 143 2141 242 2201; x_wconf 88' lang='lat' dir='ltr'>Bucar</span> <span class='ocrx_word' id='word_1_183' title='bbox 262 2157 299 2201; x_wconf 90' lang='lat' dir='ltr'>ea</span> <span class='ocrx_word' id='word_1_184' title='bbox 320 2147 501 2216; x_wconf 84' lang='lat' dir='ltr'>tempestate</span> <span class='ocrx_word' id='word_1_185' title='bbox 522 2157 579 2200; x_wconf 88' lang='lat' dir='ltr'>rex</span> <span class='ocrx_word' id='word_1_186' title='bbox 593 2140 769 2202; x_wconf 89' lang='lat' dir='ltr'>Maurorum</span> <span class='ocrx_word' id='word_1_187' title='bbox 789 2146 854 2200; x_wconf 90' lang='lat' dir='ltr'>erat</span> <span class='ocrx_word' id='word_1_188' title='bbox 870 2173 913 2184; x_wconf 86' lang='lat'><em>-</em></span> <span class='ocrx_word' id='word_1_189' title='bbox 933 2138 1060 2200; x_wconf 89' lang='lat' dir='ltr'>traiecit.</span> 
     </span>
     <span class='ocr_line' id='line_1_25' title="bbox 79 2223 1060 2301; baseline -0.004 -17"><span class='ocrx_word' id='word_1_190' title='bbox 79 2225 121 2284; x_wconf 91' lang='lat' dir='ltr'>ab</span> <span class='ocrx_word' id='word_1_191' title='bbox 137 2241 173 2285; x_wconf 89' lang='lat' dir='ltr'>eo</span> <span class='ocrx_word' id='word_1_192' title='bbox 189 2227 321 2300; x_wconf 88' lang='lat' dir='ltr'>supplex</span> <span class='ocrx_word' id='word_1_193' title='bbox 335 2224 448 2286; x_wconf 89' lang='lat' dir='ltr'>infimis</span> <span class='ocrx_word' id='word_1_194' title='bbox 464 2225 607 2301; x_wconf 87' lang='lat' dir='ltr'>precibus</span> <span class='ocrx_word' id='word_1_195' title='bbox 622 2225 769 2286; x_wconf 86' lang='lat' dir='ltr'>auxilium</span> <span class='ocrx_word' id='word_1_196' title='bbox 784 2224 897 2299; x_wconf 91' lang='lat' dir='ltr'>itineri,</span> <span class='ocrx_word' id='word_1_197' title='bbox 917 2223 1060 2298; x_wconf 90' lang='lat' dir='ltr'>quoniam</span> 
     </span>
     <span class='ocr_line' id='line_1_26' title="bbox 79 2307 1060 2385; baseline -0.003 -16"><span class='ocrx_word' id='word_1_198' title='bbox 79 2309 161 2369; x_wconf 89' lang='lat' dir='ltr'>bello</span> <span class='ocrx_word' id='word_1_199' title='bbox 183 2326 243 2370; x_wconf 91' lang='lat' dir='ltr'>non</span> <span class='ocrx_word' id='word_1_200' title='bbox 263 2316 396 2385; x_wconf 89' lang='lat' dir='ltr'>poterat,</span> <span class='ocrx_word' id='word_1_201' title='bbox 419 2316 562 2385; x_wconf 87' lang='lat' dir='ltr'>quattuor</span> <span class='ocrx_word' id='word_1_202' title='bbox 582 2309 665 2370; x_wconf 89' lang='lat' dir='ltr'>milia</span> <span class='ocrx_word' id='word_1_203' title='bbox 684 2309 859 2370; x_wconf 89' lang='lat' dir='ltr'>Maurorum</span> <span class='ocrx_word' id='word_1_204' title='bbox 880 2307 1060 2383; x_wconf 85' lang='lat' dir='ltr'>impetravit.</span> 
     </span>
     <span class='ocr_line' id='line_1_27' title="bbox 81 2391 1060 2470; baseline -0.002 -18"><span class='ocrx_word' id='word_1_205' title='bbox 81 2409 150 2454; x_wconf 91' lang='lat' dir='ltr'>cum</span> <span class='ocrx_word' id='word_1_206' title='bbox 170 2393 221 2467; x_wconf 89' lang='lat' dir='ltr'>iis,</span> <span class='ocrx_word' id='word_1_207' title='bbox 244 2393 417 2468; x_wconf 90' lang='lat' dir='ltr'>praemisso</span> <span class='ocrx_word' id='word_1_208' title='bbox 430 2395 544 2455; x_wconf 69' lang='lat' dir='ltr'>&#39;nuntio</span> <span class='ocrx_word' id='word_1_209' title='bbox 560 2395 600 2454; x_wconf 92' lang='lat' dir='ltr'>ad</span> <span class='ocrx_word' id='word_1_210' title='bbox 614 2399 759 2470; x_wconf 89' lang='lat' dir='ltr'>paternos</span> <span class='ocrx_word' id='word_1_211' title='bbox 776 2408 913 2468; x_wconf 91' lang='lat' dir='ltr'>suosque</span> <span class='ocrx_word' id='word_1_212' title='bbox 935 2391 1060 2466; x_wconf 90' lang='lat' dir='ltr'>amicos,</span> 
     </span>
     <span class='ocr_line' id='line_1_28' title="bbox 80 2475 1061 2554; baseline -0.003 -17"><span class='ocrx_word' id='word_1_213' title='bbox 80 2478 202 2538; x_wconf 89' lang='lat' dir='ltr'>eumad</span> <span class='ocrx_word' id='word_1_214' title='bbox 218 2478 295 2538; x_wconf 87' lang='lat' dir='ltr'>fines</span> <span class='ocrx_word' id='word_1_215' title='bbox 310 2479 395 2554; x_wconf 91' lang='lat' dir='ltr'>regni</span> <span class='ocrx_word' id='word_1_216' title='bbox 410 2479 613 2554; x_wconf 86' lang='lat' dir='ltr'>pervenisset,</span> <span class='ocrx_word' id='word_1_217' title='bbox 636 2477 789 2554; x_wconf 87' lang='lat' dir='ltr'>quingenti</span> <span class='ocrx_word' id='word_1_218' title='bbox 804 2478 899 2536; x_wconf 85' lang='lat' dir='ltr'>ferme</span> <span class='ocrx_word' id='word_1_219' title='bbox 912 2475 1061 2536; x_wconf 90' lang='lat' dir='ltr'>Numidae</span> 
     </span>
     <span class='ocr_line' id='line_1_29' title="bbox 81 2560 1060 2638; baseline -0.004 -17"><span class='ocrx_word' id='word_1_220' title='bbox 81 2562 123 2621; x_wconf 89' lang='lat' dir='ltr'>ad</span> <span class='ocrx_word' id='word_1_221' title='bbox 137 2578 205 2622; x_wconf 90' lang='lat' dir='ltr'>eum</span> <span class='ocrx_word' id='word_1_222' title='bbox 220 2569 439 2633; x_wconf 87' lang='lat' dir='ltr'>convenerunt.</span> <span class='ocrx_word' id='word_1_223' title='bbox 475 2562 565 2638; x_wconf 90' lang='lat' dir='ltr'>igitur</span> <span class='ocrx_word' id='word_1_224' title='bbox 578 2561 693 2623; x_wconf 90' lang='lat' dir='ltr'>Mauris</span> <span class='ocrx_word' id='word_1_225' title='bbox 709 2560 790 2635; x_wconf 92' lang='lat' dir='ltr'>inde,</span> <span class='ocrx_word' id='word_1_226' title='bbox 814 2561 893 2621; x_wconf 90' lang='lat' dir='ltr'>sicut</span> <span class='ocrx_word' id='word_1_227' title='bbox 908 2575 1060 2622; x_wconf 85' lang='lat' dir='ltr'>convene-</span> 
     </span>
     <span class='ocr_line' id='line_1_30' title="bbox 80 2644 1062 2722; baseline -0.004 -17"><span class='ocrx_word' id='word_1_228' title='bbox 80 2651 143 2722; x_wconf 85' lang='lat' dir='ltr'>rat,</span> <span class='ocrx_word' id='word_1_229' title='bbox 161 2654 241 2707; x_wconf 90' lang='lat' dir='ltr'>retro</span> <span class='ocrx_word' id='word_1_230' title='bbox 257 2648 297 2707; x_wconf 91' lang='lat' dir='ltr'>ad</span> <span class='ocrx_word' id='word_1_231' title='bbox 311 2662 414 2722; x_wconf 88' lang='lat' dir='ltr'>regem</span> <span class='ocrx_word' id='word_1_232' title='bbox 427 2647 565 2707; x_wconf 89' lang='lat' dir='ltr'>remissis</span> <span class='ocrx_word' id='word_1_233' title='bbox 582 2662 766 2722; x_wconf 89' lang='lat' dir='ltr'>quamquam</span> <span class='ocrx_word' id='word_1_234' title='bbox 787 2645 943 2721; x_wconf 89' lang='lat' dir='ltr'>aliquanto</span> <span class='ocrx_word' id='word_1_235' title='bbox 963 2644 1062 2704; x_wconf 90' lang='lat' dir='ltr'>minor</span> 
     </span>
     <span class='ocr_line' id='line_1_31' title="bbox 83 2728 1059 2807; baseline -0.004 -17"><span class='ocrx_word' id='word_1_236' title='bbox 83 2746 141 2807; x_wconf 89' lang='lat' dir='ltr'>spe</span> <span class='ocrx_word' id='word_1_237' title='bbox 154 2731 320 2804; x_wconf 89' lang='lat' dir='ltr'>multitudo,</span> <span class='ocrx_word' id='word_1_238' title='bbox 336 2747 394 2791; x_wconf 90' lang='lat' dir='ltr'>uec</span> <span class='ocrx_word' id='word_1_239' title='bbox 409 2747 476 2792; x_wconf 92' lang='lat' dir='ltr'>cum</span> <span class='ocrx_word' id='word_1_240' title='bbox 492 2746 553 2806; x_wconf 89' lang='lat' dir='ltr'>qua</span> <span class='ocrx_word' id='word_1_241' title='bbox 567 2737 680 2790; x_wconf 91' lang='lat' dir='ltr'>tantam</span> <span class='ocrx_word' id='word_1_242' title='bbox 694 2746 759 2790; x_wconf 87' lang='lat' dir='ltr'>rem</span> <span class='ocrx_word' id='word_1_243' title='bbox 774 2729 902 2806; x_wconf 87' lang='lat' dir='ltr'>adgredi</span> <span class='ocrx_word' id='word_1_244' title='bbox 918 2728 991 2790; x_wconf 88' lang='lat' dir='ltr'>satis</span> <span class='ocrx_word' id='word_1_245' title='bbox 1008 2744 1059 2787; x_wconf 86' lang='lat' dir='ltr'>au-</span> 
     </span>
     <span class='ocr_line' id='line_1_32' title="bbox 84 2813 1060 2890; baseline -0.002 -17"><span class='ocrx_word' id='word_1_246' title='bbox 84 2815 182 2890; x_wconf 89' lang='lat' dir='ltr'>deret,</span> <span class='ocrx_word' id='word_1_247' title='bbox 203 2821 401 2887; x_wconf 88' lang='lat' dir='ltr'>convenerat,</span> <span class='ocrx_word' id='word_1_248' title='bbox 424 2822 508 2877; x_wconf 90' lang='lat' dir='ltr'>ratus</span> <span class='ocrx_word' id='word_1_249' title='bbox 529 2816 649 2890; x_wconf 89' lang='lat' dir='ltr'>agendo</span> <span class='ocrx_word' id='word_1_250' title='bbox 666 2831 702 2874; x_wconf 89' lang='lat' dir='ltr'>ac</span> <span class='ocrx_word' id='word_1_251' title='bbox 716 2814 870 2876; x_wconf 89' lang='lat' dir='ltr'>moliendo</span> <span class='ocrx_word' id='word_1_252' title='bbox 885 2813 969 2873; x_wconf 90' lang='lat' dir='ltr'>vires</span> <span class='ocrx_word' id='word_1_253' title='bbox 984 2827 1060 2888; x_wconf 93' lang='lat' dir='ltr'>quo-</span> 
     </span>
     <span class='ocr_line' id='line_1_33' title="bbox 85 2895 1060 2975; baseline -0.002 -17"><span class='ocrx_word' id='word_1_254' title='bbox 85 2915 146 2974; x_wconf 90' lang='lat' dir='ltr'>que</span> <span class='ocrx_word' id='word_1_255' title='bbox 159 2899 198 2958; x_wconf 88' lang='lat' dir='ltr'>ad</span> <span class='ocrx_word' id='word_1_256' title='bbox 212 2900 364 2974; x_wconf 90' lang='lat' dir='ltr'>agendum</span> <span class='ocrx_word' id='word_1_257' title='bbox 379 2898 495 2975; x_wconf 88' lang='lat' dir='ltr'>aliquid</span> <span class='ocrx_word' id='word_1_258' title='bbox 511 2899 716 2973; x_wconf 89' lang='lat' dir='ltr'>collecturum,</span> <span class='ocrx_word' id='word_1_259' title='bbox 733 2897 940 2974; x_wconf 86' lang='lat' dir='ltr'>proficiscenti</span> <span class='ocrx_word' id='word_1_260' title='bbox 955 2897 994 2956; x_wconf 90' lang='lat' dir='ltr'>ad</span> <span class='ocrx_word' id='word_1_261' title='bbox 1003 2895 1060 2972; x_wconf 80' lang='lat' dir='ltr'>Sy·</span> 
     </span>
     <span class='ocr_line' id='line_1_34' title="bbox 84 2979 1060 3059; baseline -0.004 -17"><span class='ocrx_word' id='word_1_262' title='bbox 84 2982 211 3057; x_wconf 89' lang='lat' dir='ltr'>phacem</span> <span class='ocrx_word' id='word_1_263' title='bbox 217 2983 406 3045; x_wconf 84' lang='lat' dir='ltr'>Lacumazae</span> <span class='ocrx_word' id='word_1_264' title='bbox 416 2984 521 3059; x_wconf 90' lang='lat' dir='ltr'>regulo</span> <span class='ocrx_word' id='word_1_265' title='bbox 534 2984 572 3042; x_wconf 89' lang='lat' dir='ltr'>ad</span> <span class='ocrx_word' id='word_1_266' title='bbox 580 2983 735 3059; x_wconf 85' lang='lat' dir='ltr'>Thapsum</span> <span class='ocrx_word' id='word_1_267' title='bbox 749 2982 887 3042; x_wconf 84' lang='lat' dir='ltr'>occurrit.</span> <span class='ocrx_word' id='word_1_268' title='bbox 906 2979 1060 3054; x_wconf 74' lang='lat' dir='ltr'>‘trepidum</span> 
     </span>
     <span class='ocr_line' id='line_1_35' title="bbox 85 3061 1060 3142; baseline -0.003 -17"><span class='ocrx_word' id='word_1_269' title='bbox 85 3082 191 3141; x_wconf 88' lang='lat' dir='ltr'>agmen</span> <span class='ocrx_word' id='word_1_270' title='bbox 206 3083 273 3128; x_wconf 90' lang='lat' dir='ltr'>cum</span> <span class='ocrx_word' id='word_1_271' title='bbox 294 3067 325 3126; x_wconf 90' lang='lat' dir='ltr'>in</span> <span class='ocrx_word' id='word_1_272' title='bbox 339 3067 445 3128; x_wconf 90' lang='lat' dir='ltr'>urbem</span> <span class='ocrx_word' id='word_1_273' title='bbox 458 3067 635 3142; x_wconf 82' lang='lat' dir='ltr'>refugisset,</span> <span class='ocrx_word' id='word_1_274' title='bbox 658 3065 764 3126; x_wconf 82' lang='lat' dir='ltr'>urbem</span> <span class='ocrx_word' id='word_1_275' title='bbox 778 3063 944 3126; x_wconf 85' lang='lat' dir='ltr'>Masinissa</span> <span class='ocrx_word' id='word_1_276' title='bbox 962 3061 1060 3137; x_wconf 87' lang='lat' dir='ltr'>primo</span> 
     </span>
     <span class='ocr_line' id='line_1_36' title="bbox 85 3145 1060 3228; baseline -0.004 -18"><span class='ocrx_word' id='word_1_277' title='bbox 85 3150 195 3227; x_wconf 85' lang='lat' dir='ltr'>impetu</span> <span class='ocrx_word' id='word_1_278' title='bbox 206 3151 295 3228; x_wconf 88' lang='lat' dir='ltr'>capit,</span> <span class='ocrx_word' id='word_1_279' title='bbox 312 3167 351 3211; x_wconf 89' lang='lat' dir='ltr'>ex</span> <span class='ocrx_word' id='word_1_280' title='bbox 362 3151 454 3227; x_wconf 90' lang='lat' dir='ltr'>regiis</span> <span class='ocrx_word' id='word_1_281' title='bbox 470 3151 547 3211; x_wconf 87' lang='lat' dir='ltr'>alios</span> <span class='ocrx_word' id='word_1_282' title='bbox 559 3151 714 3211; x_wconf 89' lang='lat' dir='ltr'>tradentes</span> <span class='ocrx_word' id='word_1_283' title='bbox 730 3165 765 3209; x_wconf 89' lang='lat' dir='ltr'>se</span> <span class='ocrx_word' id='word_1_284' title='bbox 778 3148 894 3223; x_wconf 90' lang='lat' dir='ltr'>recipit,</span> <span class='ocrx_word' id='word_1_285' title='bbox 910 3145 987 3206; x_wconf 90' lang='lat' dir='ltr'>alios</span> <span class='ocrx_word' id='word_1_286' title='bbox 999 3147 1060 3206; x_wconf 91' lang='lat' dir='ltr'>vim</span> 
     </span>
     <span class='ocr_line' id='line_1_37' title="bbox 86 3230 1061 3312; baseline -0.001 -20"><span class='ocrx_word' id='word_1_287' title='bbox 86 3241 224 3311; x_wconf 87' lang='lat' dir='ltr'>parantes</span> <span class='ocrx_word' id='word_1_288' title='bbox 246 3236 366 3297; x_wconf 89' lang='lat' dir='ltr'>occidit.</span> <span class='ocrx_word' id='word_1_289' title='bbox 400 3251 471 3312; x_wconf 88' lang='lat' dir='ltr'>pars</span> <span class='ocrx_word' id='word_1_290' title='bbox 486 3235 618 3295; x_wconf 88' lang='lat' dir='ltr'>maxima</span> <span class='ocrx_word' id='word_1_291' title='bbox 633 3249 701 3294; x_wconf 89' lang='lat' dir='ltr'>cum</span> <span class='ocrx_word' id='word_1_292' title='bbox 722 3233 792 3307; x_wconf 91' lang='lat' dir='ltr'>ipso</span> <span class='ocrx_word' id='word_1_293' title='bbox 808 3246 903 3306; x_wconf 88' lang='lat' dir='ltr'>puero</span> <span class='ocrx_word' id='word_1_294' title='bbox 924 3230 1002 3290; x_wconf 91' lang='lat' dir='ltr'>inter</span> <span class='ocrx_word' id='word_1_295' title='bbox 1015 3236 1061 3291; x_wconf 92' lang='lat' dir='ltr'>tu·</span> 
     </span>
     <span class='ocr_line' id='line_1_38' title="bbox 86 3314 1061 3399; baseline -0.003 -22"><span class='ocrx_word' id='word_1_296' title='bbox 86 3320 205 3380; x_wconf 91' lang='lat' dir='ltr'>multum</span> <span class='ocrx_word' id='word_1_297' title='bbox 220 3321 259 3380; x_wconf 89' lang='lat' dir='ltr'>ad</span> <span class='ocrx_word' id='word_1_298' title='bbox 272 3319 456 3399; x_wconf 84' lang='lat' dir='ltr'>Syphacem,</span> <span class='ocrx_word' id='word_1_299' title='bbox 479 3334 541 3394; x_wconf 93' lang='lat' dir='ltr'>quo</span> <span class='ocrx_word' id='word_1_300' title='bbox 556 3318 685 3395; x_wconf 90' lang='lat' dir='ltr'>primum</span> <span class='ocrx_word' id='word_1_301' title='bbox 701 3315 892 3376; x_wconf 86' lang='lat' dir='ltr'>intenderant</span> <span class='ocrx_word' id='word_1_302' title='bbox 906 3314 971 3391; x_wconf 89' lang='lat' dir='ltr'>iter,</span> <span class='ocrx_word' id='word_1_303' title='bbox 992 3329 1061 3390; x_wconf 90' lang='lat' dir='ltr'>per·</span> 
     </span>
     <span class='ocr_line' id='line_1_39' title="bbox 87 3397 1060 3474; baseline -0.006 -11"><span class='ocrx_word' id='word_1_304' title='bbox 87 3412 238 3465; x_wconf 85' lang='lat' dir='ltr'>uenerunt.</span> <span class='ocrx_word' id='word_1_305' title='bbox 277 3406 357 3465; x_wconf 81' lang='lat' dir='ltr'>tama</span> <span class='ocrx_word' id='word_1_306' title='bbox 382 3403 472 3465; x_wconf 90' lang='lat' dir='ltr'>huius</span> <span class='ocrx_word' id='word_1_307' title='bbox 498 3403 638 3464; x_wconf 89' lang='lat' dir='ltr'>modicae</span> <span class='ocrx_word' id='word_1_308' title='bbox 662 3402 706 3462; x_wconf 91' lang='lat' dir='ltr'>rei</span> <span class='ocrx_word' id='word_1_309' title='bbox 728 3401 756 3460; x_wconf 91' lang='lat' dir='ltr'>in</span> <span class='ocrx_word' id='word_1_310' title='bbox 786 3397 935 3474; x_wconf 88' lang='lat' dir='ltr'>principio</span> <span class='ocrx_word' id='word_1_311' title='bbox 960 3413 1060 3458; x_wconf 88' lang='lat' dir='ltr'>rerum</span> 
     </span>
    </p>
   </div>
   <div class='ocr_carea' id='block_1_3' title="bbox 0 0 1250 3900">
    <p class='ocr_par' dir='ltr' id='par_1_3' title="bbox 0 0 1250 3900">
     <span class='ocr_line' id='line_1_40' title="bbox 0 0 1250 3900; baseline 0 0"><span class='ocrx_word' id='word_1_312' title='bbox 0 0 1250 3900; x_wconf 95' lang='lat' dir='ltr'> </span> 
     </span>
    </p>
   </div>
  </div>
 </body>
</html>
