2434 3902
201 220 315 282 LIBER
329 221 462 284 XXVIII.
487 223 570 284 CAP-
581 229 625 286 33.
637 231 680 287 ot.
705 234 741 298 [a.
754 230 786 282 C.
796 231 860 298 206]
958 223 1021 289 idi

15 373 243 434 circumducat
261 373 397 449 equites,
413 380 626 450 segregetque,
642 384 789 452 quantum
805 376 911 453 possit,
926 391 1017 453 eque

13 465 129 519 strom
150 456 189 516 ab
211 457 347 533 pedestri
362 473 511 534 pugnam:
534 459 602 536 ipse
617 460 720 521 omma
733 460 822 536 signa
836 461 973 536 pediam
988 462 1018 524 in

12 543 141 604 hostes
163 541 268 617 vertit,
295 549 442 618 quattuor
462 543 605 606 cohortes
627 544 657 604 in
679 545 920 620 frontoseque,
947 547 1019 621 quia

12 627 124 688 tatius
139 627 277 702 paudere
291 627 390 688 eciem
404 643 465 690 non
482 636 611 704 poterat.
647 645 764 692 morum
778 629 937 706 pugnandi
952 633 1017 692 nul·

13 715 90 773 iam
108 710 189 786 iecit,
205 717 239 771 ut
251 710 322 786 ipso
339 713 504 774 eertamIne
518 719 672 774 averteret
685 714 724 775 ab
735 723 908 790 conspeetu
919 723 1017 776 trans·
1125 779 1127 786 ,

15 795 169 858 euntium
195 811 251 871 per
277 797 373 857 colles
395 798 542 872 equitum.
574 806 766 874 nequeunte
789 797 1016 862 circumductos

14 894 162 942 sensere
182 895 274 956 quam
294 883 454 943 tumultun
468 883 621 958 equestris
638 897 761 958 pugnae
773 882 813 943 ab
828 889 914 958 tergo
929 899 1016 946 aeee

15 981 117 1042 pere.
154 965 196 1024 ita
216 965 278 1026 duo
304 967 421 1041 proelia
442 973 542 1028 erana
574 967 654 1027 duae
675 967 812 1042 peditum
832 967 932 1042 acies,
955 970 1016 1029 duo

15 1048 186 1126 equitatus
201 1064 258 1124 per
271 1050 491 1126 longitudinem
508 1051 616 1127 cantpi,
632 1052 705 1127 quia
719 1051 841 1112 nuseeri
852 1067 1017 1127 exgenere

15 1142 166 1210 utroque
181 1132 331 1209 proelium
345 1135 507 1211 angustiae
521 1152 582 1196 non
598 1135 801 1212 patiebantur,
827 1136 1016 1211 pugnabant

17 1220 239 1295 Hispanorum
261 1235 329 1280 eum
350 1235 452 1296 neque
473 1220 570 1296 pedes
585 1219 680 1295 equiti
694 1235 795 1298 neque
809 1235 906 1296 eques
922 1221 1016 1296 pediti

18 1303 147 1365 auxilio
171 1308 271 1378 esset,
297 1304 395 1379 pedes
423 1304 536 1377 odueiq
561 1305 672 1380 equitis
695 1310 809 1366 temere
831 1303 1015 1366 eommIssus

19 1404 143 1464 eampo
168 1387 363 1464 caederetur,
390 1404 487 1465 eques
514 1390 739 1452 circumventus
764 1403 822 1450 nee
843 1389 977 1464 peditem
999 1406 1017 1450 a

20 1471 257 1534 fronte-iam
277 1473 358 1534 enim
378 1480 492 1536 stratae
505 1475 668 1550 pedestres
683 1474 793 1550 copiae
809 1479 947 1534 erant-
958 1489 1016 1534 nee

21 1557 65 1618 ab
89 1564 178 1632 tergo
199 1556 332 1633 equitem
354 1558 534 1632 sustineret,
558 1565 589 1618 et
606 1559 685 1635 ipsi,
706 1575 776 1620 cum
797 1557 850 1620 diu
863 1559 894 1618 in
910 1558 1016 1620 orbem
1051 1581 1054 1588 ’

23 1658 104 1702 sese
124 1641 277 1703 stantibus
292 1643 382 1719 equis
398 1643 623 1718 defendissent,
645 1645 685 1704 ad
700 1660 792 1706 unum
808 1659 916 1706 omnes
932 1642 1016 1704 eaesi

25 1734 121 1801 sunt,
136 1741 192 1786 nee
208 1727 374 1804 quisquam
387 1728 527 1804 peditum
541 1729 717 1805 equitumve
734 1728 901 1804 superfuit,
919 1728 1015 1804 quiin

25 1813 112 1871 valle
126 1819 351 1886 pugnaverunt.
388 1813 476 1874 tertia
489 1829 579 1890 pars,
603 1829 684 1890 quae
697 1814 728 1872 in
746 1813 825 1874 colle
839 1814 879 1874 ad
894 1819 1015 1889 specta-

23 1897 135 1957 culum
160 1896 258 1971 magis
279 1904 377 1960 tutum
399 1913 490 1974 quam
511 1899 551 1959 ad
570 1905 688 1974 partem
708 1912 829 1974 pugnae
850 1911 1015 1973 capessen-

24 1981 102 2042 dam
124 1984 265 2056 steterat,
286 1989 317 2044 et
335 1984 439 2044 locum
460 1988 491 2044 et
510 1989 633 2059 tempus
654 1983 694 2043 ad
709 1981 888 2058 fugiendum
902 1978 1016 2040 habuit

23 2065 109 2126 inter
130 2080 186 2126 eos
202 2072 232 2126 et
244 2067 342 2143 reguli
357 2066 418 2142 ipsi
433 2068 591 2143 sugerunt,
614 2067 794 2143 priusquam
809 2071 873 2126 tota
887 2064 1016 2125 circum

24 2150 188 2210 veniretur
206 2150 304 2227 aeIes,
329 2152 408 2212 inter
429 2155 587 2213 tumultum
609 2151 718 2226 elapsi.
752 2149 885 2210 XXXIV.
915 2153 1015 2209 eastra

24 2235 144 2297 eodem
167 2233 218 2294 die
242 2235 449 2313 Hispanorum
470 2244 592 2312 praeter
616 2243 749 2296 ceteram
774 2234 922 2311 praedam
948 2248 1016 2293 eum

24 2319 129 2381 tribus
151 2321 246 2379 ferme
265 2321 387 2382 milibus
402 2321 558 2382 hominum
574 2321 744 2397 capiuntur.
779 2317 910 2380 Romani
924 2315 1015 2378 socii-

24 2420 91 2481 que
116 2404 159 2464 ad
184 2403 265 2463 mille
290 2406 413 2468 ducenti
439 2421 477 2466 eo
498 2406 617 2481 proelio
644 2404 829 2477 ceciderunt,
854 2402 1014 2462 vulnerata
1061 2453 1062 2456 ,

24 2489 163 2564 amplius
178 2488 235 2547 tria
249 2490 330 2551 mitia
345 2489 510 2552 hominum.
540 2491 640 2550 minus
654 2495 782 2552 eruenta
796 2486 924 2548 victoria
939 2484 1014 2547 tuis·

25 2579 92 2648 set,
115 2573 144 2633 si
165 2574 336 2648 patentiore
352 2591 462 2651 eampo
478 2575 563 2636 etad
578 2576 680 2650 sugam
695 2571 920 2649 capessendam
935 2569 1015 2630 sacili

26 2659 111 2720 soret
126 2664 304 2732 pugnatum.

115 2740 262 2802 IndebiIIs
282 2741 410 2804 abiectis
435 2742 505 2804 belli
528 2743 664 2806 considis
687 2741 760 2804 nihil
775 2740 868 2802 tutius
883 2738 1015 2801 adflictis

26 2827 126 2887 rebus
148 2834 277 2900 experta
297 2827 358 2888 fide
374 2834 405 2888 et
419 2829 580 2890 elementIa
594 2826 749 2904 Scipionis
764 2834 865 2897 ratus,
886 2825 1015 2886 Mando-

27 2913 113 2972 nium
136 2911 260 2970 iiatrem
279 2912 319 2973 ad
339 2927 409 2972 eum
423 2912 526 2983 mittin
548 2913 599 2988 qui
615 2914 781 2974 advolutus
795 2910 926 2987 genibus
941 2911 1015 2970 sata·

27 3011 90 3056 em
111 2995 229 3056 rabiem
243 2996 392 3072 temporis
407 2996 474 3058 eius
489 3004 630 3073 accusat,
651 3013 721 3059 eum
735 2998 819 3057 velut
833 2993 1017 3068 contagione

30 3080 168 3155 quadam
194 3081 342 3161 pestifera
367 3098 428 3142 non
448 3083 594 3156 Ilergetes
620 3079 712 3142 modo
739 3088 769 3143 et
788 3077 932 3140 Lacetani
959 3078 1016 3138 sed

29 3172 134 3225 castra
156 3181 281 3241 quoque
295 3166 434 3227 Romana
448 3166 634 3228 insanierint.
665 3181 755 3226 suam
774 3163 898 3242 quidem
913 3168 943 3222 et
957 3164 1017 3222 ira-

29 3249 85 3309 tris
100 3257 132 3310 et
144 3249 334 3325 reliquorum
355 3251 548 3326 popularium
564 3267 631 3312 eam
645 3249 858 3312 eondIcionem
873 3261 962 3320 esse,
986 3252 1018 3308 at

29 3339 98 3407 aut,
122 3334 149 3394 si
164 3333 206 3393 ito
227 3334 380 3408 videatiu,
401 3337 532 3396 reddant
552 3335 692 3412 spiritum
713 3334 744 3394 P.
761 3331 899 3409 Scipioni
915 3331 1017 3392 abeo-

31 3420 102 3478 dem
117 3419 170 3480 itlo
186 3427 363 3495 acceptum,
378 3427 430 3482 aui
444 3420 559 3482 senati
573 3420 620 3480 bis
636 3419 689 3481 uni
703 3418 837 3479 debitam
851 3416 944 3476 vitam
960 3430 1016 3491 pro

31 3519 70 3564 eo
86 3503 117 3564 in
131 3512 316 3582 perpetuum
330 3503 512 3568 devoveant.
542 3513 632 3567 antea
645 3506 675 3565 in
691 3517 788 3564 cause
802 3516 860 3563 sua
874 3499 1016 3562 fiduciam

753 3588 810 3647 li*
