2448 3900
161 215 223 282 806
321 215 436 276 Llsslttt
449 213 539 274 XXX.
563 211 646 272 cnP.
661 217 706 274 di.
719 217 764 274 ta.
787 218 823 284 [a.
835 215 870 269 U.
882 235 907 269 e.
918 216 983 284 5511

161 365 398 440 memorantium,
412 383 452 428 ex
467 365 588 441 quantls
604 365 714 441 opibus
730 381 792 440 quo
806 365 1016 428 reccidissent
1027 366 1165 428 Cartha-

160 453 341 534 giniensium
357 467 416 512 res.
439 451 512 511 nihil
527 450 574 524 iis,
591 450 643 526 qui
654 450 748 510 modo
764 449 869 510 orbem
881 465 981 526 prope
999 458 1162 512 terrarum

162 537 346 601 obtinuerint
359 535 467 608 muris,
490 549 656 612 superesse
671 541 793 609 praeter
807 534 1001 610 Carthaginis
1018 537 1161 595 moenia.

162 624 210 685 his
224 623 361 684 inclusos
376 635 438 680 non
453 625 549 692 terra,
571 635 633 679 non
648 618 722 677 mari
738 619 904 694 quicquam
919 620 969 680 sui
990 620 1075 680 iuris
1094 635 1162 680 cer-

163 723 251 777 nere;
272 704 377 766 urbem
399 719 525 780 quoque
544 703 645 778 ipsam
665 717 702 762 ac
718 709 844 778 penates
865 703 908 762 ita
927 703 1113 776 habituros,
1136 705 1160 764 si

162 806 224 853 non
239 790 270 849 in
285 804 323 850 ea
337 803 472 864 quoque,
495 802 558 862 quo
573 787 647 847 nihil
661 787 787 848 ulterius
802 787 850 860 sit,
872 787 996 848 saevire
1013 790 1159 864 populus

162 877 318 938 Romanus
329 872 431 934 vellet.
453 887 522 932 cum
536 870 619 932 flecti
630 870 840 932 mirericordia
851 879 955 948 patres
971 879 1158 948 appareret,

162 965 336 1021 senatorem
349 972 442 1019 unum
455 955 598 1018 inlesturu
609 955 758 1031 perfidiae
766 955 1067 1032 Carthaginiensium
1085 973 1159 1018 suc·

163 1045 316 1106 clamasse
330 1042 438 1114 lerunt,
459 1055 515 1116 per
529 1054 609 1116 qnos
624 1039 702 1102 deos
717 1040 828 1102 loedus
842 1041 930 1102 icturi
946 1048 1067 1115 essent,
1087 1057 1156 1101 cunr

162 1144 228 1202 eos,
242 1141 298 1204 per
310 1140 389 1203 quos
405 1124 578 1186 antcictum
590 1130 683 1199 esset,
699 1124 892 1186 refellissent:
907 1141 986 1201 „per
996 1125 1155 1186 eosdem‘

162 1212 260 1290 inquit
273 1209 457 1284 Hasdrubal,
477 1208 642 1286 „quoniam
657 1215 719 1268 tarn
732 1210 835 1269 inlesti
850 1216 922 1271 sunl
935 1210 1072 1270 loedere
1091 1211 1156 1269 vio

162 1296 324 1360 lantibus“.

246 1379 347 1442 XLIII.
376 1377 530 1438 inclinatis
546 1377 681 1439 omnium
695 1377 736 1436 ed
750 1393 858 1453 pacem
874 1378 983 1440 animis
1000 1379 1056 1439 Cn.
1072 1379 1152 1438 Len-

163 1467 244 1528 tulus
258 1462 377 1536 consul,
400 1463 447 1523 cui
464 1462 574 1522 classis
590 1461 749 1537 provincia
764 1470 837 1534 erat,
860 1469 986 1524 senatus
1003 1464 1152 1523 consulto

162 1547 344 1611 intercessit.
374 1553 438 1608 tum
451 1546 501 1606 Μ’.
515 1545 634 1606 uellus
656 1554 687 1606 et
701 1546 733 1620 Q.
750 1545 902 1608 Minucius
919 1547 1152 1623 tribuniplebis

162 1634 202 1694 ad
223 1632 372 1708 populum
390 1631 535 1703 tulerunt,
560 1631 671 1690 vellent
685 1629 863 1691 iuberentne
878 1639 1020 1692 senatum
1041 1632 1150 1691 decer-

161 1731 244 1790 nere,
260 1722 293 1776 ut
307 1729 376 1775 oum
392 1713 691 1790 Carthaginiensibus
707 1730 769 1790 pax
781 1715 884 1786 flerem
901 1731 993 1792 quem
1009 1729 1081 1775 earn
1098 1733 1151 1791 pa-

162 1815 228 1860 cem
245 1799 334 1873 dare,
357 1813 512 1874 quemque
525 1814 565 1859 cx
582 1797 685 1860 Africa
699 1799 865 1861 exercitum
884 1800 1050 1876 deportare
1063 1799 1150 1860 iube·

162 1891 238 1945 rent.
271 1884 311 1945 dc
332 1898 411 1960 pace
425 1881 467 1944 uti
481 1889 608 1958 rogatae
629 1888 716 1943 erant
736 1898 844 1944 omnes
859 1884 957 1944 trihus
972 1884 1149 1953 Iusserunl;

162 1984 270 2046 pacem
291 1968 366 2028 dare
380 1967 412 2026 P.
428 1966 619 2043 Scipionem,
642 1968 775 2028 eundem
796 1969 949 2050 exercitus
971 1969 1150 2044 deportare.

161 2069 201 2114 ex
216 2053 274 2112 hac
287 2051 449 2128 rogatione
463 2058 588 2112 senatus
604 2052 748 2126 decrevit,
768 2057 802 2112 ut
814 2051 847 2111 P.
863 2052 969 2130 Scipio
984 2069 1025 2112 ex
1041 2053 1148 2112 decem
1218 2107 1219 2136 2

161 2138 329 2213 legatorum
349 2135 499 2198 sententia
512 2151 622 2211 pacem
636 2151 705 2197 oum
720 2137 837 2213 populo
853 2136 1147 2212 Carthaginiensium
1218 2159 1219 2182 ι

162 2221 275 2297 quihus
289 2220 409 2296 legibus
425 2219 453 2280 ei
469 2220 624 2281 videretur
639 2221 762 2281 laceret.
795 2221 909 2296 gratias
924 2222 1039 2282 deinde
1054 2221 1146 2297 patri·

161 2306 219 2368 hus
235 2319 326 2382 egere
341 2304 622 2381 Carthaginienses,
643 2312 675 2366 el
689 2305 850 2381 petierunt,
871 2313 905 2366 ut
919 2305 978 2366 sihi
992 2306 1024 2364 in
1040 2307 1145 2366 urbem

162 2390 286 2450 introire
306 2396 337 2451 et
351 2390 487 2466 colloqui
503 2406 572 2452 cum
593 2388 712 2452 olvihus
728 2390 793 2451 culs
808 2391 928 2464 liceret,
950 2391 1004 2466 qui
1019 2390 1103 2464 capti
1117 2391 1145 2448 in

131 2513 135 2522 ·
162 2474 284 2550 publica
304 2474 445 2537 custodia
471 2480 590 2535 essent=
619 2489 691 2534 esse
710 2474 742 2534 in
762 2473 799 2534 iis
820 2475 930 2549 partim
950 2476 1144 2550 propinquos

162 2559 340 2634 amicosque
355 2574 441 2633 suos,
467 2559 588 2622 nobiles
603 2557 759 2634 homines,
782 2559 893 2634 partim
908 2559 949 2618 ad
965 2574 1047 2633 qnos
1062 2573 1142 2618 man·

162 2643 234 2703 data
248 2659 266 2702 a
278 2643 460 2718 propinquis
476 2642 631 2704 haherent.
655 2642 766 2718 quihus
779 2643 938 2703 conventia
955 2659 1023 2702 cum
1038 2659 1142 2702 rursus

163 2732 308 2802 peterent,
324 2725 382 2786 sihi
395 2742 474 2800 quos
487 2727 599 2788 vellent
612 2741 651 2786 ex
666 2727 704 2788 iis
714 2727 885 2787 redimendi
898 2735 1038 2804 potestus
1049 2727 1140 2800 lieret,

162 2810 238 2872 iussi
254 2810 378 2870 nomina
397 2811 505 2871 edere=
528 2817 558 2870 et
573 2827 642 2872 cum
657 2811 805 2872 ducentos
821 2812 916 2871 lerme
931 2812 1072 2883 ederent,
1094 2827 1139 2870 se

162 2901 250 2955 natus
266 2895 438 2955 consultum
453 2896 564 2955 lactum
579 2902 635 2969 est,
651 2903 684 2956 ut
697 2896 787 2970 legati
794 2896 923 2957 Romani
939 2897 1089 2956 ducentos
1104 2909 1139 2953 ex
1218 2943 1219 2946 ,

162 2977 306 3054 captivis,
330 2995 408 3055 quos
431 2977 697 3054 Cartlraginierrses
719 2980 845 3053 vellent,
868 2980 909 3039 ad
923 2980 954 3038 P.
971 2978 1138 3039 Cornelium

161 3064 192 3123 in
206 3063 342 3124 Albicam
358 3064 563 3140 deportarent,
588 3065 820 3140 nuntiarentque
835 3064 871 3138 ei,
891 3069 930 3138 ut,
953 3064 980 3124 si
995 3071 1125 3138 percon

163 3149 311 3222 venisset,
335 3149 402 3210 sine
418 3148 514 3224 pretio
531 3164 586 3209 eos
602 3148 902 3224 Carthaginiensibus
917 3149 1070 3207 redderet.
1099 3148 1126 3206 le

162 3233 250 3292 tialcs
265 3249 334 3293 eum
349 3234 379 3292 in
391 3233 524 3292 Africam
540 3234 580 3293 ad
591 3231 702 3292 loedus
717 3233 885 3293 feriendum
900 3233 944 3292 ire
959 3232 1135 3303 iuberentur,

162 3314 239 3389 ipsis
260 3316 484 3390 postulantibus
500 3322 625 3375 senatus
641 3317 813 3376 consultum
828 3318 940 3376 lactum
961 3323 1009 3375 est
1022 3316 1052 3374 in
1066 3315 1136 3374 haec

163 3395 264 3470 verba,
280 3406 312 3456 ut
325 3400 431 3472 privos
443 3399 563 3473 lapides
579 3399 682 3458 silices
696 3399 862 3474 privasque
874 3399 1025 3459 verbenas
1038 3413 1135 3458 secum

163 3476 290 3549 lerrent;
314 3480 356 3540 uti
375 3489 498 3554 praetor
512 3483 667 3541 Romanus
689 3481 866 3556 imperaret,
890 3489 921 3544 ut
942 3481 1052 3544 foedus
1074 3479 1133 3542 leri·
