2428 3892
196 209 256 274 ros
343 209 457 272 uranu
470 209 577 270 xxvi.
600 208 683 270 cnr.
699 215 742 270 eo.
758 217 802 272 51.
824 208 861 286 p.
875 209 1025 285 nuuc]

195 371 247 424 tue
261 369 352 439 cepta
365 377 385 422 a
397 359 541 422 militibus
556 359 670 421 nostris
685 359 725 420 ad
741 374 789 419 me
805 359 897 420 ductu
910 365 1003 435 esset,
1025 359 1172 420 audirem-

196 461 257 524 que
271 445 324 507 tibi
339 460 406 506 eum
419 444 505 506 cordi
520 459 601 520 esse,
617 450 647 504 et
657 444 756 504 lorma
767 443 881 504 luceret
897 443 998 517 fldem,
1015 443 1090 518 quia
1101 443 1173 519 ipse,

195 531 222 592 si
238 529 295 591 lrui
310 529 415 590 liceret
428 528 501 590 ludo
516 527 638 604 aetatis,
660 527 839 604 praesertim
853 527 882 588 in
898 533 982 588 recto
998 534 1029 588 et
1041 527 1173 603 legitimo

195 629 315 688 amoro,
335 620 365 673 et
384 628 446 673 non
461 627 512 673 ras
527 611 650 688 publiea
670 610 803 672 animum
823 617 961 673 nostrum
980 620 1173 689 occupasset,

194 696 316 758 veniam
330 695 403 758 mihi
418 697 483 757 duri
498 711 646 772 sponsam
661 695 829 772 impensius
845 696 956 756 emanti
972 696 1094 768 vellem,
1117 702 1174 770 tuo,

195 781 283 843 ciuus
305 796 449 857 possum,
477 780 574 840 amori
595 780 696 842 iaveo.
739 778 795 840 luit
813 794 931 855 sponsa
950 785 1002 840 tua
1023 779 1113 855 apud
1133 796 1175 839 me

195 865 304 926 eadem
320 880 381 940 que
394 866 479 941 apud
490 879 618 926 soceros
633 869 703 925 tuos
714 869 922 940 parentesque
936 878 1011 925 suos
1029 879 1174 923 verecun-

194 949 260 1020 dia;
284 955 408 1010 servata
428 948 481 1010 tini
501 955 566 1022 cst,
588 956 621 1009 ut
640 947 818 1009 inviolatum
838 954 868 1008 et
881 947 1005 1023 dignum
1019 963 1070 1007 me
1086 954 1174 1023 teque

194 1033 261 1094 dari
283 1032 336 1094 tibi
357 1033 471 1094 donum
491 1038 609 1108 posset
647 1031 727 1092 hunc
747 1031 920 1092 mercedem
944 1045 1036 1092 unum
1056 1047 1120 1108 pro
1142 1048 1174 1092 eo

193 1133 320 1178 munere
341 1116 498 1192 pecismr,
520 1116 636 1177 amicus
657 1117 774 1192 populo
789 1115 927 1177 Romano
949 1115 1008 1190 sis,
1034 1121 1065 1175 et
1081 1115 1112 1176 si
1133 1131 1174 1175 tue

194 1201 291 1262 vitum
310 1200 425 1262 bonum
448 1200 550 1262 eredis
576 1213 662 1273 esse,
695 1199 803 1275 quales
828 1205 946 1276 petrem
971 1205 1174 1276 patruumque

193 1300 293 1346 meum
308 1284 367 1346 ium
382 1289 452 1346 ante
466 1285 525 1345 hae
539 1289 646 1361 gentes
660 1289 778 1358 norant,
799 1283 880 1346 scios
895 1284 1006 1346 multos
1022 1285 1126 1344 nostri
1139 1286 1173 1344 si-

192 1367 280 1431 miles
300 1369 332 1429 ln
347 1369 468 1430 civitate
482 1369 622 1431 Romana
636 1382 722 1441 esse,
745 1383 802 1428 neo
823 1368 916 1429 ullum
931 1366 960 1427 in
976 1367 1067 1428 terris
1084 1367 1174 1428 hodie

194 1454 341 1529 populum
354 1453 415 1514 dici
423 1468 532 1531 posse,
548 1467 640 1528 quem
653 1452 754 1514 minus
766 1451 819 1514 tibi
830 1451 951 1514 hostem
965 1451 1093 1526 tuisque
1108 1467 1174 1512 esse

193 1537 474 1600 veliseutemicum
486 1537 605 1598 malis‘t
633 1536 817 1598 adolescens
827 1535 917 1598 simul
928 1536 1047 1612 pudore
1059 1543 1095 1596 et
1104 1551 1172 1612 geu-

193 1619 244 1680 dio
259 1621 419 1700 perfusus,
443 1622 581 1683 dextram
597 1619 752 1698 Scipionis
767 1626 890 1695 tenens,
912 1620 989 1681 deos
1005 1635 1120 1682 omnes
1136 1620 1171 1679 iu

193 1719 306 1766 vocare
326 1705 366 1766 ud
386 1705 514 1781 gratiam
533 1705 576 1766 illi
590 1719 648 1781 pro
663 1720 699 1766 se
719 1704 926 1780 referendam,
949 1704 1101 1780 quoniam
1122 1703 1172 1764 sibi

192 1801 387 1864 nequaquam
400 1789 475 1852 sutis
487 1789 638 1851 facultatis
650 1806 707 1866 pro
720 1803 777 1851 suo
789 1789 890 1850 animo
902 1794 993 1865 atque
1007 1788 1095 1850 illius
1107 1803 1171 1864 erge

193 1885 228 1930 se
242 1878 334 1934 esset
354 1879 498 1950 parentes
514 1873 586 1934 inde
597 1873 781 1950 cognatique
791 1871 918 1948 virginis
933 1872 1099 1948 appellati;
1116 1871 1171 1947 qui,

193 1955 336 2030 quoniam
348 1957 443 2034 gratis
455 1957 513 2019 sibi
525 1958 704 2018 redderetur
714 1957 801 2032 virgo
813 1957 952 2033 adquam
963 1955 1170 2017 redimendam

191 2039 267 2101 satis
288 2055 431 2116 magnum
449 2042 622 2103 attulissent
641 2042 706 2103 euri
720 2040 862 2118 pondus,
883 2056 971 2101 orare
985 2039 1169 2118 Scipionem,

191 2129 224 2183 ut
243 2124 275 2186 id
296 2126 336 2186 ab
357 2140 392 2185 se
413 2126 528 2188 donum
549 2125 703 2202 occiperet
717 2131 899 2201 coeperunt,
921 2124 1004 2185 haud
1024 2124 1170 2185 minorem

191 2207 257 2269 eius
271 2208 316 2269 rei
330 2210 414 2285 apud
436 2224 472 2270 se
486 2210 615 2286 gretiam
630 2210 760 2271 suturam
775 2223 847 2270 esse
866 2209 1068 2270 adfirmantes
1084 2223 1170 2285 quam

189 2292 328 2354 redditus
349 2292 513 2354 inviolatae
533 2294 612 2354 roret
630 2293 767 2369 virginis.
801 2291 922 2370 Scipio,
944 2293 1072 2369 quando
1091 2298 1169 2354 tanto

192 2391 286 2451 opere
300 2383 448 2453 peterent,
469 2384 667 2454 accepturum
681 2393 716 2438 se
731 2375 884 2453 pollicitus
899 2376 1060 2454 puniente
1076 2377 1169 2453 pedes

190 2459 295 2534 iussit,
319 2467 493 2539 vocatoque
514 2462 555 2522 ed
575 2476 611 2522 se
624 2460 771 2523 Alucceio
790 2475 906 2536 „super
920 2460 1044 2522 dotem“
1067 2459 1169 2536 inquit

190 2559 310 2618 „quem
330 2551 512 2621 accepturus
531 2561 552 2605 a
572 2560 683 2608 socero
702 2560 753 2619 es,
776 2544 853 2606 haec
874 2543 926 2606 tibi
949 2561 967 2604 u
987 2561 1037 2606 me
1058 2544 1167 2622 dotalia

190 2625 274 2688 dona
294 2627 470 2703 aecedent“,
491 2643 659 2706 aurumque
681 2630 789 2690 tollere
810 2643 846 2689 ac
860 2627 920 2689 sibi
934 2628 1050 2690 hebere
1071 2628 1166 2690 iussit

188 2708 237 2770 his
253 2710 350 2773 lectus
366 2711 709 2789 donis.honoribusque
730 2712 876 2774 dimissus
892 2712 1016 2775 domum
1035 2711 1168 2790 implerit

189 2795 357 2870 populares
373 2794 515 2857 laudibus
530 2796 644 2858 meritis
656 2796 828 2874 Scipionis=
851 2797 976 2860 venisse
991 2795 1040 2858 dis
1056 2795 1167 2859 similli-

190 2893 271 2939 mum
288 2877 439 2958 iuvenem,
459 2881 631 2943 vincentem
647 2881 750 2942 omnia
765 2897 834 2942 cum
849 2878 941 2942 armis
955 2887 1019 2942 tum
1032 2879 1166 2956 benigni-

188 2967 249 3022 tate
264 2977 301 3024 ec
310 2962 479 3026 beneficiis.
502 2965 605 3040 itaque
617 2964 729 3027 dilectu
743 2964 897 3026 clientium
912 2962 1015 3025 habito
1031 2979 1101 3026 cum
1116 2964 1165 3024 de

188 3045 277 3108 lectis
291 3048 373 3109 mille
394 3057 425 3111 et
446 3049 677 3125 quadringentis
700 3048 853 3127 equitibus
874 3049 952 3110 intra
966 3062 1086 3125 paucos
1101 3047 1164 3107 dics

188 3130 228 3191 ad
242 3129 418 3210 Scipionem
432 3134 564 3194 revertit.

134 3271 137 3278 .
271 3215 318 3274 Li.
357 3215 462 3293 Scipio
483 3223 633 3278 retentum
654 3232 758 3279 secum
778 3217 914 3278 Laelium
933 3217 1006 3278 dum
1028 3214 1161 3292 captivos

188 3297 377 3376 obsidesque
393 3305 424 3360 et
440 3300 588 3377 praedem
609 3316 649 3361 ex
670 3300 800 3363 consilio
821 3301 889 3363 eius
902 3299 1096 3378 disponeret,
1117 3313 1161 3357 su·

188 3380 226 3440 tis
248 3381 389 3444 omnibus
411 3383 607 3460 compositis,
637 3383 709 3446 date
732 3384 953 3462 quinquereme
974 3382 1161 3462 captiuoque

187 3461 320 3539 Magone
334 3471 365 3525 et
380 3466 554 3542 quindecim
570 3467 633 3527 iere
648 3467 851 3544 senatoribus,
873 3468 924 3546 qui
940 3467 1030 3530 simul
1043 3481 1110 3528 cum
1125 3478 1160 3522 eo
