2448 3900
177 222 242 286 3⁵⁰
337 220 454 284 LIBER
466 221 556 288 XXX.
580 220 664 282 CAP.
678 227 780 286 ²849.
802 227 840 295 [a.
850 225 1001 293 vassu]

177 375 377 438 llsnnibulam
392 389 429 436 oc
443 389 545 434 terrun
558 378 714 449 pesam
729 372 796 434 sits
809 372 1073 449 mgnitouinem
1097 389 1160 449 pao
1216 403 1217 428 i

178 460 302 534 nitebat,
319 459 425 534 modu
447 473 516 522 oren
530 457 719 534 rospioarant
731 455 781 518 δὴ
795 472 867 518 sese
881 456 948 516 acia
961 455 1089 530 vidos,
1111 457 1162 534 Sy-

178 545 309 623 plracom
323 550 454 621 coptum,
475 542 585 618 pulsos
600 557 636 604 se
648 540 806 617 Hispania,
828 541 937 617 pruses
950 540 1056 616 Itolie,
1078 547 1163 616 etque

180 646 219 692 ea
239 628 342 690 emnia
360 627 451 688 ouius
466 627 576 688 virute
593 633 628 687 et
641 624 772 688 consilio
787 624 941 702 Scipionis
955 625 1063 696 mmo,
1088 627 1163 689 uelut

177 714 300 776 iamlam
314 727 386 772 eum
401 712 511 772 ducem
524 711 557 770 in
571 710 695 772 exitium
709 724 799 774 snum
815 716 919 772 nomm
931 707 1120 770 horrebant

260 794 366 856 xxix.
382 795 448 856 lam
460 794 680 856 Hadrumetum
694 800 821 854 venerat
834 793 997 867 Hannibal,
1012 793 1116 866 uude,
1130 793 1165 852 ad

178 879 376 942 mttoiendunr
389 893 430 939 ex
448 878 611 940 locutione
625 876 774 938 maritima
786 877 911 938 militam
924 875 1040 954 paucis
1057 875 1166 936 didono

176 965 322 1041 sumptis,
341 963 460 1024 aurius
473 961 595 1038 pavidis
608 961 721 1022 nuntiis
733 960 1164 1036 omuiaioircucertlmm'mm

176 1048 305 1112 obtineri
319 1047 413 1108 armis
424 1046 635 1120 adferentium,
648 1046 768 1120 magma
782 1045 941 1108 itineribus
947 1045 1085 1112 mam
1093 1059 1165 1104 eon·

175 1133 281 1194 tendit.
319 1131 412 1192 Zama
435 1129 571 1206 quicqum
594 1129 712 1190 diorum
735 1129 793 1190 iter
815 1145 835 1189 o
854 1128 1043 1204 carmasino
1070 1127 1167 1188 obest

176 1217 249 1278 inde
260 1214 422 1293 praemissi
432 1214 643 1290 speculatores
658 1229 728 1274 cum
742 1212 863 1289 excepti
875 1211 1165 1274 aonatudilousito

177 1300 276 1362 monis
291 1298 413 1360 deducti
431 1299 471 1358 sd
485 1295 663 1374 Scipionem
678 1303 792 1372 asserit,
813 1297 942 1358 tmditos
954 1313 1016 1358 eos
1032 1295 1165 1358 tribunis

176 1385 301 1446 militum
323 1384 488 1458 iussosque
507 1381 624 1443 omisso
632 1390 718 1444 ueto
731 1381 833 1442 visere
851 1382 956 1442 omnia
969 1395 1032 1458 per
1054 1387 1165 1452 costra,

177 1485 239 1544 qua
252 1468 364 1528 vellem
375 1465 560 1528 oiroumduci
573 1465 679 1536 iussim
697 1472 986 1542 percunctatusque,
1002 1464 1095 1524 satin’
1111 1479 1166 1540 per

178 1551 373 1613 commodum
394 1551 497 1611 onmia
516 1551 748 1627 explorassent,
771 1550 851 1610 datis
866 1550 919 1626 qui
931 1563 1164 1627 prosequeren-

177 1643 241 1710 tur,
260 1642 341 1696 retro
355 1634 397 1696 ad
409 1634 610 1694 Hannibalem
623 1633 747 1694 dimisit.
777 1631 931 1696 Hannibal
943 1633 1020 1692 nihil
1038 1631 1165 1708 quidem

177 1734 284 1780 eornm
298 1733 378 1792 qnae
392 1717 608 1780 mutantur
622 1747 661 1764 -·
676 1734 746 1778 nom
757 1717 1001 1778 etuiasinissam
1018 1731 1094 1778 cum
1107 1731 1164 1778 sex

177 1801 300 1864 milibus
314 1801 464 1877 peditum,
486 1808 630 1877 ounttnor
643 1802 785 1877 equitum
798 1801 925 1863 venisse
938 1816 977 1862 oo
995 1801 1071 1876 ipso
1086 1800 1165 1860 torte

178 1887 230 1948 die
249 1881 552 1946 atterebant-laeto
564 1878 667 1942 animo
678 1879 1028 1955 oudit,meximelrostis
1039 1879 1166 1954 fidncia,

99 1978 102 1985 ·
175 1972 257 2030 uuae
268 1975 331 2022 nou
348 1960 390 2024 do
409 1962 473 2025 nilo
490 1966 631 2040 proiecto
649 1973 802 2040 concepto
816 1976 895 2028 econ
913 1973 1093 2034 ipercussus
1109 1965 1165 2018 est

179 2040 283 2115 itaque
298 2055 483 2114 quemquem
496 2046 528 2100 et
540 2039 610 2115 ipse
625 2055 720 2104 cause
733 2041 804 2102 belli
817 2049 893 2116 enat,
908 2048 938 2101 et
951 2041 1092 2104 adventu
1107 2057 1164 2102 sno

178 2121 353 2184 turbaverat
367 2129 398 2184 et
407 2129 514 2200 pactas
528 2123 661 2186 indutias
677 2131 707 2186 el
717 2141 806 2202 spem
821 2125 989 2200 foederum,
1004 2133 1122 2197 tumen,
1138 2127 1162 2184 si

176 2205 294 2280 integer
309 2222 400 2281 quam
413 2207 442 2268 si
455 2207 555 2270 victus
567 2215 687 2285 peteret
699 2224 823 2286 pacem,
844 2210 994 2286 sequiora
1006 2208 1163 2285 impetrari

177 2305 273 2366 posse
287 2297 379 2363 notus,
402 2291 540 2354 nuntium
551 2291 594 2352 ad
607 2290 785 2370 Scipionem
802 2292 893 2368 misit,
915 2298 948 2355 ut
961 2292 1163 2368 colloquendi

178 2389 284 2436 secum
298 2379 480 2450 potestatem
493 2375 616 2439 iaceret.
638 2375 669 2436 id
685 2383 785 2438 ninum
799 2393 857 2440 sua
871 2383 984 2453 sponte
999 2377 1110 2438 lecerit
1124 2392 1162 2436 en

177 2457 302 2534 publico
319 2458 456 2532 consilio,
479 2465 619 2522 neutrum
633 2475 688 2521 cur
703 2459 859 2524 adfirmem
872 2460 984 2522 habeo.
1015 2460 1163 2520 Valerius

177 2543 286 2604 Antias
301 2541 399 2617 primo
414 2543 532 2619 proelio
547 2543 662 2608 victum
675 2559 745 2608 euru
759 2560 780 2604 a
792 2543 948 2621 Scipione,
964 2559 1025 2620 quo
1043 2543 1164 2604 dnode-

178 2627 235 2686 oim
257 2626 340 2688 milia
358 2633 542 2690 armatorum
554 2626 587 2688 in
607 2627 674 2690 acie
689 2628 749 2690 sint
762 2643 870 2703 caasa,
890 2628 973 2690 mille
993 2634 1025 2688 et
1043 2627 1162 2704 septin-

177 2709 258 2784 genti
271 2709 361 2784 copti,
375 2712 506 2785 legatum
518 2727 588 2772 cum
597 2711 666 2774 aliis
679 2712 786 2774 docem
794 2711 904 2788 tusus
915 2711 1007 2774 tradit
1015 2711 1049 2772 in
1061 2718 1162 2774 castra

178 2794 218 2854 ad
239 2791 416 2870 Scipionem
436 2795 569 2856 venisse.
603 2802 737 2859 ceterum
753 2794 857 2872 Scipio
878 2812 949 2858 unm
969 2794 1161 2870 colloquium

177 2876 261 2938 haud
275 2876 441 2954 abnuisset,
456 2878 546 2942 ambo
560 2894 601 2940 ex
615 2879 786 2956 composito
798 2879 893 2942 duces
909 2885 1012 2944 castra
1024 2881 1159 2955 prorue

176 2967 256 3036 runt,
277 2966 310 3022 ut
324 2962 407 3022 coire
421 2977 460 3024 ex
474 2962 649 3040 propinquo
662 2971 803 3040 possent.
836 2962 940 3038 Scipio
954 2962 1043 3024 haud
1052 2963 1159 3040 procul
1214 2965 1215 3036 ᾗ

176 3046 352 3122 Naraggara
365 3044 442 3106 urbe
456 3047 579 3128 cumod
595 3053 697 3110 cotem
710 3049 979 3124 looooppouuno,
995 3054 1060 3108 tum
1076 3045 1159 3122 quod
1214 3045 1215 3135 l

178 3129 302 3205 aquatio
318 3130 396 3192 intro
409 3129 461 3192 teli
475 3130 645 3194 conicetur
660 3139 738 3206 erat,
762 3131 911 3196 consedit.
939 3129 1098 3196 ,Hannibal
1113 3137 1157 3192 tu-

177 3213 291 3276 mulum
302 3229 321 3274 a
332 3220 474 3288 quattuor
481 3214 604 3276 nutibus
616 3213 697 3292 inde,
707 3222 802 3279 tuum
813 3214 1073 3290 commodumque
1082 3214 1156 3274 alio·

178 3295 244 3369 qui,
267 3295 326 3356 nisi
348 3296 433 3371 quod
450 3296 637 3372 longinquae
655 3298 830 3374 aquationis
844 3304 924 3373 erat,
946 3297 1039 3373 oepit.
1071 3297 1114 3360 ibi
1129 3297 1156 3358 iu

177 3377 280 3517 media>
295 3379 382 3516 locius
398 3385 582 3455 conspectus
597 3379 748 3457 undique,
770 3381 897 3458 nequid
915 3379 1096 3442 insidiarum
1111 3397 1156 3440 es·

178 3465 233 3529 set,
277 3465 402 3520 sectus.
