2434 3902
181 259 300 322 LIBER
314 260 449 320 XXVIII.
471 259 555 319 CAP.
571 271 596 322 1.
607 269 634 322 2.
657 266 693 334 [a.
709 265 742 322 0.
758 266 821 333 207]
935 260 996 324 221

23 426 71 488 ‚ab
93 415 192 477 nostri
214 415 310 475 marIs
334 430 388 474 ora
409 413 571 490 omnisque
586 416 680 475 fenne
694 416 859 494 Hispania,
883 418 998 495 quoad

23 503 159 564 orientem
172 499 284 576 vergit,
301 498 456 574 Scipionis
472 513 509 558 ac
523 499 679 560 Romanae
695 499 826 562 dicionis
842 509 915 563 erat.
944 517 999 562 no-

23 603 70 647 vus
84 581 255 661 impe'rator
264 583 385 658 Hanno,
401 583 432 643 in
447 584 548 644 locum
561 581 683 644 Barcini
698 584 900 647 Hasdrubalis
915 601 999 646 novo

23 687 80 732 cum
101 667 241 730 exercitu
263 683 302 728 ex
317 668 422 728 Africa
436 675 649 744 transgressus
663 667 850 746 Magonique
867 670 998 746 iunctus,

23 771 81 815 cum
96 754 126 814 in
145 751 319 828 celtiberia,
344 768 424 828 quae
439 752 541 813 media
555 752 708 813 interduo
723 754 818 814 maria
834 762 889 828 est,
914 754 999 814 brevi

23 855 154 913 magnum
176 837 336 897 homiuum
358 853 515 898 numerum
537 842 696 912 armasset,
720 837 825 914 Scipio
847 840 998 899 adversus

23 939 82 983 eum
94 923 134 982 M.
150 920 292 982 Silanum
314 937 382 981 cum
403 922 510 982 decem
529 921 612 982 haud
631 923 702 997 plus
723 921 844 982 milibus
864 922 997 996 militum,

25 1006 165 1082 equitibus
188 1005 365 1081 quingentis
386 1005 477 1066 misit
509 1005 632 1068 Silanus
652 1006 773 1081 quantis
788 1005 929 1067 maximis
943 1023 998 1082 po-

24 1092 71 1150 tuit
82 1090 242 1151 itineribus
255 1121 298 1134 -
308 1089 515 1166 impediebant
530 1096 628 1150 autem
644 1096 675 1150 et
689 1091 869 1167 asperitates
880 1090 998 1150 viarum

26 1182 51 1234 cl
63 1175 220 1250 angustiae
235 1173 365 1235 saltibus
381 1172 506 1250 crebris,
526 1181 558 1234 ut
572 1176 720 1252 pleraque
734 1175 902 1252 Hispaniae
917 1182 996 1248 sunt,

25 1259 148 1319 inclusae
168 1290 213 1303 -
234 1266 336 1319 tamen
358 1274 421 1319 non
443 1259 542 1320 solum
562 1259 684 1320 nuntios
700 1260 757 1319 sed
778 1261 868 1320 ctiam
888 1259 1000 1319 lamam

27 1343 163 1404 adventus
180 1343 229 1404 sui
245 1359 465 1419 praegressus,
488 1343 618 1404 ducibus
633 1343 768 1403 indidem
784 1360 824 1404 ex
839 1343 999 1404 Celtiberia

27 1427 179 1504 transiugis
201 1427 243 1487 ad
266 1427 387 1488 hostem
407 1427 555 1504 pervenit.
589 1427 706 1488 eisdem
727 1428 901 1491 auctoribus
918 1442 998 1488 oom-

29 1517 133 1585 pertum
153 1517 218 1587 est,
240 1527 309 1572 cum
325 1512 432 1572 dcccm
447 1512 566 1573 circiter
579 1511 661 1572 milia
681 1511 720 1572 ab
735 1512 825 1573 hoste
845 1511 995 1585 abessent,

31 1593 91 1653 bina
110 1603 210 1657 castra
233 1595 317 1656 circa
330 1597 412 1656 viam
428 1612 489 1672 qua
509 1596 586 1657 irent
607 1611 695 1667 esse;
718 1597 806 1657 laeva
821 1595 999 1669 celtiberos,

32 1694 130 1740 novum
149 1680 336 1758 exercitum,
357 1697 452 1758 supra
471 1697 582 1742 novem
596 1681 678 1741 milia
697 1680 868 1756 hominum,
891 1681 1000 1741 dextra

33 1761 130 1825 Punica
141 1749 250 1826 tener'e
261 1772 375 1826 castra:
390 1753 466 1825 haec
482 1765 673 1840 stationibus,
688 1766 809 1842 vigiliis,
825 1765 906 1826 omni
921 1765 1000 1825 iusta

35 1847 135 1908 militari
157 1850 303 1911 custodia
316 1857 380 1910 tuta
394 1857 423 1910 et
438 1849 631 1926 dimensae,
653 1850 705 1910 illa
725 1851 819 1911 altera
834 1851 933 1911 soluta
947 1864 999 1910 nc·

37 1931 186 2010 glectaque,
210 1941 247 1996 ut
261 1934 459 2000 barbarorum
474 1941 505 1995 et
518 1935 650 1996 tironum
665 1940 695 1994 et
709 1934 808 1996 minus
822 1933 998 2005 timentium,

38 2017 105 2087 quod
118 2017 147 2077 in
162 2035 220 2079 sua
235 2027 317 2080 terro
330 2026 444 2080 essent.
477 2035 515 2080 ea
528 2020 613 2095 prius
628 2017 838 2094 adgredienda
852 2024 936 2077 ratus
953 2015 998 2076 Si·

38 2097 110 2160 lanus
128 2102 215 2178 signa
239 2119 331 2178 quam
344 2103 477 2164 maxime
493 2104 533 2164 ad
548 2105 667 2163 laevam
681 2101 805 2163 iubebat
818 2100 906 2177 ierri,
947 2113 999 2158 ne-

38 2185 120 2245 cundo
131 2187 168 2248 ab
180 2185 366 2249 stationibus
374 2185 501 2248 PunIcis
511 2185 758 2262 conspiceretur:
770 2186 839 2263 ipsc
854 2184 1000 2261 praemis·

40 2261 74 2322 tis
86 2269 326 2340 speculatoribus
340 2271 430 2332 citato
447 2270 566 2346 agmine
580 2271 620 2330 ad
632 2270 751 2332 hostem
762 2269 869 2346 pergit·
892 2269 928 2328 ll.
943 2268 1001 2328 tria

40 2345 106 2408 nilla
117 2350 210 2414 icrmc
225 2351 339 2430 aberat,
356 2370 424 2414 cum
438 2354 593 2416 hauddum
609 2354 770 2431 quisquam
786 2352 919 2414 hostium
930 2368 999 2414 sen·

41 2439 115 2492 serat
145 2437 330 2513 coniragosa
345 2439 413 2499 loca
428 2444 458 2498 et
478 2438 570 2500 obsiti
583 2439 721 2516 virgultis
736 2440 879 2500 tenebant
893 2438 1000 2498 colles.
1105 2453 1108 2460 ’

43 2510 74 2608 ibi
85 2515 111 2576 in
125 2534 199 2582 cava
212 2522 294 2583 valle
309 2528 401 2599 atque
416 2522 455 2582 ob
470 2522 501 2584 id
524 2524 642 2586 occulta
657 2522 820 2584 considere
834 2521 957 2583 militem
972 2526 1002 2582 ct

43 2596 125 2660 ubam
144 2619 256 2682 capere
276 2606 368 2668 iubet.
396 2613 430 2668 ut
444 2609 654 2684 speculatores
674 2609 900 2683 transfugarum
920 2607 1001 2667 dicta

44 2680 216 2752 adimentes
238 2699 404 2765 venerunt,
426 2698 489 2752 tum
510 2692 638 2754 sarcinis
659 2693 690 2753 in
698 2689 839 2754 ‘medium
853 2691 1000 2756 coniectis

44 2777 111 2860 uma
128 2772 254 2836 Romani
277 2777 415 2852 capiunt,
436 2775 564 2853 acieque
585 2777 663 2838 iusta
678 2775 709 2837 in
729 2793 863 2854 pugnarn
876 2777 1001 2838 vadunt.

44 2850 109 2943 utile
122 2871 264 2930 passuum
278 2859 413 2936 aberant,
429 2876 497 2922 cum
512 2861 550 2920 ab
564 2860 655 2922 hoste
669 2863 828 2938 conspecti
843 2868 922 2936 sunt,
945 2868 999 2921 tre-

46 2933 183 3015 ildarique
195 2951 321 3021 repente
332 2953 485 3022 coeptum.
503 2951 534 3005 et
543 2945 634 3022 Mago
646 2961 685 3006 ex
697 2947 805 3008 castris
817 2947 908 3008 citato
920 2959 1001 3020 equo

47 3015 78 3108 ³51
87 3021 204 3094 lunum
216 3032 378 3091 clamorem
394 3037 425 3091 et
434 3030 592 3091 tumultum
607 3030 776 3092 advehitur.
797 3039 883 3093 erant
894 3031 924 3091 in
937 3028 1001 3090 cel·

49 3097 126 3166 ubero
144 3114 274 3174 exercitu
295 3120 437 3190 quattuor
451 3113 533 3174 milia
548 3122 666 3176 scutata
680 3121 710 3175 et
724 3115 846 3175 ducenti
867 3113 1000 3189 equites=

49 3177 112 3281 halo
130 3192 233 3257 iustam
254 3198 406 3274 legionem
426 3233 469 3244 —
483 3204 513 3260 et
527 3199 558 3259 id
574 3199 669 3260 icrme
682 3198 804 3260 roboris
824 3205 948 3258 erat-
971 3195 1000 3254 in
1102 3273 1106 3280 ¹

52 3278 131 3337 lana
142 3280 205 3341 acie
218 3285 308 3358 locat,
330 3290 461 3360 ceteros,
482 3285 581 3344 levem
596 3290 788 3357 amnaturam,
809 3281 840 3340 in
855 3279 1001 3341 subsidiis

52 3357 141 3420 locuit.
172 3380 239 3427 cum
254 3368 296 3428 ita
310 3367 476 3429 instructos
493 3367 639 3428 educeret
652 3383 672 3426 e
685 3365 810 3441 castris3
831 3363 957 3425 tixdum
971 3362 1001 3422 in

53 3444 172 3506 istessos
191 3451 271 3513 vallo
292 3467 349 3513 cos
363 3452 493 3513 Romani
515 3451 577 3527 pila
598 3450 801 3513 coniecerunt.
841 3446 1004 3508 subsidunt

54 3509 156 3596 Hispani
170 3533 318 3597 adversus
334 3536 447 3597 emissa
462 3537 523 3597 tela
537 3535 575 3596 ab
590 3535 694 3606 hosta,
717 3531 789 3592 inde
804 3530 844 3592 ad
859 3529 1001 3590 mittenda
