2434 3902
217 215 329 277 LtBER
342 217 479 276 xxviii.
504 218 587 278 cni).
605 227 647 280 re.
664 229 707 281 no.
730 227 767 293 [a.
786 227 818 279 c.
834 227 897 294 noo]
985 221 1047 285 243

55 372 185 430 fortuna
195 377 403 446 opportunum
419 369 547 430 iniuriae
559 369 695 430 duceret.
717 370 755 430 ab
767 370 825 431 hac
838 371 1049 435 cohortatione

53 455 149 515 ducis
171 454 285 514 incitati
300 454 402 514 scalas
418 455 523 514 eiectis
538 469 595 530 per
609 454 780 530 manipulos
798 456 871 517 viris
893 457 1046 530 dividuum

53 540 172 615 partito
188 539 326 598 exercitu
340 538 390 613 ite,
412 546 445 599 ut
458 539 537 614 parti
552 539 639 598 alteri
652 539 775 600 Laetius
790 549 951 617 praeesset
965 543 1072 618 lega-⁰

53 631 119 696 tus,
137 621 260 685 duabus
276 623 368 683 simui
383 623 460 685 locis
475 623 599 698 ancipiti
613 630 729 684 terrore
744 623 848 686 urbem
864 623 1047 701 adg'rediun-
1062 635 1068 646 ’

54 714 120 773 tur,
160 723 221 768 uon
236 707 300 767 dux
314 723 394 768 unus
413 714 466 768 aut
479 707 583 782 plures
599 707 755 784 principes
779 710 968 786 oppidanos,
990 711 1048 772 sed

53 809 137 852 suus
157 792 297 867 ipsorum
312 791 501 853 conscientia
519 791 628 866 eulpae
644 799 742 854 arctus
766 794 806 853 ad
821 794 1046 856 defendendam

53 876 189 952 impigre
208 876 315 936 urbem
336 875 484 938 hortatur.
517 883 548 935 et
560 875 767 950 meminerant,
789 884 819 936 et
839 879 1047 940 admonebant

53 961 139 1021 aiios
154 961 342 1037 supplicium
357 976 397 1020 ex
412 976 464 1036 se,
486 976 549 1021 non
565 960 724 1021 victoriam
738 961 810 1036 peti.
841 961 892 1022 ubi
915 963 1046 1040 quisque

53 1052 188 1106 mortem
204 1052 378 1122 oppeteret,
401 1045 433 1104 id
448 1046 580 1121 reterre,
601 1052 700 1106 utrum
715 1045 746 1104 in
760 1061 865 1122 pugna
879 1053 909 1107 et
922 1047 954 1106 in
968 1048 1044 1120 acie,

53 1130 111 1190 ubi
125 1131 209 1190 Mars
225 1129 396 1191 communis
411 1137 441 1190 et
456 1129 569 1190 victum
584 1144 681 1204 saepe
694 1130 826 1204 erigeret
841 1137 870 1190 et
884 1129 1046 1206 adfligeret

53 1215 216 1290 victorem,
239 1230 278 1274 an
294 1214 469 1291 postmodo,
493 1220 626 1274 cremata
641 1221 671 1273 et
684 1214 783 1274 diruta
797 1214 882 1290 urbe,
905 1222 975 1276 ante
991 1231 1046 1276 ora

54 1307 218 1375 captarum
237 1300 402 1374 coniugum
422 1298 664 1374 liberorumque,
687 1297 765 1358 iuter
780 1296 908 1359 verbera
928 1307 959 1359 et
978 1299 1044 1360 vin-

54 1384 135 1458 cula,
156 1383 259 1444 omnia
273 1384 366 1444 foeda
380 1389 473 1460 atque
488 1382 613 1457 indigna
627 1382 714 1458 passi
729 1382 931 1458 exspirarent.
954 1384 1045 1458 igitur

54 1485 120 1530 non
139 1467 277 1530 militaris
297 1468 390 1529 modo
412 1474 497 1528 aetas
524 1474 577 1528 aut
598 1466 805 1542 uiritantem,
834 1467 891 1527 sed
912 1468 1043 1530 tenurae

56 1553 207 1629 puerique
222 1567 316 1629 super
332 1553 424 1612 animi
438 1553 642 1628 corporisque
656 1551 738 1613 vires
754 1552 881 1626 adsunt,
904 1569 1042 1630 pugnan-

56 1637 138 1698 tibus
160 1639 222 1698 teia
242 1637 422 1712 ministrant,
444 1653 523 1698 saxa
536 1637 567 1696 in
581 1652 686 1698 muros
701 1636 908 1698 munientibus
923 1646 1042 1714 gerunt.

59 1736 122 1781 non
132 1722 255 1782 libertas
268 1723 367 1782 sotum
382 1723 537 1797 agebatur,
556 1737 635 1797 quae
646 1722 782 1784 virorum
794 1721 917 1783 fortium
928 1731 1043 1785 tantum

60 1813 184 1884 pectora
199 1806 296 1877 aeuit;
312 1806 369 1868 sed
384 1807 489 1867 ultima
503 1805 639 1868 omnium
649 1806 801 1884 supplicia
815 1815 845 1868 et
854 1809 947 1868 foeda
957 1824 1042 1885 mors

53 1891 94 1951 ob
112 1892 220 1951 oculos
236 1897 309 1951 erat.
331 1889 580 1952 accendebantur
594 1889 687 1950 animi
702 1899 732 1951 et
746 1891 911 1951 certamine
926 1891 1041 1954 laboris

51 1992 90 2035 ac
113 1976 242 2050 periculi
263 1982 356 2050 atque
376 1975 448 2051 ipso
471 1974 549 2036 inter
562 1990 598 2036 se
619 1980 799 2050 conspeetu.
832 1970 940 2051 itaque'
957 1984 1040 2036 tanto

51 2060 168 2120 ardore
182 2066 336 2120 certamen
356 2059 462 2120 initum
476 2067 537 2133 est,
558 2066 591 2121 ut
607 2058 738 2119 domitor
757 2059 808 2119 iiie
822 2059 914 2121 totius
929 2059 1040 2136 Hispa-

51 2146 123 2204 niae
146 2143 299 2205 exereitus
321 2143 359 2204 ab
381 2145 471 2205 unius
488 2143 594 2219 oppidi
615 2143 771 2205 iuventute
785 2157 881 2219 saepe
895 2144 1039 2220 repulsus

50 2246 70 2288 a
86 2229 185 2288 muris
196 2228 280 2289 haud
294 2228 370 2290 sutis
386 2228 501 2290 decoro
517 2227 635 2304 proelio
651 2227 826 2304 trepidaret.
850 2229 882 2288 id
896 2228 947 2290 ubi
963 2229 1039 2289 vidit

50 2313 177 2389 Scipio,
201 2313 329 2385 veritus,
352 2329 391 2372 ne
412 2312 501 2372 vanis
524 2313 684 2373 conatibus
707 2313 834 2373 suorum
849 2320 879 2372 et
897 2311 1038 2374 hostibus

49 2404 209 2458 cresceret
229 2397 347 2458 animus
363 2403 394 2457 et
413 2397 538 2472 segnior
552 2397 640 2457 mites
655 2396 758 2472 fleret,
781 2395 904 2458 sibimet
924 2411 1038 2457 conau-

48 2483 126 2542 dum
142 2497 179 2540 ae
200 2489 316 2557 partem
339 2480 465 2558 periculi
487 2480 713 2556 capessendam
728 2496 800 2542 esse
814 2490 915 2556 ratae,
938 2482 1038 2543 incre·

47 2566 115 2641 pita
137 2565 259 2641 ignavia
280 2565 405 2627 miiitum
430 2565 501 2625 ferri
523 2565 625 2625 scales
646 2564 741 2640 iubet,
763 2572 793 2625 et
814 2581 849 2625 se
870 2567 986 2642 ipsum,
1010 2567 1037 2628 si

47 2650 146 2710 aeteri
161 2656 348 2725 cunctentur,
363 2665 563 2710 escensurum
574 2649 713 2709 minatur.
732 2650 792 2710 iam
808 2650 942 2711 subierat
952 2650 1036 2713 haud

47 2734 200 2795 mediocri
220 2736 356 2809 periculo
378 2734 509 2808 moenia,
531 2750 599 2793 cum
614 2736 730 2794 elamor
745 2733 882 2809 undique
896 2736 935 2795 ab
951 2737 1036 2797 soili-

47 2819 120 2879 citis
136 2819 235 2878 vicem
249 2819 441 2896 imperatoris
456 2817 601 2880 militibus
616 2818 764 2893 sublatus
780 2821 945 2896 scalaeque
961 2822 1035 2880 mut-

47 2905 87 2964 tis
103 2902 194 2962 simut
209 2903 347 2980 partibus
363 2903 437 2978 erigi
452 2910 589 2979 coeptae.
611 2910 695 2964 etex
709 2905 1034 2980 alteraparteLaeiius

46 2989 151 3048 instat.
188 2995 249 3049 tum
269 2989 350 3049 vieta
371 2987 596 3063 oppidanorum
616 2988 680 3063 vis,
709 2988 899 3064 deiectisque
920 3005 1034 3065 propu-

46 3072 228 3146 gnatoribus
244 3081 433 3148 occupantur
447 3073 531 3132 muri.
565 3089 621 3131 arx
636 3073 725 3133 etiam
741 3074 780 3132 ab
795 3089 833 3132 ea
846 3080 948 3147 parte,
972 3088 1034 3146 qua

46 3154 297 3232 inexpugnabilis
334 3156 508 3228 videbatur,
543 3156 621 3216 inter
656 3157 814 3217 tumultum
851 3164 940 3232 capta
975 3164 1031 3216 est.

45 3240 112 3300 XX.
138 3241 313 3317 transfugae
326 3241 403 3315 Afri,
420 3240 548 3314 quitum
563 3241 641 3301 inter
654 3239 768 3300 auxilia
782 3242 919 3300 Romane
936 3247 1030 3310 erant,

47 3333 77 3386 et
93 3325 260 3402 oppidanis
277 3326 306 3386 iu
322 3332 484 3386 eatantum
497 3326 612 3386 tuenda
626 3325 707 3386 unde
723 3324 889 3400 periculum
906 3321 1031 3384 videba-

48 3416 96 3469 tur
120 3410 235 3485 versis,
258 3417 287 3472 et
303 3410 449 3472 Romanis
471 3409 669 3470 subeuntibus
693 3425 753 3482 qua
774 3407 859 3467 adire
880 3415 1030 3482 poterant,

50 3503 281 3570 conspexerunt
297 3495 493 3556 editissimam
509 3493 592 3555 urbis
608 3499 732 3568 partem,
757 3507 835 3614 quae
850 3508 927 3567 mpe
941 3507 1027 3567 prae

769 3583 801 3635 16
