2428 3892
209 220 327 280 elaea
339 220 446 280 xxvl.
468 219 552 280 CAP.
566 229 593 284 ³.
608 229 634 284 4.
657 227 694 296 [a.
707 227 739 281 C.
751 227 815 296 211]
945 221 1006 288 lui

42 371 163 433 cladibus
177 371 279 430 lutrtra
293 376 392 445 essct,
414 369 576 447 potuisset
603 388 664 434 non
679 387 715 432 se
735 372 840 449 inopia
854 388 1005 436 commea·

42 463 90 533 lus,
102 469 158 515 non
172 454 203 513 in
217 455 290 515 loca
303 454 409 530 iniqua
424 455 545 517 incaute
560 455 733 531 deductum,
749 472 811 517 nan
826 457 946 534 agrrrim
961 459 1006 519 in-
1021 495 1028 510 ·

40 541 181 616 explorato
193 544 319 600 euntem
330 539 450 600 insidiis
461 539 714 602 circumventuma
728 541 760 601 vi
771 548 889 624 aperta,
903 543 1005 619 armis,

38 625 95 684 acie
107 624 226 684 victum.
246 637 308 684 nec
321 638 447 684 suorum
461 623 580 685 animos
595 640 653 686 nec
664 625 796 686 bostium
810 626 840 686 in
853 633 1005 702 potestate

36 707 183 768 habuisse=
207 723 302 768 suum
316 708 428 783 cuique
448 707 602 784 ingenium
617 709 777 771 audaciam
792 716 844 770 aut
857 725 1005 787 pavorem

36 793 134 851 lacere.
165 790 214 852 bis
230 798 282 853 est
302 798 467 854 accusatus
482 793 674 868 pecuniaque
694 793 894 870 anquisitum=
916 795 1005 856 tertio

35 875 149 936 testibus
162 875 260 952 datis,
282 891 367 950 curn,
391 878 704 954 praeterquamquod
725 877 868 940 omnibus
883 879 1005 955 probris

37 961 213 1035 onerabatur,
230 960 322 1022 iurati
338 960 479 1037 permulti
494 961 630 1022 dicerent
644 963 735 1038 fugae
748 962 936 1039 pavorisque
950 962 1004 1022 ini-

37 1044 98 1105 tiurn
110 1059 128 1104 a
140 1052 288 1120 praetore
303 1052 412 1118 ortum,
433 1045 526 1106 abeo
542 1045 683 1106 desertos
697 1047 817 1122 milites,
839 1062 907 1108 cum
923 1044 1004 1108 baud

38 1143 132 1189 vanum
145 1129 288 1190 timorem
304 1130 392 1190 ducis
408 1129 577 1205 crederent,
598 1135 684 1206 terga
698 1129 841 1202 dedisse;
862 1137 946 1192 tanta
959 1130 1005 1190 ire

38 1227 154 1274 accensa
174 1219 237 1288 est,
261 1219 296 1274 ut
317 1213 418 1290 capite
438 1213 661 1289 anquirendum
676 1215 777 1275 contio
796 1216 1005 1275 succlamaret

41 1296 72 1355 de
85 1313 117 1356 eo
131 1313 260 1374 quoque
276 1312 391 1358 notum
411 1304 564 1359 certamen
585 1304 699 1358 onumr
717 1314 788 1357 narn
808 1313 876 1358 cunr
888 1296 938 1358 bis
952 1313 1005 1372 pe-

44 1382 114 1440 ronia
125 1382 327 1458 anquisisset,
349 1382 437 1443 tertio
453 1381 562 1459 capitis
578 1397 613 1442 se
627 1382 788 1458 anquirere
803 1381 932 1457 diceret,
954 1381 1007 1440 tri-

43 1461 100 1524 buni
118 1465 218 1541 plebis
240 1467 389 1542 appellati
410 1466 547 1542 collegae
562 1472 711 1541 negarunt
725 1480 760 1526 se
779 1466 810 1525 in
824 1479 912 1525 mora
925 1479 1005 1538 esse,

42 1563 90 1621 quo
101 1550 208 1626 minus,
231 1550 320 1626 quod
335 1550 363 1610 ei
373 1565 460 1611 more
474 1551 622 1612 maiorum
637 1550 820 1626 permissum
835 1554 926 1623 esset,
950 1563 1005 1608 seu

42 1631 142 1707 legibus
157 1649 214 1694 sen
228 1633 369 1695 moribus
384 1635 496 1708 mallet,
512 1635 696 1711 anquireret,
713 1634 816 1711 quoad
830 1633 881 1693 vel
896 1632 1004 1708 capitis

41 1717 80 1774 vel
98 1719 245 1793 pecuniae
273 1719 443 1780 iudicasset
461 1718 591 1795 privato.
631 1727 693 1780 tum
714 1717 915 1800 ¹Sempronius
937 1731 1005 1792 per-

43 1797 187 1864 duellionis
208 1819 246 1865 se
267 1803 405 1863 iudicare
420 1802 473 1863 Cn.
487 1803 595 1864 Fulvio
609 1802 700 1878 dixit,
720 1802 863 1878 diemque
877 1799 1005 1862 comitiis

42 1882 72 1942 ab
90 1885 117 1945 C.
132 1887 297 1965 Calpurnio
319 1893 461 1964 praetore
480 1886 566 1948 urbis
586 1887 670 1963 petit.
706 1886 778 1946 inde
799 1885 859 1944 alia
873 1899 947 1960 spcs
967 1881 1005 1941 ab

42 1981 84 2027 reo
102 1977 246 2048 temptata
266 1978 330 2044 est,
353 1973 380 2033 sl
402 1972 515 2032 adesse
535 1971 566 2032 in
586 1970 698 2032 iudicio
720 1970 754 2045 Q.
768 1967 893 2029 Fulvius
914 1967 1004 2026 irater

43 2061 142 2131 posset,
155 2055 275 2119 llorens
288 2063 351 2117 tam
366 2064 396 2118 et
411 2057 491 2117 lama
505 2071 607 2116 rerum
621 2061 774 2131 gestarum
790 2059 820 2113 et
834 2051 1007 2128 propinqua

43 2149 89 2210 spe
102 2137 222 2216 Capuae
243 2140 424 2218 potiundae.
455 2139 487 2200 id
502 2154 570 2199 curn
585 2155 641 2215 per
661 2139 775 2198 litteras
795 2135 1007 2196 miserabiliter

43 2232 88 2294 pro
101 2223 197 2286 fratris
213 2225 317 2302 capite
332 2225 463 2301 scriptas
479 2223 609 2299 petisset
621 2222 757 2296 Fulvius,
778 2224 1006 2295 negassentque

43 2310 129 2377 patres
143 2325 160 2368 e
173 2325 207 2370 re
222 2309 349 2387 publica
364 2323 436 2368 esse
450 2307 577 2368 abscedi
592 2322 610 2366 a
625 2306 738 2382 Capua,
760 2310 923 2381 postquam
938 2300 1006 2360 dies

44 2391 215 2454 comitiorum
227 2394 344 2466 aderat,
362 2390 546 2453 Cn.Fulvius
558 2385 912 2464 exsulatumTarquinios
925 2383 1006 2444 abiit.

45 2467 68 2529 id
81 2475 105 2533 ei
117 2476 230 2539 iustum
246 2477 387 2538 exsilium
403 2491 474 2536 esse
488 2475 578 2535 scivit
592 2474 690 2551 plebs.
997 2544 1000 2549 ,

112 2560 161 2621 lv.
181 2563 267 2623 Inter
279 2561 358 2621 haec
372 2561 420 2620 vis
435 2559 535 2621 omnis
549 2559 621 2618 belli
637 2573 726 2617 versa
740 2557 770 2616 in
785 2555 920 2631 Capuam
934 2558 1007 2612 erat.

47 2638 227 2707 obsidebatur
246 2652 350 2706 tamen
371 2643 472 2705 acrius
494 2659 585 2717 quam
611 2639 859 2717 oppugnabatur3
881 2653 939 2698 nec
958 2644 1009 2695 aut

46 2721 139 2788 lamen
149 2733 282 2791 tolerare
294 2727 419 2790 servitia
430 2744 468 2790 ac
479 2726 567 2804 plebs
580 2730 729 2801 poterant,
744 2731 795 2784 aut
806 2723 922 2782 mittere
932 2737 1009 2780 nun-

46 2805 94 2868 tios
106 2812 141 2871 ad
155 2814 358 2874 Hannibalern
374 2827 430 2889 per
444 2797 602 2872 custodias
616 2816 677 2870 tam
692 2815 783 2868 artas.
807 2807 947 2866 inventus
962 2811 1011 2865 est

47 2887 173 2974 Numida,
205 2899 260 2976 qui
281 2896 419 2974 acceptis
442 2895 564 2969 litteris,
596 2909 759 2954 erasmum
782 2906 817 2952 se
835 2889 1007 2966 professus,

48 2986 199 3048 iuuaret
220 2983 420 3060 promissum.
453 2995 509 3057 per
527 2977 630 3038 media
646 2977 784 3036 Romana
804 2981 906 3034 eastra
920 2977 1010 3032 nocte

50 3071 175 3133 egressus
197 3083 286 3144 spem
308 3064 450 3126 accendit
469 3061 647 3138 Campanis,
676 3061 748 3119 darn
767 3057 883 3134 aliquid
901 3053 1010 3114 virium

50 3154 222 3226 superesset,
245 3152 285 3212 ab
307 3149 391 3211 omni
406 3155 493 3224 parte
513 3145 703 3222 eruptionem
723 3139 898 3218 temptandi.
930 3141 1010 3196 cete-

52 3237 104 3289 rum
120 3233 148 3294 in
166 3226 270 3297 multis
293 3231 511 3294 certaminibus
531 3227 686 3306 equestria
700 3226 817 3304 proelia
831 3225 925 3282 lerme
939 3232 1009 3294 pro·

52 3323 127 3386 spera
144 3319 311 3393 laciebant,
334 3318 457 3396 pedites
478 3313 711 3390 superabantur.
741 3309 799 3369 sed
817 3315 1011 3379 nequaquam

52 3399 101 3457 ltu
116 3401 222 3466 laetum
241 3404 369 3464 vincere
392 3417 484 3477 quern
503 3398 589 3459 triste
608 3394 690 3455 vinci
710 3392 772 3452 ulla
786 3393 871 3466 parte
892 3389 957 3480 erat
970 3382 1010 3441 ab

55 3477 164 3548 obsesso
177 3495 207 3549 et
221 3503 322 3566 prope
339 3488 515 3564 expugnato
530 3481 631 3540 hoste.
651 3476 723 3537 inita
733 3473 854 3561 tandem
865 3474 943 3529 ratto
954 3471 1011 3533 est,
