2448 3900
184 222 247 289 ³54
344 223 459 285 1211th
472 223 563 284 xxx.
585 224 666 285 cae.
681 231 780 286 ansa
803 229 885 300 [nu.
899 248 923 284 o.
936 233 1002 298 aso]

184 385 265 452 sunt,
282 375 334 454 qul
348 381 379 437 et
391 375 471 436 lilius
484 375 556 436 belli
572 376 686 438 exitum
700 379 870 440 seeundum
885 380 935 440 ins
951 381 1075 456 lasqnc
1087 382 1187 443 dede-

184 467 255 524 runt
274 466 306 522 et
318 460 410 522 bnins
428 460 547 530 dantet
560 461 684 522 dabunt.
720 463 805 538 quod
819 463 922 522 adme
936 466 1063 538 attinet,
1081 471 1117 524 et
1131 465 1185 527 hu·

185 561 293 608 manoe
319 544 500 604 infirmitatis
525 545 663 620 memlni,
688 553 718 606 et
737 547 799 606 vim
820 547 960 608 lonnnee
983 555 1131 623 reputo,
1159 558 1186 611 et

184 631 286 694 omnia
310 643 523 705 quaecumque
548 628 666 703 agimus
688 630 826 690 subiecta
845 645 917 692 csse
937 632 1025 692 mille
1050 633 1185 693 casibus

184 715 266 777 scion
288 719 422 774 ceterum
444 713 595 788 quemad
616 715 740 774 modum
761 714 896 788 superbe
909 721 940 775 et
953 715 1125 777 sicienter
1139 733 1185 776 me

184 801 296 859 faterer
317 797 434 870 lacere,
455 796 498 870 si,
518 797 698 871 priusquam
714 798 745 858 in
758 799 893 858 Atticam
908 799 1136 874 traiecissem,
1160 808 1184 860 te

183 891 235 946 tuo
255 882 411 942 voluntate
433 881 591 940 cedentem
606 880 690 941 Italia
709 889 741 942 et
753 882 898 957 imposito
913 883 945 942 in
964 899 1073 944 naves
1090 899 1183 944 exer-

184 967 245 1028 citu
270 965 371 1040 ipsum
396 963 569 1024 venientem
591 965 631 1024 ad
652 979 758 1040 pacem
780 966 943 1042 petendam
967 981 1183 1042 aspernarer;

184 1051 230 1112 sio
244 1065 341 1124 nunc,
363 1063 431 1108 eum
446 1061 546 1124 prope
557 1063 650 1108 mann
664 1056 840 1110 consertum
853 1050 1050 1110 resutantem
1067 1067 1111 1111 ec
1126 1060 1182 1112 ter-

183 1135 389 1211 giversantem
412 1133 442 1191 in
463 1131 599 1192 Alricam
620 1134 809 1204 attraxerim,
831 1136 914 1194 nulla
927 1151 998 1194 sum
1013 1135 1074 1195 tibi
1091 1151 1181 1194 vere

185 1218 297 1280 cundia
314 1217 490 1278 obstrictus.
527 1216 657 1291 proinde
671 1217 698 1278 si
713 1218 788 1292 qnid
803 1219 843 1277 ed
856 1233 910 1293 oa,
932 1233 1015 1294 quae
1030 1225 1101 1279 tntn
1118 1235 1180 1294 pax

185 1309 373 1364 conventura
386 1299 591 1361 videbatnr-
605 1315 684 1376 quae
700 1300 740 1362 sit
752 1303 846 1362 multa
860 1300 986 1362 navium
1003 1316 1078 1364 cnm
1094 1316 1178 1364 com-

184 1393 285 1447 meatu
306 1401 362 1462 per
381 1385 513 1446 indutias
535 1393 778 1461 expugnatarum
793 1387 1029 1462 legatorumque
1043 1387 1176 1447 violato·

185 1489 251 1532 rum
264 1503 307 1514 -
322 1470 466 1543 adicitur,
488 1476 537 1530 est
558 1470 641 1544 quod
655 1471 785 1530 reseram
800 1470 841 1529 ad
856 1471 1037 1531 consilinum
1058 1471 1109 1530 sin
1125 1471 1177 1530 illa

186 1569 312 1631 qnoque
326 1555 441 1630 ¹gravio
453 1555 611 1628 videntur,
632 1553 745 1614 bellum
761 1559 883 1629 parate,
898 1553 1048 1630 qnoniam
1062 1569 1173 1629 pacem

185 1639 247 1714 pati
262 1653 322 1698 non
337 1639 510 1713 potuisset
583 1675 586 1682 ,

270 1722 315 1780 lta
335 1722 448 1782 inlecto
469 1737 546 1798 pace
566 1737 606 1782 ex
622 1723 778 1799 colloquio
799 1723 839 1782 ad
858 1737 932 1784 snos
948 1737 1020 1782 cum
1035 1733 1072 1782 sc
1086 1737 1172 1780 rece

186 1806 321 1882 pissent,
343 1806 456 1867 frustra
476 1807 570 1867 verba
591 1808 727 1882 praelata
746 1807 933 1867 renuntiantr
951 1807 1048 1866 armis
1062 1805 1173 1866 decer·

185 1890 319 1951 nendum
348 1905 421 1951 esse
445 1890 681 1966 habendamque
708 1905 776 1950 eam
802 1891 966 1965 lortnnam,
997 1905 1091 1964 quam
1121 1889 1174 1948 dei

185 1974 354 2036 dedissent.
388 1975 506 2035 fflll.
526 1975 559 2033 ln
575 1982 675 2035 castra
695 1982 729 2037 ut
744 1981 791 2036 cst
811 1982 949 2049 ventum,
972 1973 1174 2049 pronuntiant

186 2059 292 2134 ambo,
314 2073 398 2120 orma
416 2059 597 2134 expedirent
611 2059 722 2120 milites
737 2060 920 2134 animosque
934 2058 972 2118 ad
989 2071 1171 2132 supremum

186 2149 355 2218 certamen,
377 2159 439 2204 non
458 2144 597 2203 inunum
618 2143 698 2202 dicut
719 2145 776 2202 sed
796 2143 1039 2218 inperpetuum,
1061 2140 1091 2200 si
1107 2141 1170 2200 leli·

186 2227 262 2288 citos
277 2228 418 2302 adesset,
440 2227 588 2288 victores:
610 2228 709 2287 Roma
723 2243 762 2286 an
779 2225 927 2301 Carthago
946 2225 1170 2300 irrogantibus

187 2312 302 2385 darent,
317 2317 387 2371 ante
405 2311 568 2372 crastinam
583 2317 704 2372 noctem
716 2311 859 2372 scituros.
880 2325 982 2385 neque
996 2310 1077 2370 enim
1089 2308 1170 2367 Airi-

187 2411 254 2457 cam
269 2402 321 2457 aut
334 2396 465 2470 Italiam,
486 2395 543 2456 sed
558 2396 664 2456 orbem
678 2403 825 2455 terrarum
838 2395 984 2454 victoriae
998 2392 1171 2468 praemium

187 2479 269 2540 lorea
298 2495 354 2554 par
373 2480 542 2556 periculum
563 2480 714 2554 praemio,
741 2478 853 2553 quibus
875 2479 1026 2540 advorsae
1048 2490 1171 2552 pugnae

186 2563 308 2625 lortnnn
322 2564 440 2624 luisset.
462 2579 532 2624 nam
545 2579 646 2638 neque
660 2555 806 2624 Romanis
821 2561 967 2636 effugium
977 2563 1073 2622 ultnm
1085 2567 1170 2636 patc-

186 2647 239 2707 bat
259 2647 289 2706 in
305 2648 404 2708 nliena
417 2648 522 2722 ignota
541 2655 639 2720 terro,
660 2653 689 2708 et
703 2648 880 2720 Carmaniae·
898 2661 1038 2722 supremo
1055 2644 1168 2704 anxilio

186 2730 287 2792 ellnso
303 2732 417 2792 adesse
431 2731 591 2792 videbatur
605 2747 755 2806 praesens
771 2731 934 2791 excidium.

269 2815 320 2874 Ad
340 2815 400 2875 hoc
425 2816 588 2876 discrimen
615 2817 786 2891 procedunt
812 2821 937 2890 postero
962 2813 1011 2873 die
1039 2813 1168 2872 duorum
1214 2831 1215 2856 t

187 2898 489 2978 opulentissimorum
504 2901 688 2974 populorum
704 2900 765 2960 duo
782 2901 873 2973 longe
887 2897 1049 2958 clarissimi
1062 2897 1164 2968 duces,

187 2987 249 3047 dno
264 2984 421 3046 tortissimi
436 2985 604 3057 exercitus,
626 2986 720 3044 multa
735 2991 805 3043 ante
820 2989 907 3058 parta
921 2983 1037 3041 decora
1051 2987 1103 3040 ant
1117 2995 1164 3038 on-

187 3068 327 3130 mnlatnri
349 3085 386 3129 co
416 3067 465 3127 die
487 3074 539 3128 aut
566 3069 711 3129 eversuri.
752 3083 867 3142 anceps
895 3067 986 3141 igitur
1006 3079 1082 3140 spes
1105 3078 1163 3122 me

187 3162 236 3216 tus
257 3153 427 3215 miscebant
443 3152 579 3223 animos3
605 3151 942 3227 contemplantibusque
966 3150 1061 3208 modo
1081 3162 1163 3208 suam

188 3239 280 3299 modo
305 3238 438 3298 hostium
464 3238 573 3308 aciem,
602 3246 669 3296 cum
694 3236 790 3296 oculis
816 3235 912 3308 magis
936 3248 1028 3308 qoam
1051 3231 1162 3292 ratione

190 3326 356 3395 pensarent
375 3320 472 3393 vires,
494 3321 583 3380 simul
604 3321 682 3378 laeta
702 3319 791 3378 simul
804 3319 902 3378 tristia
914 3317 1160 3378 obversabantur.

191 3402 361 3475 quaeipsis
377 3419 435 3462 suo
450 3409 561 3476 sponte
575 3417 636 3462 non
652 3403 880 3475 succurrebant,
899 3417 937 3460 ea
951 3401 1048 3460 duces
1064 3400 1160 3458 admo-

190 3483 291 3540 nenda
304 3489 397 3559 atque
408 3485 558 3545 hortando
571 3485 771 3545 subiciebant.
788 3485 911 3546 Poenus
923 3485 1060 3544 sedecim
1071 3497 1157 3542 anno·
