2428 3892
184 263 243 328 tel
334 264 448 325 LIBER
462 263 568 322 XXVl.
592 261 674 323 CAP.
689 271 732 326 te.
744 271 788 326 29.
811 264 849 344 [a
860 269 896 321 U.
910 285 934 320 e.
947 265 1012 341 bii]

181 415 321 493 glonibus
342 423 516 491 praeesset,
538 429 630 490 quem
650 414 773 488 consul,
796 411 883 474 euius
898 412 985 473 ltalia
1006 411 1167 488 provincia

180 507 273 575 esset,
294 498 504 575 praefecisset.
537 499 568 557 in
582 498 733 558 Etruriam
747 496 779 557 G.
789 493 975 573 Calpurnius
990 503 1065 572 pest
1077 513 1167 572 prae·

182 595 278 645 turam
300 589 463 658 prorogato
479 581 509 640 in
531 597 643 641 annum
663 581 792 656 imperio
808 582 934 642 missus.
963 587 995 640 et
1008 581 1043 655 Q.
1060 578 1166 640 Fulvio

182 667 286 744 Capua
301 666 460 742 prouincia
475 665 599 724 decreta
618 672 878 741 prorogatumque
892 666 924 725 in
940 677 1057 724 annum
1072 665 1167 740 impe

181 753 274 812 rium:
295 751 449 810 exercitas
464 747 576 809 civium
591 749 810 826 sociorumque
824 749 918 809 minui
933 749 1060 823 iussus,
1076 758 1115 810 ut
1130 765 1168 808 ex

182 835 300 897 duabus
313 833 485 910 legionibus
495 849 558 894 una
567 833 657 908 legio,
673 833 809 909 quinque
821 833 904 893 milia
913 833 1056 910 pediturn
1066 840 1099 892 et
1109 841 1168 894 tre·

182 920 261 980 conti
279 919 400 996 equites
422 925 540 992 essent,
563 916 698 977 dimissis
714 918 766 992 qui
786 917 918 992 plurima
940 915 1102 992 stipendia
1116 917 1166 976 lra-

180 1004 303 1072 berent;
319 1011 349 1062 et
360 1002 514 1063 sociorum
525 1008 643 1076 septem
655 1001 737 1060 milia
748 1002 884 1078 peditum
897 1008 927 1061 el
939 1002 1072 1062 ueeand
1083 1003 1168 1077 eqni-

181 1097 226 1148 tes
240 1088 495 1162 relinquerentur,
516 1083 623 1145 endem
636 1086 756 1145 ratione
774 1086 1001 1161 stipendiorum
1015 1084 1125 1145 habita
1139 1086 1167 1144 in

180 1172 333 1233 veteribus
348 1169 492 1231 militibus
508 1169 704 1230 dimittendis.
741 1169 793 1229 Cn.
807 1169 916 1230 Fulvio
932 1170 1058 1231 censuu
1075 1183 1167 1245 supe

180 1255 269 1317 rioris
284 1256 354 1316 unni
367 1271 424 1315 nec
439 1255 479 1315 de
492 1253 770 1330 provinciartpulia
783 1269 840 1314 nec
854 1253 894 1313 de
908 1254 1059 1327 exercitu,
1074 1267 1166 1329 quem

83 1381 85 1388 ,
180 1339 341 1414 habuerat,
365 1341 529 1415 quicquam
550 1344 711 1399 mutatum:
735 1345 850 1399 mutum
870 1338 901 1397 in
922 1353 1166 1414 annumproro·

180 1431 280 1499 gutum
296 1424 455 1499 imperinm
466 1429 523 1483 est.
541 1421 573 1480 P.
584 1421 740 1498 Sulpicius
752 1422 874 1497 collega
888 1422 955 1482 eius
969 1437 1101 1483 emnem
1116 1437 1166 1482 ex·

180 1509 304 1568 creltum
319 1513 439 1584 praeter
453 1507 557 1567 socios
572 1507 698 1567 navales
713 1507 818 1567 iussus
831 1507 985 1567 dimittere
999 1514 1059 1568 est
1096 1509 1165 1567 item

181 1608 220 1650 ex
234 1589 338 1652 Sicilia
352 1590 514 1666 exereitus,
537 1590 585 1650 eui
598 1589 639 1649 M.
653 1590 812 1651 Cornelius
829 1598 998 1667 praeesset,
1017 1591 1076 1653 ubi
1095 1607 1166 1652 cun·

180 1677 227 1734 sul
241 1675 271 1733 in
287 1674 477 1749 provinciam
489 1674 635 1750 venisset,
649 1674 757 1736 dimitti
771 1675 887 1735 iussus.
909 1677 943 1734 L.
955 1671 1063 1736 Oineio
1076 1691 1166 1752 prue-

181 1757 237 1818 turi
248 1758 288 1818 ad
300 1757 495 1819 obtinendam
503 1757 637 1819 Siciliam
645 1759 822 1819 cannenses
834 1759 945 1820 milites
957 1759 1022 1820 dati
1033 1761 1166 1820 duarum

180 1843 274 1902 instar
284 1842 450 1917 legionum.
481 1843 609 1906 tetidem
622 1843 761 1918 legiones
776 1844 808 1903 in
819 1841 995 1904 Sardiniam
1004 1839 1038 1902 l’.
1049 1845 1166 1904 Manlio

179 1925 308 1989 Vulsoni
322 1928 455 2002 praeteri
469 1927 625 2002 decretae,
649 1925 760 2004 quibus
775 1929 809 1988 L.
826 1927 985 1989 cornelius
1008 1928 1039 1987 in
1054 1930 1167 1989 melem

179 2009 338 2086 provincia
358 2011 460 2088 priore
480 2027 560 2071 anno
581 2013 765 2088 praefuerat.
802 2010 938 2074 urbanas
958 2013 1108 2088 legiones
1129 2013 1168 2073 lu

179 2093 312 2155 scribere
328 2095 472 2156 consules
487 2095 573 2169 iussi,
596 2111 635 2155 ne
650 2108 741 2172 quem
756 2096 880 2156 militem
894 2098 1041 2171 faeerent
1065 2098 1167 2172 quiin

179 2179 313 2240 exercitu
326 2179 367 2240 Μ.
383 2180 500 2241 Claudii
512 2179 553 2240 iil.
567 2179 684 2240 Valerii
700 2179 733 2254 Q.
747 2179 846 2241 Fulvii
861 2180 1006 2256 luissent,
1029 2197 1115 2242 neve
1129 2197 1166 2242 eo

179 2277 259 2324 annu
273 2264 376 2339 plures
392 2281 484 2340 quam
498 2281 559 2325 una
573 2271 603 2324 ct
616 2264 722 2340 viginti
735 2263 876 2325 Romana
890 2266 1031 2341 legiones
1046 2274 1166 2327 essent.

261 2347 365 2409 XXIX.
386 2349 442 2408 His
458 2356 583 2409 senatus
594 2349 745 2410 consultis
760 2350 905 2425 perlectis
919 2350 1020 2410 sortiti
1036 2350 1165 2426 provin·

179 2430 242 2492 cias
259 2433 411 2494 consules.
438 2431 542 2493 Sieilia
554 2440 585 2493 et
599 2433 709 2492 elassis
723 2432 879 2509 Marcelle,
894 2433 982 2494 ltalia
993 2449 1067 2494 curn
1081 2433 1166 2496 bello

179 2515 328 2576 adversus
348 2516 548 2577 Hannibalern
569 2516 704 2578 Laevino
726 2518 837 2578 evenit.
872 2533 951 2592 quae
970 2532 1056 2591 sors,
1080 2521 1167 2579 velut

180 2597 285 2658 iterum
300 2601 397 2675 captis
410 2599 584 2678 syracusia,
605 2601 647 2661 ita
660 2600 846 2662 exanimavit
860 2598 983 2663 Siculos
997 2611 1166 2679 exspecta-

180 2681 261 2742 tione
275 2685 367 2744 soitis
382 2683 413 2743 in
428 2687 587 2746 consulum
602 2692 772 2761 conspeetu
786 2692 917 2762 stantes,
938 2693 972 2748 ut
985 2689 1165 2764 complora-

56 2795 65 2806 ‚
179 2762 220 2824 tio
235 2779 339 2826 eormn
353 2765 536 2843 flebilesque
549 2783 646 2830 voces
661 2776 691 2829 et
710 2772 864 2846 extemplo
879 2773 988 2831 oculos
1003 2771 1164 2833 hominum

179 2852 390 2928 converterint,
406 2860 436 2915 et
449 2853 615 2929 postmodo
630 2869 789 2914 sermones
806 2854 1011 2930 praebuerint.
1034 2855 1165 2916 circum-

178 2932 263 2996 bam
277 2936 356 2996 enirn
368 2945 505 2998 senatum
521 2953 588 2998 enm
599 2945 686 2998 veste
697 2939 825 2998 sordida
839 2939 1039 3000 adfirmantes
1051 2955 1090 3000 se
1100 2955 1164 3000 non

179 3019 270 3079 medo
292 3037 379 3082 suam
403 3021 534 3097 quisque
554 3021 682 3099 patriam
696 3024 754 3082 sed
775 3029 867 3084 tetam
881 3022 1019 3083 Siciliam
1040 3025 1164 3084 relictu*

178 3118 246 3179 ros,
269 3105 295 3164 si
310 3121 348 3166 ee
362 3105 524 3166 Marcellus
540 3107 648 3168 iterum
662 3121 731 3166 eum
749 3107 879 3184 imperio
900 3107 1045 3169 redisset.
1078 3109 1163 3169 nullo

178 3204 234 3250 suo
249 3191 356 3253 merito
373 3206 441 3250 eum
456 3199 526 3251 ante
540 3189 763 3265 implacabilem
775 3193 807 3251 in
823 3207 859 3252 se
874 3191 987 3252 luisset
1010 3193 1088 3267 quid
1103 3191 1162 3252 ira·

177 3283 254 3346 turn,
279 3274 362 3350 qued
376 3273 504 3335 Romam
525 3275 565 3333 de
585 3288 620 3335 se
638 3282 778 3350 questum
791 3276 918 3337 venisse
933 3275 1059 3338 Similem
1075 3277 1160 3350 sciat,

178 3357 338 3417 iacturum!
363 3357 450 3418 obrui
464 3359 582 3418 Aetnae
599 3357 720 3432 ignibus
735 3365 787 3418 aut
801 3359 897 3436 mergi
913 3359 990 3421 ireto
1005 3361 1105 3422 satius
1118 3361 1160 3421 illi

178 3440 295 3501 insulae
311 3457 383 3502 esse
398 3457 489 3517 quam
502 3441 587 3502 velut
601 3441 672 3501 dedi
687 3458 789 3503 noxae
803 3443 936 3506 inimice.
965 3444 1027 3505 liae
1042 3445 1159 3507 Siculo-

179 3537 243 3582 mm
258 3525 412 3598 querellae
427 3525 536 3584 domos
552 3525 682 3600 primum
696 3526 843 3588 nobilium
858 3528 1065 3602 circumlatae,
1082 3528 1158 3591 eele-

169 3793 264 3872 h.
