2466 3900
183 218 226 288 10
352 219 468 282 LIBER
480 217 588 280 XXIV.
611 215 693 278 cnl’.
708 224 737 281 8-
751 223 779 280 9.
802 222 839 291 [a.
852 220 886 276 U.
902 240 926 276 o.
936 227 1000 291 billi]

182 374 217 440 td
229 372 382 456 indignari
394 386 516 448 posses,
532 370 666 446 aliquam
680 370 712 430 in
726 369 848 432 civitate
857 370 997 433 Romana
1009 367 1171 433 nestorem

182 459 265 522 bello
285 458 393 517 baberi
415 470 507 531 quam
527 462 567 516 te.
600 452 698 529 magis
719 453 832 516 nullius
853 453 980 516 interest
999 471 1095 532 quam
1108 464 1170 532 tnta,

182 545 217 607 Τ.
233 539 348 614 Otacili,
365 555 428 600 non
443 537 559 615 imponi
574 537 748 600 cervicibus
761 536 823 600 tuis
838 553 926 614 onus,
941 538 999 600 sub
1015 554 1078 615 quo
1095 555 1170 601 aon-

184 626 281 690 dtas.
314 639 373 700 ego
388 637 578 698 magnopere
592 637 703 684 moneo
719 621 915 698 suadeoque,
940 623 1051 684 eodem
1065 623 1170 684 animo
1211 631 1213 720 l

185 725 258 792 quo,
273 708 301 770 si
316 707 466 770 stantibus
479 706 569 768 vobis
583 705 615 767 in
628 704 726 767 aciem
740 707 864 768 errantis
874 714 1001 784 repente
1012 706 1173 784 deligendi
1213 737 1214 806 p

184 793 247 858 duo
267 793 470 869 imperatores
491 797 612 866 essent,
645 807 775 868 quorum
801 790 893 852 ductu
914 797 1006 867 atque
1026 792 1171 868 auspicio

184 877 380 952 dimicaretls,
395 875 489 938 hodie
500 890 625 950 quoque
640 875 786 936 eonsules
802 874 920 947 creetis,
937 875 1049 952 quibus
1064 892 1171 937 sacra·
1214 845 1215 920 i

184 969 286 1026 mento
299 960 387 1022 liberi
401 960 496 1021 vestri
508 959 619 1033 dicant,
634 958 676 1019 ad
687 975 818 1035 qnorum
829 959 961 1021 edietum
973 961 1171 1036 conveniant,
1215 953 1216 1014 l

184 1047 243 1110 sub
259 1061 391 1123 quorum
404 1045 498 1105 tutela
517 1051 609 1118 atque
623 1059 699 1104 eura
718 1043 853 1104 militent
885 1045 972 1105 lacus
986 1043 1171 1105 tarsumen-
1216 1062 1217 1110 l

184 1148 244 1196 nus
265 1138 296 1192 et
310 1129 432 1190 cannae
453 1128 551 1189 tristia
572 1126 876 1206 ad‚reenrdationem
898 1129 1040 1204 exempla
1054 1129 1113 1189 sed
1129 1128 1172 1189 ad
1217 1170 1218 1194 .

184 1214 418 1293 praecavendas
443 1213 560 1274 similes
586 1211 692 1272 clades
717 1211 900 1273 documento
926 1219 1006 1272 sunt.
1041 1228 1171 1288 praeeo,
1218 1278 1219 1291 χ

184 1300 353 1362 Aniensem
376 1297 530 1359 iuniorum
553 1298 585 1356 in
610 1295 790 1371 sufliagium
813 1301 957 1357 revocat
1011 1296 1062 1357 lX.
1095 1296 1171 1357 Cant

184 1385 217 1444 Τ.
226 1381 371 1446 Otacilius
386 1381 529 1443 lernciter
543 1397 613 1442 eum
627 1380 805 1442 continuare
818 1382 1011 1442 consulatum
1021 1381 1104 1442 velle
1115 1397 1170 1440 vo·
1219 1386 1220 1392 ’

186 1468 365 1530 alteraretur
378 1473 472 1540 atque
493 1465 700 1540 obstreperet,
722 1465 846 1526 lictores
866 1465 907 1524 ad
928 1481 997 1526 eum
1019 1466 1172 1527 accedere
1220 1494 1221 1514 .

185 1550 296 1613 consul
316 1550 420 1624 iussit,
442 1555 473 1608 et
492 1547 565 1624 quia
585 1549 616 1609 in
636 1547 744 1610 urbem
764 1564 826 1609 non
848 1549 957 1609 inierat
976 1549 1119 1626 protimis
1139 1549 1172 1608 in

186 1649 329 1710 campum
349 1649 390 1693 ex
408 1633 516 1692 itinere
536 1632 710 1708 proiectus,
738 1632 895 1694 admonuit
915 1648 984 1694 eum
1004 1634 1172 1694 securibus

186 1719 246 1779 sini
260 1719 363 1780 lasees
375 1716 533 1792 praeferri.
556 1715 664 1777 iterum
682 1702 896 1793 praerogaiiva
910 1716 1092 1793 suliragium
1107 1717 1172 1793 init,
1222 1709 1223 1744 l

186 1802 343 1877 eremique
367 1801 399 1859 in
424 1816 462 1860 ea
488 1802 633 1861 consules
659 1799 693 1874 Q.
713 1800 826 1862 Fabius
850 1801 1002 1862 Maximus
1029 1809 1172 1878 quartum
1223 1819 1224 1859 l

184 1887 226 1947 M.
239 1885 404 1948 Marcellus
419 1884 550 1945 tertium.
573 1884 701 1946 eosdem
717 1886 861 1946 eonsules
877 1892 998 1946 ceterae
1013 1886 1173 1947 centuriae
1224 1926 1225 1972 ,

186 1970 254 2032 sine
273 1968 442 2030 variatione
462 1969 526 2029 ulla
545 1969 697 2033 dixerunt.
734 1976 764 2030 et
790 1978 913 2046 praetor
936 1986 1016 2031 unus
1035 1971 1174 2033 relectus
1224 1975 1225 1978 ’

187 2056 221 2130 ς).
234 2054 363 2117 Fulvius
376 2053 522 2126 Flaccus,
545 2051 618 2112 novi
633 2052 684 2112 alii
699 2053 806 2126 creati,
826 2053 859 2112 T.
875 2052 1021 2116 Otacilius
1037 2054 1174 2116 Crassus

186 2141 308 2214 iterum,
335 2138 368 2213 Q.
383 2137 496 2199 Fabius
512 2136 649 2199 consulis
664 2137 761 2211 lilius,
784 2137 915 2212 quitum
930 2137 1040 2198 aedilis
1056 2141 1173 2201 curulis

186 2230 259 2298 erat,
280 2223 312 2284 P.
329 2223 488 2284 Cornelius
502 2222 658 2283 Lentulus.
689 2220 819 2282 comitiis
835 2228 1009 2296 praetorum
1024 2223 1173 2299 perlectis

186 2317 313 2371 senatus
328 2308 501 2370 consultum
515 2308 637 2380 iactum,
652 2311 686 2367 ut
697 2305 731 2379 Q.
742 2303 849 2365 Fulvio
864 2312 952 2366 extra
965 2306 1108 2368 ordinem
1121 2325 1173 2368 ur-

186 2409 267 2452 oana
278 2391 439 2470 provincia
450 2399 543 2467 esset,
555 2391 645 2466 isque
657 2388 850 2465 potissimum
862 2390 1042 2452 consulibus
1055 2391 1097 2451 ad
1107 2391 1173 2451 bel-

186 2477 247 2538 lum
260 2475 407 2551 proiectis
418 2474 487 2535 urbi
498 2482 667 2550 praeesset
700 2489 801 2549 aquae
818 2489 948 2549 magnae
964 2473 1013 2535 bis
1032 2490 1071 2536 eo
1090 2491 1174 2536 anno

187 2559 322 2634 tuenmt,
347 2559 528 2634 Tiberisque
549 2574 641 2633 agros
666 2557 827 2620 inundavit
847 2574 916 2619 cum
936 2574 1047 2634 magna
1069 2567 1175 2635 strage

186 2649 335 2704 tectorum
350 2657 559 2717 pecorumque
573 2650 603 2703 et
616 2641 773 2703 hominum
786 2641 932 2719 pernicie.

271 2724 380 2801 Quinto
397 2742 478 2786 anno
494 2727 622 2788 secundi
634 2725 739 2786 Punici
752 2725 826 2786 belli
840 2726 873 2800 Q.
888 2725 1002 2787 Fabius
1016 2726 1174 2788 Maximus

190 2817 327 2888 quartum
348 2810 389 2870 M.
413 2809 557 2872 Claudias
580 2811 743 2872 Marcellus
771 2811 892 2872 tertium
914 2811 1109 2872 consulatum
1127 2811 1174 2871 in-

186 2901 294 2957 euntes
306 2895 376 2972 plus
388 2894 480 2957 solito
492 2901 707 2956 converterant
717 2895 747 2955 in
760 2911 795 2956 se
807 2894 937 2956 civitatis
947 2895 1085 2956 animem
1097 2896 1174 2956 mul·

186 2979 225 3040 tls
247 2978 328 3040 enim
347 2979 436 3040 annis
451 2979 511 3040 tale
532 2980 693 3040 consulum
713 2996 844 3056 pannon
860 2979 967 3040 luerat.
998 2979 1176 3040 referebant

187 3078 279 3124 senes
294 3063 340 3124 sic
350 3063 517 3126 Maximum
531 3064 653 3126 Rullum
668 3079 736 3125 cum
747 3062 779 3123 P.
790 3062 885 3123 Decio
900 3063 942 3124 ad
954 3062 1071 3125 bellum
1082 3064 1174 3125 Galli-

186 3163 265 3222 eum,
280 3148 326 3210 sic
339 3153 450 3224 postea
456 3147 608 3224 Papirium
618 3146 843 3223 Carviliumque
856 3147 1009 3209 adversus
1018 3146 1173 3209 Samnites

186 3229 382 3308 Bnlttiosque
396 3240 427 3294 et
437 3232 593 3292 Lucanum
605 3248 674 3292 eum
685 3229 846 3291 Tarentino
861 3233 1011 3307 populum
1026 3232 1173 3292 consules

187 3315 369 3378 declaratos.
408 3314 523 3376 absens
543 3314 707 3375 Marcellus
733 3315 842 3376 consul
869 3321 1005 3387 creatus,
1037 3330 1108 3375 oum
1133 3315 1174 3374 ad

187 3400 354 3461 exereitum
373 3405 474 3470 osset,
495 3397 651 3476 praesenti
665 3397 760 3458 Fabio
781 3403 874 3474 atque
895 3397 965 3474 ipso
982 3398 1109 3459 comitia
1119 3398 1174 3458 ba-

187 3475 278 3540 bento
292 3482 469 3543 consulatus
485 3481 687 3543 continuatus.
721 3487 841 3557 tempus
862 3495 899 3540 ae
913 3480 1086 3542 necessitas
1100 3478 1175 3541 belli
