2448 3900
240 205 304 270 284
401 206 635 274 Lllthltxltlll.
657 205 741 266 CAP-
756 212 782 266 4·
797 213 824 266 ὁ.
848 210 885 277 [a.
901 207 935 261 U.
950 225 975 264 c.
992 208 1053 274 547]

241 363 351 434 longae
371 374 482 433 naves,
513 373 569 417 sex
590 357 672 417 milia
692 357 844 432 peditum,
866 355 1033 432 octingenti
1052 355 1149 432 equites
1163 369 1178 416 et

242 449 360 519 septem
375 441 544 517 elephanti,
564 441 678 502 adhoc
695 456 806 515 magna
819 439 950 516 pecunia
964 439 1007 499 ad
1023 440 1180 499 conducenda

242 525 364 602 arntilia,
380 525 490 601 quibus
506 525 601 584 iratus
617 525 746 600 propius
761 524 866 583 urbem
874 525 1046 584 Romanam
1059 523 1179 582 exercituo

242 611 420 671 admoveret
433 608 691 683 coniungeretque
706 623 741 668 se
752 607 923 667 Hannibali.
954 607 1034 684 haec
1046 606 1181 680 Carthagine

243 692 391 771 parabant
411 691 636 768 agitabantque.
667 692 708 753 ad
721 690 857 753 Laelium
872 690 1008 766 praedas
1031 690 1151 766 ingentes
1160 705 1181 748 a

242 791 316 854 agro
337 776 443 838 inermi
456 791 493 835 ac
508 776 592 836 nudo
609 775 771 852 praesidiis
787 782 926 852 agentem
940 773 1117 848 Masinissa,
1134 773 1182 834 tm

242 861 398 922 Romanae
412 859 523 920 classis
538 859 673 934 excitus,
696 875 765 922 cam
779 858 933 935 equitibus
948 857 1060 934 paucis
1075 856 1150 916 venit
1169 857 1182 915 is

242 943 376 1019 segniter
389 959 453 1004 rem
468 943 518 1018 agi
532 941 570 1003 ab
585 942 731 1019 Scipione
747 951 889 1018 questus,
912 942 1001 1019 quod
1016 948 1078 1002 tum
1090 957 1141 1000 non
1153 957 1181 998 a·

242 1029 367 1088 ercitum
382 1026 442 1086 iam
456 1026 629 1088 inAlricam
642 1026 823 1102 traiecisset,
838 1026 991 1102 perculsis
1001 1023 1181 1098 Carthaginien-

242 1111 343 1184 sibus,
373 1109 518 1186 Syphace
538 1110 685 1186 impedito
705 1110 840 1171 finitimis
862 1107 967 1184 bellis,
1000 1125 1089 1185 quem
1107 1115 1181 1167 aaran

242 1193 371 1268 habere,
394 1195 421 1254 si
436 1193 567 1270 spatium
588 1194 628 1254 ad
642 1211 713 1270 sua,
734 1200 768 1257 ut
788 1194 875 1268 velit,
898 1191 1181 1269 componendadctu,

244 1277 317 1339 nihil
338 1279 459 1338 sincera
479 1277 542 1338 tide
563 1294 633 1338 cum
654 1278 801 1338 Romanis
824 1284 973 1338 acturum.
1007 1277 1181 1337 hortareturet

242 1361 410 1424 stimularet
424 1360 615 1438 Scipionem,
636 1379 673 1422 ne
690 1367 840 1423 cessaret:
863 1377 907 1438 se,
928 1376 1113 1438 quamquam
1124 1373 1181 1432 regu

242 1447 350 1523 pulsas
371 1452 469 1519 esset,
491 1462 560 1506 cum
573 1445 656 1508 haud
677 1445 907 1508 contemnendis
928 1443 1033 1521 copiis
1055 1444 1182 1503 adlatum

243 1531 377 1606 peditum
392 1530 599 1607 equitumque.
621 1545 678 1591 nec
692 1530 752 1606 ipsi
763 1527 868 1590 Laelio
883 1530 1068 1590 morandum
1082 1525 1182 1586 intilrin

243 1629 329 1674 esse:
351 1615 483 1672 classem
497 1615 623 1674 credere
638 1615 806 1689 prolectam
826 1630 846 1673 a
861 1612 1062 1688 Carthagine,
1082 1625 1138 1670 cun
1149 1623 1181 1682 qn

243 1697 371 1756 absente
385 1695 530 1773 Scipione
543 1713 605 1759 non
619 1697 694 1758 salis
709 1705 805 1759 tutum
819 1712 891 1757 esse
906 1695 1050 1758 contrahi
1064 1701 1180 1756 certamen

244 1779 280 1842 V.
308 1778 347 1837 ab
368 1777 428 1840 hoc
448 1796 591 1842 sermone
612 1780 740 1842 dimisso
754 1779 935 1858 Masinissa,
956 1779 1081 1841 Laelius
1098 1785 1180 1854 postca

164 1893 167 1902 v
243 1863 290 1924 die
309 1879 403 1924 naves
418 1865 536 1941 pracda
550 1873 677 1928 onustas
692 1867 731 1927 ab
744 1865 889 1942 Hippone
903 1863 1008 1941 solvit,
1024 1870 1180 1934 revectusque

244 1946 273 2005 in
288 1945 423 2008 Siciliam
436 1950 579 2010 mandata
592 1949 777 2010 Masinissae
791 1949 928 2025 Scipioni
944 1947 1097 2024 exposuit

330 2031 455 2093 Eisdem
470 2033 565 2094 terme
580 2032 690 2095 diebus
706 2049 818 2109 naves,
841 2049 920 2109 quae
935 2031 973 2092 ab
992 2024 1181 2105 Carthagincal

242 2113 403 2190 Magonem
423 2117 537 2177 missae
556 2125 657 2192 erant,
689 2117 767 2179 inter
785 2115 1000 2194 Albingaunos
1021 2115 1134 2190 Ligures
1148 2110 1180 2168 ts

242 2213 394 2274 unamque
408 2208 615 2262 accesserunt
637 2201 668 2260 in
683 2201 720 2262 iis
734 2200 811 2262 locis
825 2207 889 2261 tum
904 2202 982 2261 lorte
997 2200 1086 2274 Mago
1099 2193 1181 2256 tenebat

242 2280 387 2354 classem;
406 2284 457 2360 qui
469 2285 636 2359 legatorum
648 2285 758 2347 auditis
769 2283 873 2345 verbis
888 2283 1054 2346 iubentium
1069 2277 1179 2342 exercitu

243 2381 334 2440 quarn
354 2368 504 2428 maximos
526 2384 721 2445 comparare,
743 2369 897 2445 extemplo
914 2369 1069 2430 Gallorum
1087 2361 1179 2435 etLign·

241 2463 306 2507 mm
330 2482 373 2494 —
398 2468 530 2528 namque
555 2453 714 2529 utriusque
737 2453 838 2527 gentis
864 2452 973 2527 ingens
998 2452 1041 2513 ibi
1063 2441 1179 2510 multitudo

242 2539 307 2591 erat
327 2564 370 2576 —
385 2535 546 2596 concilium
558 2536 679 2597 habuit=
701 2543 732 2596 et
745 2535 874 2598 missum
889 2552 924 2598 se
939 2536 979 2597 ad
995 2530 1179 2598 eos'vindican·

241 2615 299 2674 dos
320 2616 351 2676 in
371 2616 538 2679 libertatem
562 2620 618 2695 ait,
646 2627 690 2696 et,
712 2627 743 2679 ut
763 2619 824 2696 ipsi
846 2627 986 2697 cernant,
1009 2617 1081 2680 mitti
1099 2608 1179 2675 sihial

241 2699 333 2758 domo
349 2700 518 2776 praesidim
541 2704 598 2764 sed
614 2704 735 2778 quantis
749 2703 884 2779 viribus,
908 2711 1022 2781 quanto
1043 2691 1178 2762 exercitali

241 2780 353 2842 bellum
368 2791 504 2860 geratur,
526 2785 555 2847 in
571 2803 678 2848 eorum
692 2793 844 2864 potestate
860 2804 940 2850 esse.
975 2788 1053 2849 duos
1067 2779 1178 2871 exercitat

240 2863 406 2943 Romanos,
427 2886 521 2930 unum
536 2869 566 2931 in
582 2871 687 2946 Gallia,
709 2873 838 2936 alterum
852 2872 883 2932 in
897 2871 1017 2933 Etruria
1031 2883 1103 2930 esse.
1129 2867 1175 2922 salt

241 2948 319 3009 scire
334 2949 387 3028 Sp.
401 2951 573 3015 Lucretium
594 2972 629 3015 se
649 2971 718 3016 cum
740 2956 780 3017 M.
802 2956 889 3016 Livio
911 2955 1084 3017 iunctumm.
1117 2943 1176 3006 mult

241 3031 322 3093 milia
342 3037 488 3098 armanda
508 3055 595 3114 csse,
613 3046 646 3101 ut
661 3039 782 3101 duobus
798 3039 929 3102 ducibus
946 3039 1064 3100 duobus
1078 3023 1174 3095 exorati·

239 3116 297 3177 bus
311 3117 457 3182 Romanis
478 3123 646 3184 resistatur.
679 3125 756 3184 Galli
779 3140 929 3186 summam
948 3125 989 3184 ad
1009 3123 1039 3182 id
1060 3119 1185 3180 suatava*

240 3198 383 3262 luntatem
404 3221 476 3264 esse
498 3206 616 3266 diceres
638 3207 694 3268 sed
710 3225 777 3269 cnm
791 3225 853 3269 una
869 3213 971 3268 castra
985 3208 1111 3269 Romana
1126 3197 1173 3255 intrt

240 3280 332 3358 fines,
354 3287 450 3346 altera
469 3287 500 3348 in
514 3289 640 3352 hnittma
653 3298 734 3350 terra
747 3291 867 3353 Etruria
883 3307 980 3368 prope
1000 3291 1030 3350 in
1050 3283 1171 3357 conspecti

240 3361 385 3442 habeant,
406 3371 433 3428 si
447 3371 548 3445 palam
569 3372 622 3433 hat
642 3373 764 3434 auxiliis
785 3375 922 3435 adiutum
936 3375 975 3434 ab
990 3388 1059 3435 sese
1070 3365 1184 3436 aarum}

240 3451 393 3522 extennplo
414 3452 543 3513 infestos
563 3455 715 3529 utrimque
736 3457 891 3544 exercitus
906 3458 936 3518 in
952 3474 1056 3534 agrum
1069 3443 1172 3514 strumii·
