2428 3892
179 230 240 297 128
323 231 439 294 LIBER
452 231 559 292 xxvi.
583 229 666 291 CAP.
681 236 726 293 23.
742 238 785 290 24.
799 227 846 305 ·[u.
861 232 896 287 U.
908 249 935 288 o.
945 224 1011 305 cir]

178 385 343 447 auctoritas
369 385 449 445 iecit.
500 383 605 444 XXllh
637 379 793 442 Praetoria
812 379 886 440 inde
906 378 1031 440 comitia
1050 375 1160 439 habita

178 469 211 530 Ρ.
224 470 355 530 Manlius
369 468 469 529 Vulso
490 474 521 527 et
538 467 572 526 Ι..
586 465 718 528 Manlius
732 463 882 526 Acidinus
904 469 936 524 et
956 461 988 522 C.
1001 462 1168 522 Laetorius

178 559 209 616 el
222 554 256 613 L.
271 552 392 614 cincius
406 552 577 612 Alimentus
598 551 692 610 creati
712 555 793 612 sunt.
825 549 904 610 iorte
924 547 967 608 ita
987 545 1113 620 incidit,
1137 551 1169 606 ιιι

178 636 308 699 comitiis
316 635 460 711 perlectis
470 634 665 704 nuntiaretur,
676 635 709 694 Τ.
718 632 887 708 Otacilium,
900 646 992 706 quem
998 629 1033 690 T.
1040 629 1168 704 Manlio,

179 720 239 782 nisi
252 719 462 795 interpellabas
478 717 555 780 ordo
567 716 766 788 comitiorum
774 723 868 791 esset,
884 717 1037 791 collegam
1052 714 1168 774 absen-

178 811 239 864 tem
253 803 379 864 datums
394 803 491 864 luisse
505 800 667 862 videbatur
681 801 825 878 populus,
843 806 997 861 mortuum
1011 798 1044 858 in
1060 797 1169 859 Sicilia

178 903 259 949 esse.
289 887 353 948 ludi
366 886 561 963 Apollinares
577 891 607 946 ct
620 886 724 961 priore
738 900 819 945 anno
835 885 963 959 inerant,
980 889 1011 944 ct
1025 897 1065 943 eo
1083 897 1168 942 anno

179 977 213 1034 ut
226 971 335 1032 fierent
347 971 498 1032 referente
512 969 674 1044 Calpurnio
690 975 847 1045 praetore,
869 974 996 1030 senatus
1015 967 1167 1042 decrerit,

177 1055 261 1116 utin
281 1061 461 1131 perpetuum
477 1059 671 1114 voverentur.
710 1053 820 1114 eodem
840 1067 921 1113 anno
943 1051 1094 1127 prodigia
1115 1051 1168 1110 ali-

179 1146 254 1216 quot
267 1139 335 1198 visn
347 1139 544 1214 nuntiataque
558 1143 637 1197 sunt
669 1136 699 1197 in
715 1137 793 1198 aede
808 1136 999 1198 concordiae
1014 1133 1167 1208 Victoria,

179 1223 304 1298 quaein
319 1222 448 1283 culmine
467 1229 546 1296 erat,
566 1220 691 1282 fulmine
705 1221 766 1282 icta
786 1221 985 1296 decussaque
999 1221 1043 1279 ad
1058 1219 1169 1280 Victo·

178 1307 255 1382 rius,
279 1321 358 1381 quae
372 1306 402 1366 in
418 1305 559 1368 antefixis
581 1312 681 1380 erant,
702 1303 803 1366 haesit
816 1320 918 1381 neque
932 1303 1005 1364 inde
1019 1303 1169 1380 procidit

179 1398 210 1451 et
223 1391 364 1466 Anagnia
383 1396 414 1450 et
426 1388 573 1465 Fregellis
595 1389 763 1450 nuntiatum
784 1395 833 1450 est
852 1405 972 1450 murum
991 1393 1169 1464 portasque

180 1475 220 1534 de
234 1475 320 1534 eaelo
334 1481 446 1548 motas,
467 1481 498 1532 et
510 1473 541 1532 in
555 1473 623 1534 loro
638 1471 810 1534 Subertano
831 1473 990 1550 sanguinis
1004 1471 1099 1534 rivos
1114 1486 1169 1548 per

180 1557 260 1618 diem
274 1564 368 1618 toturn
383 1555 523 1631 linxisse,
545 1555 665 1618 etlircti
680 1556 835 1633 lapidibus
851 1557 999 1634 pluvisse,
1023 1564 1054 1616 et
1068 1557 1169 1617 Reale

180 1640 292 1700 mulam
302 1638 473 1716 peperisse.
492 1655 530 1700 ea
544 1640 686 1716 prodigia
696 1640 806 1703 hostiis
818 1641 988 1702 maioribus
1004 1646 1082 1701 sunt
1096 1657 1168 1717 pro·

182 1729 300 1799 curata,
326 1730 357 1784 et
384 1722 556 1786 obsecratio
575 1723 606 1784 in
634 1741 728 1786 unum
750 1725 829 1786 diem
851 1725 970 1801 populo
997 1723 1123 1786 indicta
1142 1729 1170 1784 et

182 1806 373 1868 novemdiale
393 1824 523 1868 sacrum.
554 1808 733 1870 sacerdotes
754 1808 868 1886 publici
889 1809 1007 1884 aliquot
1021 1823 1062 1870 eo
1086 1823 1168 1868 anno

128 1947 129 1952 ,
182 1890 329 1952 demortui
355 1899 440 1966 sunt,
469 1892 602 1968 novique
629 1891 765 1954 sullecti=
795 1894 950 1954 inlocum
969 1892 1021 1954 Μ.
1042 1892 1169 1954 Aemili

180 1974 327 2036 Numidae
347 1975 512 2038 decemviri
541 1991 699 2036 sacrorum
719 1976 760 2036 Μ.
778 1976 929 2039 Aemilius
949 1976 1110 2053 Lepidus,
1139 1977 1168 2036 in

181 2059 281 2119 locum
294 2059 344 2120 Μ’.
359 2060 519 2137 Pomponii
532 2059 685 2121 Mathonis
707 2060 861 2137 pontificis
877 2060 909 2122 C.
924 2060 1046 2133 livius,
1072 2060 1104 2120 in
1124 2061 1167 2120 lo·

182 2157 250 2202 cum
270 2141 324 2219 Sp.
346 2143 465 2204 Carvilii
483 2141 607 2204 Maximi
628 2143 753 2219 auguris
776 2143 817 2203 M.
839 2144 999 2206 Servilius.
1036 2143 1073 2202 T.
1096 2143 1167 2206 uta-

181 2225 268 2286 cilius
289 2227 421 2290 Crassus
444 2227 581 2303 pontifex
601 2227 675 2303 quia
695 2232 803 2289 exacto
825 2243 906 2290 anno
927 2234 1069 2290 mortuus
1093 2234 1167 2301 erat,

181 2309 251 2369 ideo
280 2311 444 2372 noninatio
472 2311 624 2372 inlocum
650 2310 716 2372 eius
737 2326 799 2372 non
820 2317 869 2372 est
894 2312 986 2374 iacta.
1029 2311 1064 2373 C.
1079 2312 1166 2374 Clau·

181 2393 251 2454 dius
265 2392 508 2536 1ξιιιιιιειιιὶὶιιιίε,
530 2395 615 2471 quod
635 2401 706 2455 exta
720 2410 882 2471 perperam
897 2396 1042 2470 dederat,
1068 2395 1166 2457 flami·

181 2476 266 2536 nica
287 2477 328 2537 iit.

265 2560 372 2621 XXIV.
393 2559 544 2622 Paridem
557 2569 679 2637 tempus
694 2560 734 2620 Μ.
749 2561 892 2624 Valerius
906 2563 1076 2640 Laevinus,
1091 2571 1166 2626 tem

181 2643 272 2718 ptatis
293 2645 378 2720 prius
399 2660 457 2720 per
476 2652 595 2705 secreta
610 2644 768 2721 colloquia
779 2646 952 2723 principum
974 2648 1104 2722 animis,
1128 2647 1167 2710 ad

181 2726 326 2788 indictum
341 2735 410 2788 ante
422 2729 461 2788 ad
476 2728 623 2805 idipsum
638 2729 797 2792 consilium
805 2729 985 2792 Aetolorum
995 2732 1102 2794 classe
1114 2749 1166 2794 ex-

183 2809 287 2885 pedita
306 2812 397 2874 venit.
431 2812 482 2872 ubi
504 2828 571 2874 cum
586 2812 759 2890 Syracusas
776 2813 974 2890 capuamque
996 2822 1121 2892 capiam
1136 2817 1166 2876 in

182 2893 273 2954 fidem
294 2895 324 2956 in
339 2896 424 2957 ltalia
438 2895 603 2974 Siciliaque
623 2911 725 2958 rernm
740 2899 946 2960 secundarum
967 2906 1165 2975 ostentasset,

182 2977 407 3057 adiecissetque
428 2981 487 3040 iam
506 2981 578 3042 inde
597 2997 617 3040 a
631 2981 797 3044 maioribus
811 2983 953 3044 traditum
970 3000 1091 3046 morem
1103 2985 1164 3046 Ro·

182 3063 280 3125 manis
303 3064 423 3126 colendi
445 3065 549 3126 socios
571 3065 737 3141 exquibus
757 3067 835 3127 alios
851 3067 881 3126 in
897 3068 1053 3129 civitatem
1072 3076 1164 3144 atqua

182 3161 313 3222 aequum
329 3165 433 3210 secum
448 3150 496 3210 ius
511 3149 718 3225 accepissent,
740 3151 818 3211 alios
834 3151 864 3211 in
878 3167 918 3212 ea
932 3153 1058 3212 fortuna
1071 3152 1165 3213 habe-

182 3239 263 3309 rent,
291 3241 325 3295 ut
344 3234 420 3296 socii
441 3249 513 3294 esse
534 3249 625 3309 quam
647 3234 732 3295 cives
753 3235 890 3318 mallent=
921 3237 1054 3297 Aetolos
1076 3251 1113 3298 eo
1133 3235 1163 3294 in

183 3317 298 3378 malore
312 3320 429 3380 tuturos
443 3317 576 3394 honore,
596 3316 682 3394 quod
697 3319 831 3394 gentium
845 3319 1120 3386 transmarinarum
1134 3319 1161 3380 in

183 3399 342 3461 amicitiam
364 3400 453 3478 primi
474 3400 646 3462 venissent:
667 3401 839 3478 Philippum
861 3403 907 3464 eis
930 3410 961 3465 et
974 3403 1161 3466 Macedonas

182 3496 293 3554 graves
314 3487 437 3546 accolas
461 3499 547 3560 esse,
570 3499 699 3560 quorum
719 3500 755 3544 se
775 3485 837 3545 virn
860 3501 897 3546 ac
912 3486 1041 3564 spiritus
1056 3496 1088 3551 et
1105 3489 1160 3548 ium
