2448 3900
233 254 349 316 LIBER
362 254 453 316 ltitx.
476 255 559 316 cni).
576 265 619 318 rs.
635 265 677 320 ts.
701 263 738 331 [a.
754 263 786 316 c.
800 263 863 331 tos]
971 259 1044 325 ,337

45 411 188 472 duorum
198 421 314 484 regtun,
331 405 443 482 quibus
458 413 554 484 nupta
564 406 683 484 luisset,
699 407 842 486 sibiipsa
856 413 1042 474 consuleret.

44 494 138 554 hunc
157 491 295 553 nuntium
310 506 347 550 ac
362 491 453 553 simul
473 507 627 553 venenum
641 494 744 553 terens
765 493 903 555 minister
916 512 986 559 cum
1000 499 1041 559 ad

43 575 269 656 Sophonibam
284 575 436 650 venisset,
457 575 618 652 ‚,accipio“
632 576 730 652 inquit
748 578 904 654 „nuptiale
918 595 1039 657 munus,

48 677 160 739 neque
173 661 334 738 ingratum,
350 660 376 721 si
391 659 465 720 nihil
479 661 579 722 maius
594 661 641 720 vir
654 661 744 721 uxori
759 669 918 737 praestare
931 665 1039 740 potuit:

46 748 116 808 hoo
130 753 230 807 tamen
246 745 359 818 nuntia
382 745 491 807 melius
506 761 555 805 me
569 745 745 806 morituram
759 744 866 821 luisse,
890 747 994 809 sinon
1009 751 1040 810 in

48 833 163 892 funere
182 844 251 890 meo
273 829 482 906 nupsissem“.
518 845 580 889 non
599 829 703 890 locuta
722 837 771 892 est
791 831 925 892 ferocius
947 851 1039 909 quam

46 921 217 990 acceptum
239 913 384 990 poculum
404 913 487 973 nullo
509 913 722 989 trepidationis
744 914 833 989 signo
850 915 921 976 dato
942 919 1040 994 impa-

48 999 129 1059 vide
149 997 258 1059 hausit.
293 997 378 1074 quod
399 995 452 1058 ubi
473 999 641 1059 nuntiatum
661 1005 709 1060 est
729 996 881 1076 Scipioni,
904 1015 944 1060 ne
965 1003 1042 1076 quid

46 1097 149 1158 aeger
158 1081 249 1142 animi
260 1082 348 1141 ierox
359 1082 479 1142 iuvenis
492 1081 618 1156 gravius
631 1083 812 1157 consuleret,
828 1084 958 1144 accitum
970 1101 1040 1146 cunr

42 1167 209 1242 extemplo
223 1181 305 1226 nunc
319 1165 445 1241 solatur,
460 1181 550 1240 nunc,
567 1167 651 1242 quod
662 1166 860 1228 temeritatem
874 1169 1041 1230 temeritate

49 1252 116 1312 alia
130 1250 228 1326 luerit,
250 1249 476 1327 tristioremque
490 1258 564 1324 rem,
588 1267 680 1326 quarn
695 1265 826 1312 necesse
841 1252 938 1328 iuerit,
959 1254 1040 1314 iece-

45 1337 105 1410 rit,
135 1335 242 1396 leniter
262 1335 400 1411 castigat.
444 1341 569 1411 postero
596 1335 662 1412 die,
689 1342 722 1397 ut
742 1352 761 1395 a
783 1339 936 1411 praesenti
956 1345 1042 1401 motu

46 1425 206 1480 averteret
225 1419 357 1479 animum
372 1420 454 1494 eius,
478 1419 508 1480 in
522 1419 654 1480 tribunal
669 1419 808 1480 escendit
822 1427 853 1480 et
867 1421 1041 1484 contionem

46 1505 201 1566 advocari
216 1504 314 1565 iussit.
347 1502 389 1563 ibi
403 1503 616 1579 Masinissam,
640 1504 771 1580 primum
784 1519 889 1580 regern
903 1507 1040 1582 appella-

48 1597 116 1650 tum
138 1587 321 1665 eximiisque
343 1594 482 1648 ornatum
503 1588 661 1662 laudibus,
684 1603 779 1649 aurea
794 1603 924 1664 corona,
947 1605 1042 1651 aurea

51 1679 171 1749 patera,
194 1673 272 1732 sella
286 1673 382 1732 curuli
398 1678 428 1733 et
443 1673 584 1749 scipione
599 1673 726 1749 eburno,
747 1680 820 1748 toga
833 1673 916 1750 picta
930 1680 960 1734 et
973 1675 1042 1750 pal-

51 1763 137 1837 mata
148 1756 250 1817 tunica
264 1757 366 1829 donat.
401 1757 487 1818 addit
501 1755 605 1818 verbis
620 1757 785 1818 honoremt
808 1772 909 1833 neque
923 1760 1041 1834 magni·

50 1840 193 1902 ficentius
209 1840 375 1917 quicquam
388 1841 542 1918 triumpho
558 1842 806 1918 apudltomonos
821 1857 923 1917 neque
937 1843 1041 1902 trimn-

50 1925 218 2002 phantibus
240 1925 419 2000 ampliorem
435 1941 471 1988 eo
488 1931 597 1987 ornatu
611 1941 698 1998 esse,
722 1941 784 2001 quo
799 1941 890 1986 unum
907 1927 1041 1986 omnium

49 2015 248 2070 externorum
265 2009 391 2084 dignum
405 2010 602 2084 Masinissam
616 2010 751 2086 populus
765 2009 922 2069 Romanus
939 2009 1040 2070 ducat.

51 2094 190 2154 Laelium
211 2094 323 2154 deinde
343 2100 374 2155 et
394 2093 495 2171 ipsum
517 2094 726 2156 collaudatum
743 2108 838 2152 aurea
853 2107 970 2154 corona
984 2093 1038 2154 do-

50 2185 114 2240 nat.
148 2184 177 2238 et
198 2179 248 2238 alii
270 2178 415 2239 militares
436 2175 509 2253 ¹viri,
533 2185 624 2255 prout
638 2195 657 2238 a
672 2192 798 2255 quoque
812 2183 924 2237 navata
945 2192 1041 2253 opera

49 2269 127 2338 erat,
143 2262 255 2323 donati.
278 2261 327 2322 his
340 2262 509 2324 honoribus
521 2263 654 2324 mollitus
666 2261 749 2338 regis
761 2261 889 2336 animus,
905 2267 1041 2322 erectus·

51 2361 117 2422 que
136 2344 167 2407 in
189 2362 277 2423 spem
297 2347 504 2422 propinquam
524 2347 646 2409 sublato
663 2346 807 2423 Syphace
823 2346 922 2405 omnis
937 2345 1040 2406 Numi-

51 2429 126 2490 diae
141 2431 318 2506 potiundae.

138 2513 218 2576 xvi.
240 2514 344 2591 Scipio
358 2515 389 2576 Ο.
401 2516 505 2576 Laelio
521 2531 591 2576 oum
602 2515 748 2594 Syphace
763 2514 893 2589 aliisque
910 2513 1041 2589 captivis

51 2599 183 2660 Romam
203 2600 317 2674 misso,
338 2615 407 2660 cum
423 2599 534 2676 quibus
551 2605 580 2660 et
592 2599 778 2661 Masinissae
798 2597 890 2674 legati
912 2596 1041 2674 proiecti

51 2689 140 2758 sunt,
161 2683 230 2760 ipse
245 2684 285 2743 ad
300 2685 417 2762 Tyneta
431 2699 537 2744 rursus
553 2690 656 2745 castra
668 2685 775 2760 refert,
799 2689 829 2743 et
843 2697 923 2759 quae
943 2683 1040 2743 muni-

51 2773 157 2827 mento
170 2767 378 2843 inchoaverat,
401 2768 563 2844 permunit.
597 2767 863 2843 Carthaginienses
879 2782 940 2827 non
955 2767 1041 2827 brevi

51 2853 155 2912 solum
170 2853 227 2913 sed
242 2868 342 2928 prope
356 2868 437 2913 vano
452 2853 566 2928 gaudio
588 2851 626 2912 ab
643 2853 718 2914 satis
739 2867 892 2928 prospera
907 2851 936 2911 in
952 2866 1041 2927 prae-

51 2951 128 2996 sens
150 2936 380 3013 oppugnatione
395 2937 505 2998 classis
520 2937 652 3012 pertusi,
673 2942 745 3013 post
759 2937 871 2995 lamam
886 2935 967 3010 capti
982 2935 1041 3011 Sy·
1122 2937 1123 2940 ’

51 3021 178 3096 phocis,
201 3021 231 3081 in
247 3037 308 3097 quo
323 3022 394 3096 plus
409 3037 508 3098 prope
523 3037 615 3096 quom
628 3021 659 3081 in
673 3020 867 3082 Hasdrubale
881 3026 973 3095 atque
988 3035 1041 3078 ex·

51 3104 150 3164 ercitu
166 3121 224 3165 suo
241 3103 309 3181 spei
323 3111 544 3182 reposuerunt,
567 3105 716 3180 perculsi,
736 3106 797 3164 iarn
811 3103 895 3164 nullo
916 3108 1042 3163 auctore

50 3188 125 3248 belli
146 3188 225 3249 ultra
253 3189 355 3250 audito
384 3196 522 3250 oratores
545 3191 585 3270 ad
608 3205 717 3265 pacem
738 3187 903 3264 petendam
923 3186 1043 3247 mittunt

5 3311 6 3314 =
51 3273 177 3348 triginta
198 3274 354 3335 seniorum
370 3275 557 3350 principes(
570 3273 602 3333 id
624 3279 689 3335 erat
709 3271 846 3332 sanctius
867 3271 951 3347 opud
971 3270 1041 3331 illos

52 3357 217 3417 consilium
238 3357 433 3433 maximaque
452 3359 494 3420 ad
514 3358 617 3434 ipsum
638 3364 778 3419 senatum
798 3355 966 3431 regendum
981 3355 1040 3415 vis.

54 3442 116 3516 qui·
128 3441 181 3502 ubi
203 3441 233 3500 in
255 3447 357 3502 castra
371 3443 511 3504 Romana
524 3448 554 3502 et
574 3443 605 3502 in
619 3441 807 3518 praetorium
826 3447 1042 3516 pervenerunt,

54 3541 141 3586 more
156 3525 342 3587 adulantium
358 3561 394 3572 -
412 3532 549 3604 accepto,
565 3527 668 3602 credo,
684 3526 744 3586 ritu
759 3541 799 3585 ex
814 3539 851 3584 ea
861 3523 988 3599 regione
1003 3538 1047 3582 ex

99 3626 125 3667 r.
141 3625 203 3668 t1v1
217 3626 294 3670 rans
309 3611 359 3670 ΙΙΙ.
555 3645 558 3648 -
802 3617 837 3670 22
