2448 3900
162 227 225 292 aar
322 225 541 290 amaamtx.
565 224 647 288 can.
663 235 703 288 ιι.
717 235 759 288 ιι.
783 226 981 306 [abaco]

162 386 222 447 tela
235 383 358 454 uuita
379 382 498 459 equites
513 382 544 442 in
559 388 690 454 turmas,
709 378 829 455 pedites
843 380 874 440 in
890 377 1057 454 cohortes,
1075 380 1154 442 sicut

164 467 319 546 quondam
334 467 374 528 ab
387 465 534 527 Romanis
549 463 779 526 centurionibus
795 463 960 537 didicerat,
984 463 1153 526 distribuit

163 552 300 614 exercitu
311 549 394 612 baud
404 549 521 610 minore
534 565 627 626 quam
639 563 730 625 quem
740 548 827 646 prius
838 548 1001 622 habuerat,
1013 554 1153 610 ceterum

162 637 246 698 omni
268 651 366 732 prope
384 650 466 697 novo
488 641 580 710 atque
600 633 772 706 incondito,
795 632 840 694 ire
860 632 901 693 ad
914 631 1027 694 hostes
1042 632 1208 732 pergit

163 727 194 781 et
214 719 324 781 castris
346 718 377 778 in
399 717 574 795 propinquo
599 716 708 794 positis
729 717 829 792 primo
850 716 942 794 pauci
962 717 1094 793 equites
1117 734 1154 777 ex
1207 689 1208 750 ³

163 809 227 866 tuto
252 803 448 879 speculantes
474 802 512 863 ab
537 800 721 863 stationibus
749 801 910 899 progredi,
940 800 1015 862 dein
1042 800 1154 864 iaculis

162 886 306 948 summoti
327 902 486 949 recurrere
508 886 548 946 ad
562 902 656 958 suos,
690 885 762 946 inde
783 884 988 947 excursiones
1003 886 1034 945 in
1053 886 1155 946 vicem
1208 931 1209 948 ι

162 971 237 1043 lieri,
254 978 366 1032 etcum
381 973 490 1047 pulsos
505 969 673 1046 indignatio
689 970 888 1045 accenderet,
903 969 1013 1045 plures
1028 970 1155 1032 subire:

163 1055 249 1132 quod
269 1054 487 1116 irritamentum
508 1053 706 1116 certaminum
724 1054 911 1128 equestrium
926 1061 991 1129 est,
1014 1070 1092 1114 cum
1107 1062 1157 1114 aut

163 1140 355 1202 vincentibus
378 1155 452 1215 spes
467 1144 520 1200 aut
541 1138 639 1214 pulsis
654 1139 700 1199 ira
713 1138 862 1214 adgregat
875 1154 959 1200 suos.
996 1139 1042 1199 ita
1059 1146 1155 1200 tuma

163 1223 271 1302 paucis
292 1223 410 1300 proelio
432 1238 566 1285 accenso
582 1239 703 1284 omnem
716 1222 870 1300 utrimque
882 1230 1048 1299 postremo
1066 1225 1151 1300 equi·

164 1316 258 1371 tatum
287 1307 459 1370 certaminis
488 1309 623 1370 studium
649 1308 787 1370 eflhntlit
823 1323 861 1370 ac
889 1306 962 1368 dum
993 1308 1156 1370 sincerum

163 1402 306 1471 equestre
318 1394 468 1470 proelium
480 1400 553 1466 erat,
569 1392 728 1455 multitudo
739 1390 1003 1466 Masaesulinmm,
1016 1393 1156 1469 ingentia

163 1479 285 1554 agmina
300 1477 446 1558 Syphace
460 1478 629 1552 emittente,
652 1478 797 1539 sustineri
811 1477 863 1538 vix
878 1483 1015 1554 poteratr
1039 1477 1157 1538 deinde

162 1646 240 1706 inter
297 1663 336 1708 su
349 1645 489 1708 stabilem
504 1646 600 1707 aciem
615 1647 695 1718 lecit,
707 1646 933 1722 absterruitque
947 1646 1054 1707 effuse
1070 1646 1155 1708 inve-

162 1729 284 1790 hentem
310 1746 382 1791 sese
401 1731 536 1805 hostem,
563 1731 662 1808 primo
681 1730 804 1792 barbari
824 1731 950 1806 segnius
972 1731 1156 1806 permittere

163 1830 272 1890 equos,
288 1813 359 1876 dein
374 1822 467 1890 stare,
482 1832 519 1876 ac
534 1831 669 1892 propere
683 1815 795 1876 turbati
805 1831 887 1877 novo
899 1830 1015 1891 genere
1027 1832 1155 1892 pugnae

162 1567 197 1624 ut
212 1563 309 1707 peffis
320 1564 478 1625 Romanus
492 1563 652 1638 repentino
664 1578 720 1638 per
734 1569 849 1623 turmas
860 1577 934 1623 suas
945 1562 1029 1622 viam
1043 1563 1155 1624 dantes
1210 1613 1211 1636 ,

162 1906 321 1976 postremo
342 1916 404 1961 non
426 1899 521 1976 pediti
542 1901 642 1962 solum
656 1900 782 1975 cedere,
805 1899 861 1960 sed
876 1915 915 1960 ne
929 1899 1072 1976 equitem
1090 1903 1154 1978 qui·
1211 1938 1212 1986 t

163 1982 232 2044 dem
261 1983 414 2046 sustinere
442 1983 555 2060 peditis
583 1983 740 2058 praesidio
767 1984 937 2046 audentem.
972 1985 1037 2044 iam
1066 1986 1155 2061 signa

164 2083 292 2146 quoque
307 2067 461 2144 legionum
476 2069 778 2145 appropinquabant.
800 2075 863 2129 tum
878 2083 953 2128 vero
968 2068 1154 2131 Masaesulii

164 2169 226 2214 non
248 2152 341 2215 modo
361 2153 493 2230 primum
513 2153 657 2229 impetum
679 2154 737 2214 sed
750 2168 791 2213 ne
805 2160 1009 2228 conspectum
1025 2154 1153 2230 quidem

164 2236 322 2313 signorum
343 2243 436 2314 atque
455 2253 609 2299 armorum
629 2239 777 2299 tuleruntc
798 2243 913 2297 ιιιιιιιιιιι
928 2253 985 2299 seu
1001 2239 1153 2300 memoria

163 2321 299 2396 priorum
314 2321 446 2382 cladium
460 2337 518 2383 seu
532 2337 682 2398 praesens
697 2328 797 2383 terror
811 2321 914 2382 valuit
941 2321 1007 2382 Xll.
1030 2322 1077 2383 ibi
1094 2322 1151 2400 Sp·

163 2404 262 2480 phax,
278 2405 350 2466 dum
365 2405 522 2482 obequitat
535 2407 669 2468 bostium
685 2406 806 2479 turmis,
829 2405 856 2466 si
870 2406 1007 2482 pudore,
1025 2406 1055 2466 si
1072 2408 1150 2482 peri·

163 2490 233 2549 culo
254 2504 312 2550 suo
334 2489 437 2565 iugem
451 2490 562 2552 sistere
576 2497 693 2566 posset,
709 2506 789 2567 equo
803 2490 936 2566 gravioer
950 2491 1013 2552 icto
1028 2491 1149 2553 effusus

163 2572 345 2648 opprimitur
359 2574 548 2651 capiturque,
563 2582 594 2636 et
607 2575 707 2648 vivus,
722 2575 834 2635 laetum
850 2581 920 2635 ante
934 2591 1045 2636 omnes
1058 2576 1150 2638 Masi-

163 2655 268 2717 nissae
283 2655 476 2732 praebiturus
492 2660 711 2734 spectaculum,
726 2659 766 2718 ad
779 2659 917 2720 Laelium
932 2659 1132 2734 pertrahitur.

249 2738 329 2801 Cirta
353 2749 447 2816 capul
470 2743 556 2817 regni
578 2740 732 2822 Syphacis
754 2748 834 2816 erat,
860 2758 961 2818 eoque
982 2759 1019 2804 se
1038 2743 1148 2820 ingens

162 2822 320 2885 hominum
340 2826 467 2887 contulit
488 2826 545 2886 vis.
581 2827 694 2889 caedes
708 2827 738 2887 in
754 2841 792 2888 eo
806 2826 925 2901 proelio
940 2827 1042 2887 minor
1058 2845 1146 2905 quara

162 2907 291 2970 victoria
312 2908 380 2984 luit,
404 2910 477 2986 quia
491 2912 627 2986 equestri
642 2909 850 2974 tantummodo
865 2911 984 2986 proelio
1000 2918 1147 2973 certatum

164 2993 272 3055 iuerat
300 3008 362 3055 non
384 2995 454 3072 plus
477 2995 614 3071 quinque
633 2996 715 3056 milia
730 2996 849 3069 occisa,
872 2995 973 3057 minus
988 2995 1146 3057 dimidium

164 3076 231 3140 eius
255 3078 412 3140 hominum
438 3085 560 3155 captum
580 3086 629 3141 est
648 3079 763 3156 impetu
783 3078 814 3139 in
836 3087 937 3142 castra
956 3079 1055 3153 iacto,
1086 3097 1145 3157 quo

165 3164 309 3236 perculsa
322 3178 397 3239 rege
412 3164 526 3226 amisso
540 3165 700 3226 multitudo
716 3179 752 3225 se
766 3165 943 3226 contulerat.
979 3163 1146 3226 Masinissa

165 3244 223 3304 sibi
254 3246 377 3321 quidem
406 3247 510 3307 dicere
534 3246 607 3308 nibil
632 3263 704 3308 esse
728 3247 759 3307 in
786 3248 963 3322 praesentia
987 3248 1144 3324 pulchrius

165 3343 257 3421 quam
272 3329 419 3391 victorem
432 3336 644 3405 recuperatum
659 3336 744 3390 tanto
758 3338 831 3406 post
844 3331 1004 3393 intervallo
1015 3333 1143 3409 patrium

165 3407 296 3476 invisere
313 3425 456 3484 regnum;
480 3412 535 3471 sed
551 3417 610 3472 lam
627 3413 773 3474 secundis
789 3430 881 3490 quam
896 3416 1037 3477 adversis
1051 3416 1143 3477 rebus

164 3501 226 3544 non
241 3489 307 3548 dari
322 3493 452 3566 spatium
470 3494 511 3552 ad
526 3494 721 3555 cessandum.
747 3497 774 3556 si
790 3513 824 3558 se
837 3497 960 3560 Laelius
976 3515 1046 3560 cum
1060 3501 1142 3575 equi·
