2448 3900
185 248 261 316 ’338
356 247 576 312 uluuuilitx,
599 248 681 310 CAP.
699 256 741 312 lu.
757 255 799 312 17.
819 248 856 326 [a.
869 253 903 308 U.
915 270 940 308 e.
952 253 1019 329 eia]

199 419 263 478 qua
273 400 393 462 oriundi
404 407 544 461 craol—
554 398 791 476 procubuerunt
810 400 1001 464 conveniens
1014 403 1120 468 oratio
1129 411 1187 466 lam

199 486 304 548 bumili
318 485 485 546 adulationi
499 484 563 556 bril,
577 499 639 544 non
655 484 777 560 colpum
791 485 997 561 purgantium,
1009 486 1080 550 scd
1094 493 1185 551 uaru-

199 569 360 633 lorcnlium
376 569 490 630 initium
507 570 616 646 culpae
628 567 867 632 inllannibnlem
881 569 1114 644 potentiaeque
1126 573 1187 632 eius

198 655 344 714 fautores.
372 651 498 714 ¹veniam
519 651 633 712 civitati
648 652 793 728 potabant
812 651 922 716 civium
942 653 1126 720 maculato
1143 655 1187 716 bis

198 738 258 798 iam
279 751 422 811 eversae,
443 735 587 797 incolumi
607 735 726 798 loturae
746 736 853 800 itanum
866 736 1003 800 hostum
1017 737 1184 802 beneficio.

197 819 357 896 imperium
366 835 407 880 cx
416 819 506 880 victis
518 818 657 882 hostibus
669 820 997 895 populumliomaaum
1008 837 1084 885 non
1092 823 1185 897 puni·

198 904 276 966 cicm
290 911 404 980 potere.
436 905 552 980 paralio
567 903 747 966 obedienter
758 904 876 966 servire
895 905 1092 980 ienpcraret,
1115 922 1184 980 quan

199 989 298 1050 vellet
313 987 418 1064 Scipio
434 994 466 1048 et
479 988 605 1050 venisse
614 1003 657 1052 ιω
666 1003 728 1063 spe
741 987 964 1052 inAiricamse
978 989 1038 1063 ait,
1056 996 1093 1052 et
1107 1005 1185 1064 spen

197 1088 284 1136 suam
292 1070 775 1148 prospcmballiovontucuoum,
791 1071 1076 1136 uictoriamsenou
1085 1088 1185 1148 paocn

197 1157 321 1218 domum
334 1161 557 1232 reportaturum
574 1169 664 1218 esse:
685 1161 802 1226 umen,
824 1170 895 1218 cum
908 1155 1081 1219 victoriam
1094 1172 1185 1232 propo

197 1240 227 1302 in
242 1238 381 1300 manibus
396 1239 517 1314 babeat,
536 1253 645 1315 pacem
658 1239 878 1314 conulensis,
898 1246 933 1300 ut
945 1255 1066 1302 omnes
1075 1247 1184 1315 ¹gentes

199 1324 299 1386 sciant
310 1323 458 1398 populun
465 1323 636 1384 Romanum
647 1329 678 1383 et
688 1322 848 1398 suscipere
856 1323 936 1388 iuste
946 1323 1039 1386 bella
1047 1330 1086 1388 et
1092 1323 1186 1388 finire.

197 1409 283 1484 loges
300 1407 388 1482 pacis
403 1421 439 1468 se
453 1406 511 1468 bas
525 1405 644 1466 dicem
663 1406 806 1482 captivos
821 1414 852 1468 et
864 1407 1016 1482 perfugas
1040 1414 1076 1468 et
1088 1408 1184 1482 lugiti-

198 1507 255 1552 vos
269 1491 442 1561 reeb'bmnt3
463 1489 616 1552 exercitus
631 1505 671 1554 eu
681 1490 768 1553 ltalia
780 1496 812 1550 et
824 1491 920 1554 Gellia
934 1490 1117 1559 deducant,
1139 1491 1184 1550 lli·

195 1575 306 1650 spania
323 1573 510 1645 mounmou
545 1573 653 1636 insulis
674 1572 830 1648 omnibus,
858 1589 938 1648 quae
963 1574 1049 1638 inter
1072 1575 1183 1634 ltaliam

195 1663 288 1734 atquo
304 1657 441 1720 Africam
462 1658 537 1732 sint,
552 1657 724 1728 ,domama
746 1671 845 1720 muas
865 1659 976 1732 longas
997 1664 1131 1734 practer
1144 1659 1182 1716 vi-

196 1740 271 1815 ginti
286 1755 393 1802 omncs
407 1742 536 1815 tradunt,
550 1739 640 1806 tritici
654 1740 831 1817 quingenta,
851 1740 959 1804 bordei
973 1748 1123 1810 trcoeutu
1133 1741 1181 1804 mi-

195 1825 236 1888 lia
249 1824 396 1890 modium.
416 1826 567 1901 pomnicc
579 1839 731 1893 sumnam
743 1830 888 1900 omnam
902 1825 1119 1900 imperaverit,
1134 1842 1180 1902 pa-

195 1923 264 1970 rum
278 1908 433 1972 convenio
447 1909 519 1971 alibi
535 1908 671 1984 quinqua
686 1907 769 1968 milia
783 1909 936 1980 talamum,
951 1908 1028 1971 alibi
1046 1910 1181 1985 quinque

194 1991 277 2056 milia
303 1993 408 2068 pondo
431 1992 564 2068 muenli,
592 1992 663 2056 alibi
685 1992 807 2067 duplex¹
826 1991 1013 2068 stipendium
1035 1993 1180 2056 militibus

195 2076 374 2151 imparatum
383 2076 518 2138 invenio.
539 2075 609 2150 „bis
621 2075 876 2139 condicionibus
888 2075 1182 2151 inquit„pluceatne

196 2175 267 2235 pax,
281 2160 412 2222 biduum
427 2159 467 2223 ad
482 2159 718 2230 camultundum
727 2159 863 2226 dabitur.
888 2158 923 2223 ,si
938 2159 1103 2234 placuerit,
1122 2176 1180 2220 me

195 2259 266 2306 curu
281 2241 413 2310 indutias
428 2243 534 2315 tacite,
552 2243 683 2309 Romam
697 2243 890 2307 adsecutum
904 2241 1011 2306 mittite
1026 2244 1181 2320 legatos‘t

194 2326 236 2388 lla
250 2325 370 2388 dimissi
376 2325 757 2401 ammoniniemcsnnues
767 2325 959 2394 recusandas
975 2327 1180 2388 condiciones

194 2409 281 2485 pacis
294 2424 362 2470 oum
374 2410 576 2482 censuissent,
593 2410 707 2486 quippe
723 2409 774 2485 qui
789 2425 904 2470 moram
919 2411 1070 2486 tenporis
1088 2428 1180 2488 quae·
1214 2481 1215 2499 χ

193 2499 311 2567 rorent,
333 2493 405 2555 dum
418 2492 571 2558 Hannibal
582 2493 615 2554 in
629 2492 766 2556 iliricum
780 2493 934 2566 traiceret,
956 2495 1082 2568 legatos
1105 2495 1180 2555 alios

192 2577 234 2636 ad
249 2575 439 2653 Scipionem,
460 2584 496 2642 ut
508 2576 642 2644 indutias
657 2577 806 2650 iacerent,
828 2577 907 2641 alios
918 2577 1053 2644 Romam
1068 2580 1114 2640 ad
1128 2595 1179 2654 pn-

193 2675 261 2722 ccnr
275 2661 439 2736 petendam
448 2662 577 2735 mittunt
593 2661 741 2725 ducentes
755 2676 874 2736 paucos
884 2662 918 2725 in
932 2662 1072 2735 speciem
1086 2663 1178 2738 capti-
1213 2699 1214 2704 κ

192 2759 251 2806 vos
263 2745 472 2820 perbrgcsque
486 2751 516 2805 et
527 2744 680 2819 rugianos,
696 2742 993 2820 quoimpelrabilior
1003 2761 1069 2820 pax
1087 2755 1178 2806 essct.

276 2827 369 2890 XVII.
397 2827 499 2892 licitis
515 2834 585 2894 unte
600 2827 709 2892 diebus
723 2827 846 2892 Laelius
869 2844 937 2892 cum
953 2827 1106 2908 Syphace
1120 2829 1178 2906 pri-

191 2911 391 2987 moribusque
404 2911 602 2979 Numidarum
623 2912 752 2988 captivis
765 2912 896 2978 Romam
911 2913 1010 2987 venit,
1035 2929 1177 2989 quaeque
1212 2923 1213 2970 ἦ

192 2999 223 3055 in
237 2996 344 3058 ultrice
360 3001 451 3070 gesta
469 3003 592 3069 assent,
614 2993 717 3062 omnia
738 2996 845 3064 ordine
862 2997 1013 3072 esposuit
1027 2997 1176 3072 patribus,
1212 2973 1213 3063 i

192 3079 306 3155 ingenti
320 3078 476 3144 bominum
491 3085 522 3139 et
535 3079 565 3139 in
575 3095 726 3155 praesens
740 3079 855 3146 laetitia
869 3087 899 3140 at
910 3081 943 3140 in
959 3081 1097 3142 loturum
1113 3097 1173 3155 spe.

192 3162 325 3225 consulu
336 3162 408 3224 inde
420 3168 523 3238 patres
534 3177 638 3238 regem
650 3161 680 3226 in
692 3164 864 3226 custodiam
873 3162 985 3225 Albam
996 3163 1175 3224 mittendum

193 3251 391 3317 censuerunt,
414 3245 549 3310 Laelium
563 3246 769 3322 retinendum,
798 3247 900 3309 donec
912 3247 1004 3324 legati
1021 3247 1175 3322 Cartbagi-

193 3326 318 3388 nienses
333 3326 481 3390 venirent.
511 3329 695 3404 supplicatio
710 3329 742 3392 in
758 3329 961 3405 quadriduum
977 3331 1108 3392 decreta
1122 3338 1175 3392 est.

192 3407 225 3464 P.
239 3409 346 3470 Aelius
361 3417 485 3485 praetor
498 3417 607 3472 senatu
621 3412 718 3473 misso
733 3415 919 3477 elocutione
934 3413 1007 3474 inda
1024 3413 1175 3476 advocata

193 3503 263 3548 curn
274 3490 305 3550 c.
318 3491 421 3552 Laelio
436 3492 465 3552 in
480 3499 581 3554 rostra
596 3495 743 3556 escendit.
764 3496 805 3557 ibi
819 3512 893 3558 vero
908 3496 1073 3560 audientes
1090 3499 1175 3560 lusos
