2428 3892
179 215 241 282 122
325 216 440 278 tradit
454 217 551 278 xxvi
554 260 561 276 .
584 215 667 278 cni.
684 223 726 280 tt.
743 223 786 280 18·
807 221 844 291 [¹·
861 219 895 275 U·
909 237 935 276 θ·
949 220 1014 287 ⁶⁷¹1}

177 373 220 434 ed
233 371 387 433 Neronem
409 371 461 447 qui
482 371 512 430 in
532 377 691 446 posterum
705 369 787 430 diem
802 367 990 443 colloqru‘um
1008 364 1158 428 dilienetr

177 457 261 518 illum
272 455 353 517 diem
364 455 540 530 religiosum
549 452 849 530 memiensibas
860 451 902 512 ed
913 449 1158 526 agendumque

178 555 270 616 quara
280 539 324 598 rei
337 538 532 599 seriecesse.
555 547 667 599 neturn
679 538 803 616 quiden
817 534 1069 613 susspedalreus
1093 545 1158 594 cunr

177 629 263 684 esset
282 622 355 683 date
370 622 459 682 venia
479 623 547 683 eius
562 622 642 697 diei,
663 623 881 697 extemploque
894 617 1072 680 Hasdrubal
1094 632 1158 677 cuur

177 706 312 782 equitatu
327 705 559 782 elephantisque
574 705 683 767 castas
698 719 854 781 egressm
875 704 943 764 siue
956 703 1019 763 ullu
1031 702 1158 763 tumultu

176 791 208 850 in
229 796 325 852 arttun
346 791 454 850 evasit.
485 791 562 850 liora
579 791 674 850 lame
689 795 797 864 quartu
811 788 954 864 dispulsa
965 787 1035 848 tole
1048 785 1159 846 nebule

178 874 297 949 aperuit
312 874 402 949 dieur,
417 890 578 949 vacuaque
591 873 726 936 hostium
741 877 841 934 cadro
854 877 1089 948 conspexerunt
1101 870 1158 956 Ro·

176 958 268 1018 unani.
289 965 352 1018 turn
365 958 488 1018 demum
503 957 650 1019 cautius
663 957 808 1018 Punicam
821 956 959 1016 duodeni
973 963 1158 1030 agnoscens.

177 1048 210 1101 ut
229 1056 265 1101 se
285 1042 358 1102 dolo
379 1048 502 1118 capuan
522 1041 633 1116 sensit,
654 1041 907 1118 proficiscentem
932 1037 1043 1100 insdtd
1061 1037 1158 1114 sequi,

178 1130 303 1200 pnrntus
324 1124 492 1200 confligere
514 1125 595 1185 uuie=
617 1126 675 1187 sed
688 1125 787 1187 hos&
808 1123 997 1186 reuocabat
1016 1137 1153 1198 pugnarn

178 1208 260 1268 levio
274 1215 375 1269 minen
391 1210 509 1286 proelia
523 1209 600 1270 inter
615 1208 932 1270 exuemuniuurcum
947 1220 1059 1282 agmen
1075 1221 1149 1282 prae

104 1321 107 1329 ·
177 1307 385 1370 cursoresque
399 1293 743 1356 Romanorumiiebant

261 1377 369 1437 xviii.
384 1378 466 1438 luter
475 1377 553 1438 haec
560 1377 728 1453 Hispaniae
740 1377 846 1454 populi
857 1389 924 1450 nec,
939 1374 992 1451 qul
1008 1379 1086 1450 post
1101 1375 1159 1432 cla-

176 1459 249 1519 deur
263 1469 423 1538 acceptura
434 1461 619 1536 edoceant,
640 1461 780 1522 redibant
793 1461 833 1520 ud
844 1461 1012 1532 Romanos,
1033 1473 1096 1517 nee
1110 1457 1159 1518 uiti

176 1543 250 1602 novi
270 1543 462 1604 deficiebant
493 1551 525 1605 et
537 1545 654 1605 Rornae
674 1544 794 1606 meatui
815 1544 997 1620 populoque
1020 1549 1096 1616 post
1115 1557 1158 1602 re

179 1631 300 1701 ceptam
321 1625 457 1702 Capuam
477 1641 540 1688 non
560 1630 664 1690 ltaliae
685 1629 744 1690 iarn
764 1628 863 1688 maor
883 1642 976 1703 quam
990 1625 1160 1702 Hispaniae

177 1723 251 1768 cura
265 1717 338 1785 erat,
354 1717 385 1770 et
396 1713 564 1774 exereitum
578 1713 683 1788 augeri
695 1720 725 1773 et
738 1713 953 1788 imperatorem
968 1710 1044 1770 mitti
1055 1710 1159 1785 place

176 1790 238 1851 bet.
260 1808 317 1852 nec
327 1799 428 1854 tumen
438 1811 529 1869 quern
540 1797 690 1857 mitterent
700 1794 954 1869 sutiscoustabat,
968 1809 1064 1870 quum
1076 1794 1159 1866 illud,

176 1874 229 1935 ubi
241 1875 302 1936 duo
318 1879 428 1938 summi
442 1879 643 1956 imperatores
657 1881 735 1940 intra
746 1879 813 1941 dies
826 1879 948 1955 triginta
963 1877 1160 1950 cecidissent,

177 1961 229 2034 qui
244 1961 276 2020 in
289 1962 390 2022 locam
404 1963 534 2025 duonun
548 1963 738 2039 succederet,
759 1962 1001 2024 extraordinaria
1017 1978 1097 2023 cure
1111 1961 1160 2022 dc—

177 2043 331 2118 ligendurn
345 2062 426 2108 esse
448 2063 518 2109 cunr
531 2047 582 2108 ulii
596 2048 688 2108 aliurn
700 2048 899 2123 ramanent,
915 2053 1108 2123 postremum
1123 2061 1158 2106 eo

176 2126 341 2191 decursum
361 2137 422 2204 est,
443 2140 476 2192 ut
498 2133 629 2207 populus
644 2132 823 2208 proconsuli
843 2130 1032 2192 creanduiu
1045 2131 1159 2205 Hispa-

176 2209 257 2272 niam
277 2214 400 2276 comitia
413 2213 554 2286 haberet;
578 2215 723 2292 diemque
736 2217 867 2276 comitiis
882 2215 1031 2276 consules
1051 2214 1157 2274 edirre

175 2303 254 2355 runt.
285 2298 383 2372 primo
403 2307 673 2375 exspectaverunt,
693 2300 794 2375 utqui
808 2315 843 2362 se
858 2306 941 2360 tante
963 2298 1098 2374 imperio
1113 2298 1158 2358 di·

174 2392 253 2453 gnos
276 2382 448 2457 crederent,
471 2383 593 2444 numina
614 2382 838 2459 profiterentur.
870 2398 951 2460 quae
965 2389 997 2444 ut
1011 2383 1157 2446 desdrutu

175 2465 365 2538 exepeentio
386 2473 448 2541 cst,
469 2466 691 2542 redintegratus
706 2469 805 2529 luctus
826 2476 973 2543 acceptae
988 2467 1089 2528 cladis
1104 2467 1157 2526 de

174 2544 383 2622 sideriumqus
402 2549 619 2625 imperatorum
638 2551 832 2612 amissorum.
863 2558 981 2612 moesta
995 2551 1102 2626 itaque
1117 2550 1157 2611 ci·

173 2628 262 2702 vitea,
279 2646 377 2707 prope
390 2632 481 2708 inops
495 2633 624 2709 consilii,
640 2635 830 2697 comitiorum
844 2635 895 2696 die
909 2642 1011 2696 wrcen
1025 2636 1059 2694 in
1074 2651 1156 2696 carn·

173 2727 246 2786 pern
258 2713 433 2787 descendite
448 2723 540 2792 atque
554 2718 585 2778 in
595 2717 790 2793 magistratus
800 2717 883 2780 versi
898 2719 1157 2796 circumspectant

174 2809 229 2856 ora
240 2797 412 2874 principum
426 2799 555 2862 aliorum
569 2801 647 2862 alios
662 2802 849 2875 intuentium,
865 2804 1060 2880 fremuntque
1075 2803 1154 2863 adeo

173 2879 309 2954 perditas
323 2895 373 2944 res
389 2884 648 2962 desperatumque
664 2887 704 2948 dc
718 2903 753 2947 re
767 2886 891 2962 publica
904 2903 991 2960 esse,
1015 2895 1049 2948 ut
1063 2903 1153 2948 uerno

172 2963 285 3026 audeat
294 2965 325 3026 in
331 2967 510 3044 Hispaniam
519 2969 677 3046 imperium
690 2971 841 3047 accipere,
853 2971 1074 3034 curusubitnP.
1083 2971 1153 3032 cor-

170 3047 284 3125 aelius,
305 3049 402 3112 Publii
421 3051 570 3128 cornelii,
591 3053 643 3128 qui
656 3053 688 3113 in
701 3054 850 3130 Hispania
870 3055 1039 3130 ceciderat,
1062 3055 1141 3116 filius

172 3138 315 3204 quattuor
327 3141 358 3194 et
368 3135 473 3210 viginti
487 3137 582 3196 terme
596 3153 695 3198 annos
706 3146 806 3212 aare,
822 3140 986 3215 protessus
1001 3153 1037 3200 se
1048 3146 1152 3215 petere

170 3213 200 3273 iu
211 3216 380 3292 superiore,
395 3219 478 3280 unde
490 3220 628 3296 conspici
638 3228 755 3297 posset,
771 3223 841 3285 loeo
851 3221 994 3283 constitit.
1017 3222 1049 3282 in
1061 3238 1150 3298 quern

169 3305 335 3375 postquam
354 3303 489 3363 omniurn
505 3319 560 3366 ura
574 3320 727 3366 convnsn
741 3312 821 3380 sunt,
844 3307 977 3368 clamore
991 3320 1030 3366 cc
1045 3307 1150 3366 levore

170 3381 294 3444 ominati
314 3384 555 3460 extemplo'suut
567 3386 640 3448 lelix
654 3389 850 3464 iaummque
872 3388 1042 3466 imperium.
1075 3389 1147 3450 iussi

169 3460 282 3524 deinde
303 3466 379 3526 inire
400 3467 579 3543 suffragium
605 3470 645 3530 ed
665 3487 760 3532 unum
782 3485 890 3532 omncs
911 3488 975 3534 non
996 3471 1148 3534 senardus
