2434 3902
217 242 333 306 LIBER
346 242 468 305 XXVII.
491 241 573 304 eAP.
591 250 631 305 16.
648 251 691 307 1⁷.
715 249 751 317 [a.
768 249 801 304 G.
816 248 879 316 209]
978 241 1039 306 181

33 395 149 472 signis
168 396 262 456 vellet
276 395 409 470 ingentis
429 393 646 470 magnitudinis
665 425 708 438 ·-
729 394 859 470 disant,
882 410 939 457 suo
955 394 1038 471 quis-

34 495 109 558 que
120 479 230 541 habitu
245 479 276 539 in
290 479 418 540 modum
432 479 631 555 pugnantiam
646 479 767 541 formati
781 511 829 553 -,
852 479 930 540 deos
943 479 1038 541 iratos

31 563 221 626 Tarentinis
236 563 366 640 relinqui
381 564 481 624 iussit.
500 579 605 626 murus
620 563 701 637 inde,
725 564 777 639 qui
791 564 899 626 urbem
912 563 951 625 ab
967 579 1039 624 aree

35 649 221 725 dirimebat,
245 648 362 709 dirutus
378 655 427 709 est
440 661 477 708 ao
493 647 649 708 disiectus.

134 733 215 794 Dum
229 733 307 793 haee
322 739 460 808 agantur,
482 729 648 804 Hannibal,
670 731 709 792 iis
725 733 776 808 qui
792 732 969 794 Cauloniam
983 733 1037 794 ob-

35 818 194 880 sidebant
207 817 239 878 in
252 817 440 878 deditionem
454 816 601 892 acceptis,
617 814 721 878 audita
735 815 967 893 oppugnatione
981 816 1037 876 Ta-

37 902 126 962 renti
142 902 211 963 dies
227 909 398 978 noctesque
412 901 526 962 cursim
547 899 668 976 agmine
688 906 773 973 acto,
798 915 866 960 curn
888 901 1037 962 testinans

42 987 86 1047 ad
108 1002 203 1063 opem
225 986 382 1046 serendam
404 991 526 1061 captam
546 984 654 1046 urbem
669 984 817 1061 audisset,
836 990 894 1061 „et
906 985 1037 1046 Romani

42 1087 140 1132 suum
147 1070 368 1132 Hannibalem“
381 1070 479 1145 inquit
493 1069 642 1145 „habentz
657 1069 766 1130 eadem
778 1085 839 1144 qua
854 1083 1036 1146 ceperamus

42 1162 111 1216 arte
127 1155 292 1216 Tarentum
307 1154 495 1216 amisimus“.
524 1168 564 1214 ne
578 1160 679 1214 tamen
694 1153 838 1230 fugientis
854 1153 947 1216 mado
963 1169 1029 1214 con

40 1239 181 1302 vertisse
196 1254 305 1316 agmen
321 1239 484 1312 videretur,
505 1254 567 1315 quo
583 1237 783 1301 constituerat
796 1237 876 1313 loco,
899 1239 1036 1313 quinque

42 1323 132 1384 milia
152 1324 248 1384 tenne
267 1323 307 1384 ab
329 1323 404 1382 urbe
423 1323 528 1398 posuit
549 1327 659 1384 castra.
697 1321 740 1385 ibi
759 1337 877 1398 paucos
899 1329 1035 1384 maratus

43 1409 116 1469 dies
130 1407 343 1484 Metapontum
362 1423 434 1468 sese
454 1407 579 1482 recepit.
614 1407 687 1466 inde
708 1406 788 1468 duos
808 1406 1036 1482 Metapontinos

46 1509 117 1553 cum
131 1493 240 1554 litteris
257 1491 429 1569 principum
451 1490 518 1552 eius
533 1490 663 1552 civitatis
678 1491 720 1550 ad
732 1490 860 1554 Fabium
873 1491 1044 1554 Tarentum,

46 1577 150 1652 mittit,
174 1577 269 1638 fidem
286 1575 325 1637 ab
347 1576 475 1638 consule
498 1583 682 1652 accepturos
702 1575 850 1652 impunita
871 1573 909 1636 iis
931 1575 1036 1652 priora

51 1663 131 1738 tore,
154 1662 182 1722 si
202 1661 412 1738 Metapontum
434 1660 462 1720 ei
483 1676 552 1722 eum
573 1658 727 1736 praesidio
742 1658 857 1721 Punico
880 1659 1035 1736 prodidis-

53 1752 126 1806 sent
169 1744 284 1806 Fabius
297 1761 380 1806 ·vera
394 1759 473 1820 quae
494 1744 649 1805 adlerrent
668 1760 740 1806 esse
755 1750 839 1806 ratus
855 1745 951 1821 diem,
974 1761 1036 1820 qua

49 1845 235 1892 accessurus
261 1837 344 1892 esset
364 1829 588 1905 Metapontum,
614 1827 769 1890 constituit
792 1830 970 1904 litterasque
995 1829 1035 1890 ad

48 1916 205 1993 principes
221 1915 313 1990 dedit,
330 1930 410 1990 quae
424 1914 465 1974 ad
479 1912 679 1976 Hannibalem
693 1913 815 1974 delatae
829 1919 908 1974 sunt.
941 1914 1035 1974 enim·

46 2015 122 2061 vero
143 2001 242 2060 laetus
269 2013 419 2060 successu
438 1997 569 2069 fraudis,
592 1997 620 2058 si
640 2012 680 2058 ne
693 1995 807 2058 Fabius
823 1996 1034 2072 quidemdolo

47 2085 180 2146 invictus
193 2084 310 2160 luisset,
322 2083 406 2144 hatrd
418 2082 525 2160 procul
531 2081 850 2158 Metapontoinsidias
863 2081 958 2157 ponit.
977 2079 1034 2140 Fa·

46 2170 99 2230 bio
121 2168 308 2246 auspicanti,
327 2167 507 2245 priusquam
529 2167 725 2242 egrederetur
738 2165 777 2226 ab
790 2167 937 2240 Tarento,
958 2181 1034 2226 aves

48 2254 146 2316 semel
160 2261 253 2330 atque
267 2253 375 2314 lterum
389 2268 451 2313 non
466 2251 658 2314 addixerunt.
684 2250 786 2312 hostia
800 2265 926 2328 qaoque
941 2264 1035 2310 caesa

49 2339 221 2400 consulenti
233 2339 310 2399 deos
323 2338 481 2413 haruspex
496 2335 667 2398 cavendum
682 2336 820 2396 airaude
832 2333 935 2396 hostili
951 2339 980 2396 et
996 2333 1034 2396 ab

50 2422 169 2484 insidiis
182 2421 344 2500 praedixit.
375 2420 583 2497 Metapontini,
604 2426 770 2497 postquam
784 2420 825 2480 ad
840 2417 1035 2482 constitutum

51 2523 112 2569 noa
127 2514 254 2568 venerat
268 2507 364 2582 diem,
383 2504 506 2567 remissi
521 2511 554 2568 ut
568 2511 760 2566 eunclmtem
772 2503 973 2578 hortarentur,
997 2519 1035 2564 ae

51 2599 176 2669 repente
191 2591 407 2669 comprehensi
422 2597 505 2652 metu
515 2589 666 2665 gravioris
683 2588 873 2668 quaestionis
889 2589 1035 2665 detegunt

52 2677 190 2738 insidias.

133 2760 227 2821 XVII.
259 2758 395 2820 Aestatis
411 2759 477 2820 eius
492 2758 659 2834 principio,
683 2775 744 2833 qua
758 2758 836 2820 haee
857 2757 1034 2834 agebantur,

51 2845 84 2905 P.
99 2844 202 2922 Scipio
224 2844 255 2904 in
274 2843 424 2920 Hispania
445 2860 514 2904 cum
534 2843 665 2904 hiemem
684 2849 779 2904 totam
798 2841 1034 2904 reconciliandis

51 2929 251 2992 barbarorum
269 2927 379 2988 animis
394 2929 504 3004 panim
519 2926 609 2989 donis
624 2926 734 3003 partim
747 2927 931 2988 remissione
952 2926 1035 2988 obsi·

55 3015 124 3076 dum
140 3015 390 3092 captivorumque
405 3011 641 3096 absumpsisset,
658 3011 781 3074 Edesco
796 3011 838 3072 ad
852 3027 922 3072 eum
934 3009 1035 3078 clarus

55 3099 130 3160 inter
143 3100 238 3162 duees
252 3097 409 3174 llispanos
424 3096 517 3158 venit.
549 3102 636 3157 erant
653 3095 783 3159 coniunx
797 3095 948 3170 liberique
966 3093 1035 3154 eius

57 3179 317 3260 apudilomanos;
341 3181 398 3241 sed
414 3188 535 3259 praeter
549 3197 615 3242 earn
632 3197 758 3242 eausam
772 3181 863 3240 etiarn
877 3178 961 3238 velut
974 3177 1036 3236 ior·

57 3269 127 3328 tuito
139 3266 295 3328 inclinatio
310 3265 495 3340 animorum,
517 3281 597 3340 quae
610 3264 790 3341 Rispaniam
814 3277 934 3326 omnem
949 3276 1035 3320 aver·

59 3359 131 3413 terat
143 3353 182 3414 ad
196 3354 370 3413 Romanum
384 3367 403 3411 a
416 3350 531 3412 Punieo
546 3349 686 3426 imperio,
708 3349 801 3408 traxit
815 3363 893 3408 eum.
927 3344 1036 3405 eadem

61 3453 149 3499 causa
167 3436 297 3498 Indebili
315 3435 546 3510 Mandonioque
567 3433 636 3506 luit,
658 3432 740 3492 haud
757 3429 857 3490 dubie
870 3427 969 3488 omnis
984 3427 1037 3486 Hi-

61 3521 181 3583 saaaiae
197 3520 403 3598 principibus,
427 3535 497 3582 eum
518 3517 600 3579 omni
614 3513 809 3592 popularium
824 3529 914 3574 manu
930 3510 1037 3571 relicto
