2466 3900
158 221 203 284 20
249 248 254 258 ·
309 217 426 282 LIBER
439 215 545 276 XXIV.
569 212 652 276 cdl).
666 221 710 276 m.
725 222 771 274 25.
794 214 831 290 [o.
847 217 881 272 U.
894 218 998 285 em]

162 370 247 447 pium
272 363 489 430 ooniuroliouis
514 363 686 430 tuntum-ob
706 363 899 428 Harmoniae
920 363 1052 428 Gelonis
1075 363 1164 426 filiae

162 450 285 528 nuptiis
301 450 413 526 quibus
425 445 579 512 themisto
593 449 814 518 innota-ossele
834 448 988 512 Afrorum
996 447 1162 525 limosae·

162 551 293 610 rumque
314 532 477 594 auxiliares
492 531 657 596 itmmuotos
671 531 713 592 ed
727 531 857 594 mrtem
871 539 1059 607 praetorum
1073 532 1162 608 orin-
1230 535 1231 604 l

164 621 329 695 eipumque
342 616 483 686 eliorum,
503 616 652 692 bonoque.
661 616 926 690 eerumornedae
941 617 1050 681 lutura
1064 617 1160 680 inter-

166 701 333 786 leoioribus
358 699 601 775 pronuntiarunt
631 699 691 765 iarn
715 701 1004 766 moroeuuoriorom
1029 717 1163 765 menum

166 785 326 866 adsuetum
345 783 479 858 imperiis
493 783 710 857 Aumnnodori
731 789 873 858 perstem
892 785 995 846 luisse
1011 785 1054 848 ed
1069 785 1161 848 insu-

111 868 114 876 “
166 872 227 930 tam
242 883 348 932 rursus
362 867 590 944 occupandam
611 867 733 941 sinum
748 866 872 942 deinde,
889 884 973 943 nune
985 885 1047 944 per
1059 885 1161 944 quos·

107 953 109 964 ’
168 967 228 1028 que
249 958 425 1026 agerentur,
446 957 603 1028 totamque
615 950 689 1016 virdo
705 950 865 1026 armisque
878 951 1067 1017 insonnem
1084 969 1161 1019 oon-

167 1034 347 1098 iurotionem
371 1042 440 1098 oute
464 1037 571 1098 emulos
595 1034 710 1110 posuit
737 1041 777 1098 et
795 1036 920 1102 senatui
941 1037 1073 1112 quidem
1096 1043 1161 1098 tom

167 1120 235 1181 inre
257 1117 341 1180 coesi
366 1135 458 1193 quom
477 1120 684 1198 Hieronymus
705 1118 908 1190 trinobantum
942 1127 1016 1186 onte
1039 1121 1161 1184 curium

168 1201 272 1264 vorieo
300 1209 390 1278 etque
417 1203 550 1268 incertae
576 1217 688 1270 rorum·
702 1203 906 1268 multitudinis
932 1206 1055 1270 elamor
1081 1215 1160 1272 erat„

169 1301 262 1364 quem
287 1286 429 1352 ferociter
452 1288 642 1350 minitantem
655 1286 689 1352 in
710 1287 863 1352 uestibulo
891 1289 1000 1354 eurise
1021 1306 1161 1366 serpere

168 1371 395 1434 coniuratorum
406 1386 443 1437 eo
454 1377 536 1436 metu
547 1377 806 1446 compresserunt,
818 1378 852 1436 ut
862 1373 992 1438 silentes
1001 1373 1161 1450 integram

168 1453 292 1537 plebem
306 1453 338 1520 in
353 1457 525 1522 conderem
540 1461 751 1530 sequerentur.
774 1453 910 1530 Soonbo
922 1457 1108 1524 mandatum
1120 1460 1159 1518 ab

42 1555 44 1562 ‘
136 1538 141 1548 ‘
170 1542 281 1601 senatu
294 1543 325 1600 ol
337 1554 359 1606 n
372 1538 497 1614 collegis
512 1547 547 1602 ut
558 1539 655 1606 uerbo
668 1539 791 1603 feneret.
824 1539 919 1603 XXV.
941 1541 979 1616 is,
997 1547 1159 1622 tamquam

169 1637 242 1708 reos
263 1629 382 1696 egeret,
403 1623 443 1688 eb
463 1629 533 1686 eote
553 1629 622 1694 eote
640 1622 704 1686 vito
717 1639 825 1698 orsus,
848 1640 1070 1702 quaecumque
1085 1637 1160 1703 post

169 1704 311 1768 Hieronis
333 1714 460 1768 mortem
482 1708 613 1768 sceleste
633 1714 727 1788 etune
739 1707 834 1783 imple
847 1710 930 1772 loom
943 1719 1071 1786 esseut,
1093 1715 1159 1772 An-

171 1789 378 1854 dronodorur'u
392 1807 429 1854 oo
443 1789 627 1855 Themistum
642 1791 741 1866 arguit
755 1792 879 1855 lenisse.
908 1793 985 1868 qnid
1000 1796 1083 1860 enim
1100 1813 1161 1857 sun

171 1879 282 1952 sponte
301 1875 414 1938 lenisse
433 1876 653 1955 Hieronymum
673 1890 818 1950 puerum,
840 1893 877 1938 eo
898 1878 1031 1940 vixdum
1055 1881 1159 1956 pube-

172 1965 308 2024 suentem
328 1960 431 2022 lacere
452 1961 612 2036 potuisset
638 1965 755 2023 tutores
770 1976 809 2020 ee
821 1961 990 2035 magistros
1011 1964 1082 2026 eius
1098 1965 1160 2026 sub

171 2044 271 2108 alena
284 2044 400 2106 invidia
412 2060 573 2120 regnasse
595 2044 698 2120 inque
712 2051 765 2108 sut
778 2050 849 2106 unte
861 2044 1091 2124 Hieronymum
1106 2058 1160 2110 nul

172 2135 254 2192 eerte
269 2144 338 2192 oum
348 2129 536 2208 Hieronymo
548 2129 649 2205 perire
658 2129 883 2193 eosdebuisse.
906 2130 1019 2194 atilios
1033 2133 1159 2196 debitos

110 2291 112 2300 Ι
173 2211 232 2276 iem
252 2213 340 2276 morti
360 2213 593 2288 destinatosque
611 2213 671 2274 elin
690 2229 772 2276 nove
791 2213 912 2276 seelera
933 2222 1160 2290 postmortem

134 2295 136 2302 '
173 2297 440 2383 tyrannimolilos,
456 2297 1159 2376 uulomurimo,.oumolnusisdndmnodorus

175 2383 298 2460 insulae
313 2381 409 2466 portis
424 2379 621 2447 hereditatem
634 2381 882 2458 roeuborovertr,
898 2389 930 2444 et
944 2400 1026 2460 quae
1041 2401 1158 2460 pronu-

85 2481 86 2486 ’
173 2463 256 2530 rotor
275 2473 429 2544 tenuerat,
447 2485 504 2545 pro
524 2467 649 2544 domiuo
666 2466 871 2552 possederim
881 2468 1025 2542 proditus
1041 2470 1160 2534 delude

92 2549 93 2554 ’
174 2553 212 2618 ab
227 2553 288 2628 eis,
311 2552 363 2630 qui
377 2552 407 2616 in
423 2551 635 2627 insumerent,
650 2553 879 2618 circumsessus
894 2551 933 2612 ab
948 2552 1100 2616 uniuersa
1115 2556 1158 2614 oi-

122 2682 125 2687 -
175 2638 274 2712 vitute,
289 2652 367 2714 queo
379 2627 584 2702 Achradinam
596 2636 734 2710 tenuerit,
744 2636 1160 2714 imquiquampolmnatque

173 2730 279 2800 operte
293 2723 417 2800 petitum
432 2739 559 2800 rognum
577 2722 655 2785 elain
665 2727 698 2784 el
708 2721 782 2785 dolo
794 2721 950 2785 adfectare
962 2728 1094 2784 conatus
1108 2724 1159 2797 sit,

173 2803 1071 2885 stoebenelloioquidemalquebonorepotueritvinoi,eum
1079 2807 1161 2868 inter

10 2897 12 2911 ·
32 2894 56 2921 ·²
159 2887 350 2960 'liberatores
372 2895 487 2972 putueo
508 2892 667 2957 insidiator
681 2891 749 2967 ipse
769 2889 916 2954 libertatis
932 2897 1056 2952 erentes
1072 2891 1167 2954 esset'

172 2987 304 3058 praetor.
318 3047 320 3052 ,
334 2982 391 3044 sed
413 2981 532 3044 animos
552 2977 598 3042 eis
617 2977 721 3054 regios
742 2975 845 3051 regins
866 2973 1014 3050 coniuges
1030 2973 1160 3051 feeisso,

173 3065 258 3130 ultori
268 3066 410 3130 Hieronis
424 3064 508 3129 alteri
517 3062 641 3126 Gelonis
652 3062 731 3127 lilios
743 3066 865 3137 nuptas.
882 3059 941 3122 sub
952 3058 1033 3123 bano
1043 3075 1159 3124 vocem

173 3167 212 3214 ex
233 3152 375 3219 oloribus
390 3151 533 3228 pertibus¹
544 3148 694 3212 contionis
710 3145 1089 3219 numerumnunerum
1104 3160 1159 3204 en·

172 3253 238 3301 rum
255 3238 357 3301 viuere
372 3236 494 3310 debere,
508 3249 567 3296 nee
578 3248 762 3310 quemquem
773 3244 941 3306 superesse
950 3235 1160 3308 tyrannorum

172 3313 286 3398 stirpis.
319 3337 357 3380 ea
377 3324 486 3383 natura
506 3317 705 3394 multitudiuis
727 3322 789 3382 est=
812 3321 865 3380 eut
886 3313 981 3378 servit
999 3312 1161 3376 humililer

173 3410 224 3466 eut
243 3403 377 3482 superbe
392 3401 582 3472 dominatum
604 3400 789 3476 libertatem,
805 3413 886 3475 quoe
899 3395 1000 3458 medie
1015 3403 1080 3472 est,
1095 3412 1162 3458 nee

172 3495 287 3562 cupere
307 3485 427 3547 modios
449 3499 506 3544 neo
525 3485 640 3546 hebere
661 3485 772 3546 solunt.
806 3490 836 3545 el
850 3498 913 3543 non
927 3479 1023 3540 ferme
1040 3479 1160 3542 desunt
1230 3509 1231 3580 y
