2466 3900
240 181 357 246 Ltltlttt
369 181 462 242 xxv.
486 181 567 242 cAP.
584 189 626 245 ra.
640 190 684 244 ao.
707 189 744 257 p.
760 189 793 242 c.
807 187 870 256 ala]
1004 179 1044 247 ts

75 343 164 398 eastra
175 351 274 412 prope
288 351 390 410 aequo
407 333 504 394 lllarte
519 334 740 396 diseosserunt
768 335 875 411 plures
889 342 991 396 tamen
1005 334 1044 397 sit

74 420 203 482 Romanis
218 419 319 495 primo
334 418 459 480 incursu
474 418 610 495 equitum
626 418 811 480 oeciderunt
842 419 918 480 lnde
932 434 1045 482 eonsu-

71 505 122 576 les,
142 511 173 564 ut
191 510 366 564 averterent
380 502 484 578 Capua
497 502 715 579 Hannibalem,
736 510 827 564 noete
842 517 923 579 quae
937 509 1045 564 secuta

68 595 110 648 est
123 587 240 662 diversi,
261 587 391 648 Fulvius
405 587 436 648 iu
451 602 559 662 agrum
574 587 755 666 cumanum,
779 587 925 648 claudius
939 587 969 647 in
984 587 1044 648 Lu·

68 687 154 732 danos
174 671 243 732 abit.
277 679 406 748 postero
428 671 494 747 die,
517 687 587 731 oum
601 685 700 732 vaeua
720 678 822 734 eastra
835 671 1042 732 Romanorum

66 771 131 816 esse
143 755 310 816 nuntiatum
323 755 486 816 Hannibali
502 761 603 828 esset,
626 761 657 814 et
671 754 794 818 duobus
808 754 982 831 agminibus
997 757 1042 816 di·

69 855 164 900 versos
176 839 301 916 abiisse,
316 840 450 902 ineertus
463 839 571 915 primo,
587 845 687 901 utrum
699 847 889 916 sequeretur,
904 839 1041 915 Appium

67 923 160 984 institit
179 923 279 999 sequi.
319 925 386 996 ille,
416 923 625 986 circumducto
646 923 737 986 hoste
756 940 819 1000 qua
840 923 948 998 voluit,
979 924 1040 984 alio

69 1008 160 1068 itinere
177 1010 213 1070 ad
227 1010 368 1086 Capuam
382 1009 471 1071 redit

137 1092 300 1155 Hannibali
320 1095 380 1155 alia
393 1093 425 1153 iu
439 1092 488 1154 his
502 1092 580 1155 loeis
596 1092 675 1154 bene
689 1093 845 1168 gerendae
858 1092 902 1152 rei
918 1094 1040 1154 fortuna

70 1177 155 1237 oblata
169 1186 224 1238 est.
257 1179 301 1239 M.
318 1177 481 1240 centenius
497 1178 554 1239 luit
567 1177 750 1254 cognomine
764 1176 887 1250 Penula,
909 1176 1039 1253 insignis

73 1259 135 1318 inter
151 1262 234 1337 primi
256 1263 313 1339 pili
339 1262 534 1324 centuriones
555 1269 585 1322 et
606 1259 816 1336 magnitudine
843 1261 984 1335 eorporis
1010 1269 1040 1321 et

73 1343 162 1404 amno.
182 1346 208 1406 is
221 1349 404 1424 perfunctus
420 1347 524 1407 militia
538 1342 936 1421 perP.corneliumSullam
950 1360 1038 1419 prae·

74 1431 152 1488 torem
169 1429 199 1490 in
220 1439 363 1493 senatum
389 1431 582 1493 introductus
603 1429 679 1506 petit
698 1446 717 1489 a
735 1427 889 1506 patribus,
919 1429 961 1488 uti
979 1427 1038 1490 sibi

70 1511 184 1588 quinque
205 1517 292 1576 milia
312 1515 439 1576 militum
460 1516 620 1575 darentur=
642 1529 678 1575 se
699 1515 829 1590 peritum
851 1518 881 1572 et
895 1511 993 1575 hostis
1009 1519 1039 1574 et

69 1595 208 1670 regionum
222 1599 312 1661 brevi
333 1615 449 1676 operae
464 1599 593 1676 pretium
609 1599 770 1671 laetarum,
793 1596 952 1671 atquibus
967 1598 1037 1659 arti·

70 1676 117 1739 bus
136 1683 173 1742 ad
192 1683 224 1744 id
238 1686 380 1748 locorum
394 1683 490 1744 nostri
505 1689 536 1744 et
550 1684 645 1744 duces
661 1687 693 1742 et
712 1682 865 1743 exercitus
886 1682 968 1757 oapti
991 1682 1037 1741 lo·

69 1770 130 1836 rent
143 1766 178 1827 iis
192 1770 346 1830 adversus
361 1770 552 1830 inventorem
567 1783 704 1828 usurum.
731 1768 763 1828 id
777 1783 838 1827 non
851 1767 1037 1842 promissum

71 1849 150 1922 magis
169 1854 283 1915 stolide
304 1870 395 1928 quam
416 1852 528 1913 stolide
549 1851 712 1926 creditum,
733 1859 887 1926 tamquam
908 1851 1034 1910 eaedem

70 1929 194 1996 militares
210 1946 240 1998 et
255 1937 471 2013 imperatoriae
489 1943 570 1997 artes
586 1942 701 1997 essent
735 1935 807 1995 data
822 1951 877 2010 pro
900 1934 1037 2010 quinque

72 2022 127 2074 oeto
140 2021 218 2082 milia
231 2023 368 2095 militurn,
384 2037 458 2098 pars
474 2020 600 2082 dimidia
614 2019 708 2094 cives,
726 2035 799 2095 pars
814 2017 901 2079 socii.
923 2025 954 2076 et
967 2017 1035 2092 ipse

71 2097 240 2175 aliquantum
262 2106 505 2168 voluntariorum
524 2105 631 2164 itinere
654 2104 684 2164 in
710 2103 793 2178 agris
819 2101 964 2174 eoneivit,
998 2117 1035 2160 ae

72 2196 154 2259 Prope
167 2188 325 2266 duplicato·
338 2189 475 2250 exercitu
490 2189 519 2248 in
534 2189 676 2249 Lucanos
693 2185 840 2263 pervenit,
856 2185 907 2245 ubi
921 2184 1034 2244 Hanni·

73 2261 110 2324 bal
122 2275 304 2350 nequiquam
318 2281 442 2335 secutus
459 2273 616 2334 Claudium
631 2272 815 2334 substiterat.
843 2268 926 2328 haud
941 2268 1035 2328 dubia

72 2363 110 2410 tes
123 2363 178 2430 est,
202 2359 320 2436 quippe
340 2359 418 2418 inter
431 2357 633 2418 Hannibalem
649 2356 759 2416 dueom
773 2361 804 2415 et
817 2352 1033 2426 centurionem,

73 2437 268 2518 exercitusque
288 2444 415 2504 alterum
437 2442 589 2511 vincendo
611 2447 802 2514 veteranum,
831 2439 957 2511 alterum
979 2453 1034 2497 no-

72 2531 129 2580 vun
138 2529 238 2603 totum,
254 2543 365 2604 magna
377 2543 415 2587 ex
429 2535 515 2602 parte
530 2526 618 2586 eliam
632 2523 856 2584 tumultuarium
871 2537 908 2582 ae
920 2535 1034 2582 semer·
1059 2539 1063 2543 ·

74 2613 145 2665 nem.
175 2619 206 2671 ut
226 2617 395 2686 conspecta
409 2611 487 2670 inter
501 2625 536 2670 se
550 2608 672 2684 agmina
686 2614 770 2680 sunt,
794 2613 824 2667 et
838 2613 946 2667 neutra
960 2621 1033 2681 pars

73 2681 232 2756 detractavit
246 2711 389 2772 pugnam,
405 2694 558 2770 extemplo
574 2692 738 2753 instmotae
752 2692 845 2752 acies.
868 2696 1033 2766 pugnatum

74 2772 165 2850 arnon,
183 2780 259 2842 utin
275 2781 357 2841 nulla
372 2775 437 2854 pari
454 2794 497 2852 re,
517 2777 595 2838 duas
610 2776 741 2851 amplius
756 2776 859 2850 lroras,
882 2773 1033 2835 concitata

73 2857 108 2928 tt,
127 2857 219 2925 donee
233 2865 296 2926 dux
311 2862 407 2938 stetit,
429 2861 543 2923 invicta
556 2862 694 2923 Romana
709 2859 784 2919 aoie.
821 2865 984 2935 postquam
1006 2857 1033 2915 is

77 2951 124 2998 1¹0ss
139 2960 189 3018 pro
204 2955 307 3009 velere
323 2944 404 3008 larna
418 2947 533 3020 solum,
555 2945 611 3005 sed
633 2945 722 3004 etiam
737 2949 820 3004 metu
834 2942 925 3004 lutari
939 2941 1033 3000 dede·

75 3024 154 3113 toris,
175 3031 201 3094 si
215 3049 273 3094 sua
287 3031 455 3094 temeritate
471 3035 646 3091 contractae
660 3027 741 3088 eladi
763 3030 956 3103 superesset,
979 3024 1032 3084 ob·

76 3114 171 3174 laetans
184 3133 219 3178 se
230 3118 363 3179 hostium
375 3115 443 3177 telis
456 3113 573 3185 cecidit,
589 3113 660 3172 lusa
673 3111 826 3186 extemplo
839 3116 886 3170 est
897 3109 1033 3168 Romana

79 3190 152 3255 acies.
187 3203 244 3262 sed
264 3202 344 3263 adeo
367 3215 406 3260 ne
426 3199 517 3274 lagae
539 3196 662 3273 quidem
683 3196 740 3254 iter
758 3192 869 3269 patuit,
892 3187 1034 3250 omnibus

79 3270 123 3336 liis
141 3281 174 3342 ab
194 3287 297 3363 equite
316 3283 462 3358 insessis,
486 3288 517 3343 ut
532 3296 571 3341 ex
585 3286 667 3340 tanta
681 3275 871 3338 multitudine
885 3272 939 3332 vix
953 3269 1033 3329 mille

79 3367 215 3446 erasnm,
237 3369 330 3430 ceteri
344 3367 462 3444 passim
477 3365 528 3425 alii
542 3363 603 3424 alia
618 3366 706 3437 peste
720 3356 873 3430 absumpti
888 3354 956 3414 sint.
1023 3431 1031 3444 ς

143 3447 200 3514 XX.
229 3453 334 3532 Capua
349 3469 367 3512 a
382 3448 561 3512 consulibus
582 3447 690 3506 iterum
711 3453 830 3501 summa
849 3437 881 3496 vi
898 3436 1032 3504 obsidem
