2428 3892
158 219 221 285 tea
315 219 432 281 LlBlttt
445 219 568 281 xxvtt.
589 219 672 280 cAP.
687 229 714 282 o.
729 225 757 281 e.
780 217 818 298 [ι.
831 223 865 278 υ.
878 230 978 300 0.st

157 387 290 451 pugnem
305 372 441 434 lerocem
453 370 582 435 victoria
594 371 797 433 Hannibalern
813 374 1015 447 contudisset,
1031 375 1078 435 tre
1090 375 1142 436 ad·

156 472 268 520 versus
284 471 369 532 eum,
391 455 516 517 brevem
536 455 578 516 illi
593 455 736 517 laetitiam
751 472 813 532 qua
834 458 968 519 exsultet
981 458 1142 520 tactuum

156 542 317 604 etilomae
338 540 461 615 qrddem
482 553 551 600 curn
574 539 673 602 luctus
688 540 797 626 ingens
818 555 858 638 ex
875 541 1058 618 praeterito,
1080 548 1143 602 tum
1204 589 1205 638 ,

157 626 246 687 timor
256 625 286 685 in
301 624 432 685 futurum
446 630 521 684 erut
541 624 650 686 consul
664 639 703 684 ex
712 621 838 687 Samnio
849 641 881 686 ru
888 626 1031 688 Lucanos
1043 632 1143 688 uaus·
1204 647 1205 662 ¹

156 724 282 786 gressus
306 708 347 768 ad
366 707 589 770 Numistronem
616 707 647 768 in
674 715 846 785 conspeetu
865 708 1046 772 Hannibalis
1071 710 1145 772 loco

156 794 259 870 plano,
274 808 342 853 cunr
355 791 477 854 Poenus
493 791 602 852 collem
617 797 742 866 teneret,
760 793 866 870 posuit
880 799 991 855 casua.
1021 794 1144 856 addidit

156 884 186 939 ct
197 877 288 938 uliam
299 876 422 938 fidentis
433 875 579 952 speciem,
594 876 680 953 quod
691 876 776 953 prior
789 877 819 937 in
834 878 932 939 aciem
944 877 1068 939 eduxit:
1085 893 1143 938 nec

156 961 336 1024 detractavit
341 959 502 1036 Hannibal,
515 965 548 1021 ut
557 961 647 1036 signa
659 961 755 1036 portis
766 959 868 1022 etierri
878 961 963 1022 vidit
984 962 1029 1023 ita
1039 969 1142 1024 tomen

156 1045 253 1106 eciem
273 1045 493 1120 instruxerunt,
515 1051 549 1106 ut
562 1043 684 1106 Poenus
706 1045 847 1106 dextnmr
863 1061 958 1106 cornu
978 1045 1010 1107 iu
1030 1047 1142 1108 collem

155 1130 299 1206 erigeret,
318 1129 447 1190 Romani
462 1128 619 1190 sinistrum
639 1129 680 1190 ad
700 1129 849 1206 oppidum
867 1129 1069 1207 applicarent
1104 1131 1143 1191 ab

154 1215 232 1276 hora
245 1213 333 1275 tertia
347 1228 416 1274 cum
430 1213 471 1274 ad
486 1219 608 1274 noctem
623 1228 758 1290 pugnum
772 1214 998 1288 extendissent,
1021 1215 1140 1276 fessae·

155 1315 215 1376 que
236 1298 402 1375 pugnando
423 1298 540 1374 primae
559 1297 643 1359 acics
665 1303 786 1373 essent,
812 1298 853 1359 ab
871 1298 1019 1360 Romanis
1039 1299 1142 1375 prima

154 1383 234 1460 legio
257 1389 289 1444 et
304 1383 416 1445 dextra
436 1382 499 1457 ala,
522 1381 562 1442 ab
575 1381 746 1444 Hannibale
756 1381 885 1459 Hispani
899 1383 1011 1444 milites
1025 1389 1056 1443 et
1071 1383 1140 1443 iuu-

156 1468 235 1528 ditor
245 1465 385 1542 Baliaris,
403 1465 558 1543 elephanti
575 1481 701 1544 quoque
711 1467 878 1529 commisso
895 1467 955 1528 iarn
973 1467 1142 1528 certamine

155 1552 185 1613 in
193 1550 342 1628 proelium
358 1549 429 1612 neti.
451 1551 502 1612 diu
513 1566 619 1627 pugna
632 1556 740 1613 neutro
755 1551 898 1612 inclinata
907 1550 1008 1614 stetit!
1020 1551 1142 1628 primae
1205 1571 1206 1618 1

154 1634 267 1712 legioni
281 1634 378 1710 tertia,
400 1634 527 1695 dextrae
542 1636 611 1696 atae
624 1634 750 1697 sinistra
762 1634 863 1710 subiit,
883 1642 914 1696 et
927 1635 1012 1712 apud
1027 1634 1140 1696 hostes

154 1718 263 1795 integri
274 1717 393 1780 aiessis
401 1734 536 1796 pugnam
543 1735 703 1797 accepere.
719 1735 834 1781 nomrur
846 1726 938 1796 atque
948 1725 1037 1782 atrox
1044 1735 1134 1796 proc

154 1804 227 1866 lium
241 1818 281 1864 ex
294 1809 356 1864 turn
371 1805 459 1880 segni
472 1810 600 1881 repente
621 1803 738 1866 exarsit
750 1803 924 1866 recentibus
943 1802 1051 1865 animis
1069 1819 1139 1868 eor-

154 1887 297 1965 poribusc
317 1887 374 1950 sed
387 1904 451 1951 nox
464 1889 581 1950 incerta
596 1888 723 1950 victoria
733 1889 855 1951 diremit
864 1895 1050 1966 pugnantes.
1082 1904 1138 1965 po

154 1980 235 2034 storo
248 1973 298 2035 dic
305 1974 434 2036 Romani
449 1975 488 2036 ab
503 1974 571 2037 sole
585 1979 653 2036 orto
667 1974 792 2035 multum
805 1972 866 2034 diei
878 1979 991 2036 stetere
1005 1972 1037 2032 in
1051 1972 1138 2034 aciez

154 2058 205 2120 ubi
219 2074 309 2121 nemo
323 2056 457 2120 hostium
477 2059 629 2120 udversus
645 2057 771 2136 prodiit,
793 2058 895 2134 spolia
908 2073 965 2134 per
984 2057 1081 2119 otium
1096 2057 1138 2116 le-

152 2158 233 2219 gere,
250 2150 281 2204 ct
294 2149 459 2219 congestos
474 2143 505 2204 in
520 2159 614 2205 unum
627 2145 729 2206 locum
744 2156 920 2204 cremavere
934 2157 1022 2204 suos.
1043 2147 1137 2203 nocte

116 2301 118 2306 ,
152 2224 1136 2303 insequentiHannibalsilentiomcvitccstrminApulianrabiit

151 2311 330 2386 Marcellus,
353 2311 406 2374 ubi
428 2312 480 2374 lux
501 2313 604 2390 lugam
617 2313 752 2374 hostium
772 2311 907 2390 aperuit,
930 2309 1045 2372 sauciis
1066 2325 1137 2370 cum

151 2397 309 2473 pracsidio
329 2395 453 2458 modico
473 2397 667 2459 Numistrone
691 2396 804 2459 relictis
830 2395 1075 2474 praepositoque
1098 2393 1136 2453 iis

151 2481 185 2540 L.
199 2480 290 2544 Furio
304 2481 495 2559 Purpurione
508 2482 631 2545 tribuno
646 2481 788 2557 militum,
811 2480 950 2557 vestigiis
965 2478 1074 2541 institit
1086 2493 1136 2537 se·
1206 2517 1207 2522 κ

153 2566 216 2641 qui.
248 2566 288 2627 ed
297 2565 466 2627 Venusiam
481 2566 612 2644 adeptus
627 2583 697 2628 curn
712 2574 769 2628 est.
802 2565 843 2627 ibi
856 2581 913 2642 per
927 2564 994 2626 dies
1009 2563 1135 2639 aliquot,

152 2665 221 2712 cum
232 2649 271 2710 ub
283 2648 464 2712 stationibus
475 2659 717 2727 procursaretur,
732 2651 826 2711 mixtu
838 2649 974 2726 equiturn
985 2647 1135 2725 peditum·

153 2733 405 2809 quetumultuosa
415 2735 513 2812 magis
525 2735 644 2813 proelia
654 2751 743 2812 quom
753 2751 875 2811 magno,
892 2734 1027 2809 etserme
1036 2733 1136 2794 omnia

150 2819 295 2881 Rmanu
304 2820 437 2882 secundo
444 2819 581 2900 suerunt,
612 2822 750 2898 indeper
760 2821 902 2898 Apuliam
912 2819 997 2880 ducti
1011 2817 1133 2879 exerci-

150 2910 197 2966 tus
217 2906 282 2966 sine
301 2908 363 2968 ullo
384 2907 575 2969 memorando
595 2907 770 2980 momine,
793 2919 861 2966 eum
876 2903 1034 2964 Hannibal
1052 2903 1134 2961 nocte

149 2991 238 3066 upon
248 2996 383 3064 moveret,
401 2995 497 3054 uuum
507 2991 625 3052 incidite
635 3005 792 3066 guonem
808 2988 975 3050 Marcellus
984 2987 1132 3047 nc'sicertn

150 3077 501 3153 luceeteuplorutocnte
511 3080 764 3150 consequeretur.

234 3159 285 3219 lll.
308 3160 430 3238 Capuae
440 3159 696 3221 tuterimFtuoeuo
706 3159 777 3219 dum
788 3157 870 3218 bouet
876 3156 1051 3234 mucium
1060 3167 1126 3213 uou-

151 3244 267 3318 deudts,
289 3243 605 3318 apropulpudticutm
612 3241 1130 3317 sueratlooondo—-tooouituutem

150 3342 264 3388 omnem
271 3327 473 3400 frumento—
483 3330 598 3402 tempus
607 3329 683 3400 terit,
695 3321 1129 3387 uedeecaetmutert‘ac'ncom-

150 3411 415 3485 pcncssceuiendt,
427 3411 897 3485 uooumiuoecultopltscemper
907 3407 1129 3481 indiciumpro·

152 3493 472 3566 tractumestfaeiuus.
505 3495 612 3555 milites
628 3493 774 3566 aedcitotct
783 3499 905 3566 emotus,
926 3492 1127 3554 umatum
