<?xml version="1.0" encoding="UTF-8"?>
<!DOCTYPE html PUBLIC "-//W3C//DTD XHTML 1.0 Transitional//EN"
    "http://www.w3.org/TR/xhtml1/DTD/xhtml1-transitional.dtd">
<html xmlns="http://www.w3.org/1999/xhtml" xml:lang="en" lang="en">
 <head>
  <title>
</title>
<meta http-equiv="Content-Type" content="text/html;charset=utf-8" />
  <meta name='ocr-system' content='tesseract 3.04.00' />
  <meta name='ocr-capabilities' content='ocr_page ocr_carea ocr_par ocr_line ocrx_word'/>
</head>
<body>
  <div class='ocr_page' id='page_1' title='image "./titiliviaburbec09livygoog_0191.png"; bbox 0 0 2428 3892; ppageno 0'>
   <div class='ocr_carea' id='block_1_1' title="bbox 182 207 996 286">
    <p class='ocr_par' dir='ltr' id='par_1_1' title="bbox 182 207 996 286">
     <span class='ocr_line' id='line_1_1' title="bbox 182 207 996 286; baseline -0.007 -12"><span class='ocrx_word' id='word_1_1' title='bbox 182 209 243 274; x_wconf 86' lang='lat' dir='ltr'>too</span> <span class='ocrx_word' id='word_1_2' title='bbox 338 208 452 270; x_wconf 78' lang='lat' dir='ltr'>nmen</span> <span class='ocrx_word' id='word_1_3' title='bbox 467 207 586 270; x_wconf 84' lang='lat' dir='ltr'>xxvn.</span> <span class='ocrx_word' id='word_1_4' title='bbox 610 207 692 268; x_wconf 80' lang='lat' dir='ltr'>cnr.</span> <span class='ocrx_word' id='word_1_5' title='bbox 708 218 734 270; x_wconf 78' lang='lat' dir='ltr'>s.</span> <span class='ocrx_word' id='word_1_6' title='bbox 748 215 775 272; x_wconf 82' lang='lat' dir='ltr'>a</span> <span class='ocrx_word' id='word_1_7' title='bbox 798 207 996 286; x_wconf 49' lang='lat' dir='ltr'>[armen]</span> 
     </span>
    </p>
   </div>
   <div class='ocr_carea' id='block_1_2' title="bbox 179 356 1165 438">
    <p class='ocr_par' dir='ltr' id='par_1_2' title="bbox 179 356 1165 438">
     <span class='ocr_line' id='line_1_2' title="bbox 179 356 1165 438; baseline -0.005 -14"><span class='ocrx_word' id='word_1_8' title='bbox 179 370 276 424; x_wconf 90' lang='lat' dir='ltr'>torem</span> <span class='ocrx_word' id='word_1_9' title='bbox 288 361 349 422; x_wconf 90' lang='lat' dir='ltr'>dici</span> <span class='ocrx_word' id='word_1_10' title='bbox 363 361 508 438; x_wconf 87' lang='lat' dir='ltr'>placeret,</span> <span class='ocrx_word' id='word_1_11' title='bbox 524 375 656 436; x_wconf 91' lang='lat' dir='ltr'>eumque</span> <span class='ocrx_word' id='word_1_12' title='bbox 667 375 758 436; x_wconf 89' lang='lat' dir='ltr'>quenr</span> <span class='ocrx_word' id='word_1_13' title='bbox 769 359 905 437; x_wconf 89' lang='lat' dir='ltr'>populus</span> <span class='ocrx_word' id='word_1_14' title='bbox 920 356 1064 420; x_wconf 85' lang='lat' dir='ltr'>iussisset</span> <span class='ocrx_word' id='word_1_15' title='bbox 1080 357 1165 419; x_wconf 87' lang='lat' dir='ltr'>dice</span> 
     </span>
    </p>
   </div>
   <div class='ocr_carea' id='block_1_3' title="bbox 177 441 1168 1702">
    <p class='ocr_par' dir='ltr' id='par_1_3' title="bbox 177 441 1168 1702">
     <span class='ocr_line' id='line_1_3' title="bbox 177 441 1166 520; baseline -0.003 -14"><span class='ocrx_word' id='word_1_16' title='bbox 177 452 224 508; x_wconf 89' lang='lat' dir='ltr'>ret</span> <span class='ocrx_word' id='word_1_17' title='bbox 238 445 428 507; x_wconf 87' lang='lat' dir='ltr'>dictatorem.</span> <span class='ocrx_word' id='word_1_18' title='bbox 462 445 490 506; x_wconf 88' lang='lat' dir='ltr'>si</span> <span class='ocrx_word' id='word_1_19' title='bbox 505 446 614 506; x_wconf 87' lang='lat' dir='ltr'>consul</span> <span class='ocrx_word' id='word_1_20' title='bbox 628 443 786 520; x_wconf 87' lang='lat' dir='ltr'>noluisset,</span> <span class='ocrx_word' id='word_1_21' title='bbox 808 448 934 520; x_wconf 88' lang='lat' dir='ltr'>praetor</span> <span class='ocrx_word' id='word_1_22' title='bbox 947 441 1102 520; x_wconf 88' lang='lat' dir='ltr'>populum</span> <span class='ocrx_word' id='word_1_23' title='bbox 1117 457 1166 502; x_wconf 81' lang='lat' dir='ltr'>ro</span> 
     </span>
     <span class='ocr_line' id='line_1_4' title="bbox 177 527 1165 608; baseline -0.005 -17"><span class='ocrx_word' id='word_1_24' title='bbox 177 538 274 608; x_wconf 80' lang='lat' dir='ltr'>garet.</span> <span class='ocrx_word' id='word_1_25' title='bbox 288 530 316 590; x_wconf 92' lang='lat' dir='ltr'>si</span> <span class='ocrx_word' id='word_1_26' title='bbox 328 545 366 590; x_wconf 92' lang='lat' dir='ltr'>ne</span> <span class='ocrx_word' id='word_1_27' title='bbox 378 529 405 590; x_wconf 89' lang='lat' dir='ltr'>is</span> <span class='ocrx_word' id='word_1_28' title='bbox 414 529 538 606; x_wconf 86' lang='lat' dir='ltr'>quidem</span> <span class='ocrx_word' id='word_1_29' title='bbox 550 529 650 604; x_wconf 81' lang='lat' dir='ltr'>vellet,</span> <span class='ocrx_word' id='word_1_30' title='bbox 662 535 724 591; x_wconf 91' lang='lat' dir='ltr'>tum</span> <span class='ocrx_word' id='word_1_31' title='bbox 732 528 843 590; x_wconf 88' lang='lat' dir='ltr'>tribuni</span> <span class='ocrx_word' id='word_1_32' title='bbox 855 528 895 588; x_wconf 86' lang='lat' dir='ltr'>ud</span> <span class='ocrx_word' id='word_1_33' title='bbox 907 527 1032 606; x_wconf 87' lang='lat' dir='ltr'>plebem</span> <span class='ocrx_word' id='word_1_34' title='bbox 1041 527 1165 587; x_wconf 81' lang='lat' dir='ltr'>terrent</span> 
     </span>
     <span class='ocr_line' id='line_1_5' title="bbox 178 611 1166 690; baseline -0.005 -14"><span class='ocrx_word' id='word_1_35' title='bbox 178 631 247 676; x_wconf 89' lang='lat' dir='ltr'>oum</span> <span class='ocrx_word' id='word_1_36' title='bbox 269 613 378 676; x_wconf 88' lang='lat' dir='ltr'>consul</span> <span class='ocrx_word' id='word_1_37' title='bbox 393 629 428 674; x_wconf 93' lang='lat' dir='ltr'>se</span> <span class='ocrx_word' id='word_1_38' title='bbox 442 615 591 690; x_wconf 88' lang='lat' dir='ltr'>populum</span> <span class='ocrx_word' id='word_1_39' title='bbox 611 621 787 689; x_wconf 80' lang='lat' dir='ltr'>rogaturum</span> <span class='ocrx_word' id='word_1_40' title='bbox 801 618 961 689; x_wconf 74' lang='lat' dir='ltr'>negasset,</span> <span class='ocrx_word' id='word_1_41' title='bbox 984 611 1072 688; x_wconf 90' lang='lat' dir='ltr'>quod</span> <span class='ocrx_word' id='word_1_42' title='bbox 1089 626 1166 672; x_wconf 85' lang='lat' dir='ltr'>suae</span> 
     </span>
     <span class='ocr_line' id='line_1_6' title="bbox 177 694 1167 776; baseline -0.006 -16"><span class='ocrx_word' id='word_1_43' title='bbox 177 697 340 776; x_wconf 86' lang='lat' dir='ltr'>potestatis</span> <span class='ocrx_word' id='word_1_44' title='bbox 356 703 454 771; x_wconf 87' lang='lat' dir='ltr'>esset,</span> <span class='ocrx_word' id='word_1_45' title='bbox 477 703 713 774; x_wconf 77' lang='lat' dir='ltr'><strong>praetoremque</strong></span> <span class='ocrx_word' id='word_1_46' title='bbox 733 697 881 759; x_wconf 87' lang='lat' dir='ltr'>vetuisset</span> <span class='ocrx_word' id='word_1_47' title='bbox 900 711 1028 774; x_wconf 78' lang='lat' dir='ltr'>rogare,</span> <span class='ocrx_word' id='word_1_48' title='bbox 1050 694 1167 758; x_wconf 85' lang='lat' dir='ltr'>tribuni</span> 
     </span>
     <span class='ocr_line' id='line_1_7' title="bbox 177 779 1167 859; baseline -0.002 -16"><span class='ocrx_word' id='word_1_49' title='bbox 177 782 278 859; x_wconf 90' lang='lat' dir='ltr'>plebis</span> <span class='ocrx_word' id='word_1_50' title='bbox 293 789 448 858; x_wconf 71' lang='lat' dir='ltr'>rogarunt</span> <span class='ocrx_word' id='word_1_51' title='bbox 466 780 637 859; x_wconf 79' lang='lat' dir='ltr'>plebesque</span> <span class='ocrx_word' id='word_1_52' title='bbox 651 781 749 856; x_wconf 86' lang='lat' dir='ltr'>scivit,</span> <span class='ocrx_word' id='word_1_53' title='bbox 770 789 805 843; x_wconf 90' lang='lat' dir='ltr'>nt</span> <span class='ocrx_word' id='word_1_54' title='bbox 818 781 1008 857; x_wconf 80' lang='lat' dir='ltr'>Q.·Fulvius,</span> <span class='ocrx_word' id='word_1_55' title='bbox 1032 779 1092 857; x_wconf 88' lang='lat' dir='ltr'>qui</span> <span class='ocrx_word' id='word_1_56' title='bbox 1107 786 1167 841; x_wconf 89' lang='lat' dir='ltr'>tum</span> 
     </span>
     <span class='ocr_line' id='line_1_8' title="bbox 178 862 1167 944; baseline -0.006 -16"><span class='ocrx_word' id='word_1_57' title='bbox 178 867 219 928; x_wconf 90' lang='lat' dir='ltr'>ad</span> <span class='ocrx_word' id='word_1_58' title='bbox 234 865 370 944; x_wconf 85' lang='lat' dir='ltr'>capuam</span> <span class='ocrx_word' id='word_1_59' title='bbox 384 873 457 939; x_wconf 74' lang='lat' dir='ltr'>erut,</span> <span class='ocrx_word' id='word_1_60' title='bbox 473 865 603 928; x_wconf 82' lang='lat' dir='ltr'>dictetur</span> <span class='ocrx_word' id='word_1_61' title='bbox 616 865 776 928; x_wconf 78' lang='lat' dir='ltr'>diceretur.</span> <span class='ocrx_word' id='word_1_62' title='bbox 803 867 861 927; x_wconf 89' lang='lat' dir='ltr'>sed</span> <span class='ocrx_word' id='word_1_63' title='bbox 874 881 936 942; x_wconf 91' lang='lat' dir='ltr'>qun</span> <span class='ocrx_word' id='word_1_64' title='bbox 951 865 1001 926; x_wconf 88' lang='lat' dir='ltr'>die</span> <span class='ocrx_word' id='word_1_65' title='bbox 1015 865 1048 925; x_wconf 94' lang='lat' dir='ltr'>id</span> <span class='ocrx_word' id='word_1_66' title='bbox 1064 862 1167 941; x_wconf 91' lang='lat' dir='ltr'>plebis</span> 
     </span>
     <span class='ocr_line' id='line_1_9' title="bbox 178 948 1166 1024; baseline -0.004 -12"><span class='ocrx_word' id='word_1_67' title='bbox 178 949 342 1014; x_wconf 88' lang='lat' dir='ltr'>concilium</span> <span class='ocrx_word' id='word_1_68' title='bbox 363 950 495 1013; x_wconf 80' lang='lat' dir='ltr'>futurum</span> <span class='ocrx_word' id='word_1_69' title='bbox 520 958 599 1024; x_wconf 87' lang='lat' dir='ltr'>erat,</span> <span class='ocrx_word' id='word_1_70' title='bbox 629 951 738 1012; x_wconf 89' lang='lat' dir='ltr'>consul</span> <span class='ocrx_word' id='word_1_71' title='bbox 759 951 836 1013; x_wconf 86' lang='lat' dir='ltr'>clam</span> <span class='ocrx_word' id='word_1_72' title='bbox 862 956 953 1013; x_wconf 89' lang='lat' dir='ltr'>noete</span> <span class='ocrx_word' id='word_1_73' title='bbox 973 951 1004 1010; x_wconf 91' lang='lat' dir='ltr'>in</span> <span class='ocrx_word' id='word_1_74' title='bbox 1027 948 1166 1010; x_wconf 83' lang='lat' dir='ltr'>Siciliam</span> 
     </span>
     <span class='ocr_line' id='line_1_10' title="bbox 179 1033 1166 1112; baseline -0.004 -15"><span class='ocrx_word' id='word_1_75' title='bbox 179 1035 268 1105; x_wconf 85' lang='lat' dir='ltr'>abiit;</span> <span class='ocrx_word' id='word_1_76' title='bbox 290 1034 488 1110; x_wconf 77' lang='lat' dir='ltr'>destitutique</span> <span class='ocrx_word' id='word_1_77' title='bbox 502 1042 607 1112; x_wconf 88' lang='lat' dir='ltr'>patres</span> <span class='ocrx_word' id='word_1_78' title='bbox 622 1034 736 1098; x_wconf 85' lang='lat' dir='ltr'>litteras</span> <span class='ocrx_word' id='word_1_79' title='bbox 751 1035 792 1096; x_wconf 85' lang='lat' dir='ltr'>od</span> <span class='ocrx_word' id='word_1_80' title='bbox 806 1034 848 1095; x_wconf 87' lang='grc' dir='ltr'>Μ.</span> <span class='ocrx_word' id='word_1_81' title='bbox 864 1034 1024 1096; x_wconf 86' lang='lat' dir='ltr'>claudium</span> <span class='ocrx_word' id='word_1_82' title='bbox 1043 1033 1166 1094; x_wconf 86' lang='lat' dir='ltr'>mitten·</span> 
     </span>
     <span class='ocr_line' id='line_1_11' title="bbox 178 1116 1166 1195; baseline -0.003 -14"><span class='ocrx_word' id='word_1_83' title='bbox 178 1121 236 1181; x_wconf 87' lang='lat' dir='ltr'>das</span> <span class='ocrx_word' id='word_1_84' title='bbox 251 1126 450 1195; x_wconf 87' lang='lat' dir='ltr'>censuerunt,</span> <span class='ocrx_word' id='word_1_85' title='bbox 472 1127 506 1182; x_wconf 93' lang='lat' dir='ltr'>ut</span> <span class='ocrx_word' id='word_1_86' title='bbox 519 1119 662 1180; x_wconf 75' lang='lat' dir='ltr'>desertae</span> <span class='ocrx_word' id='word_1_87' title='bbox 682 1119 721 1181; x_wconf 87' lang='lat' dir='ltr'>ab</span> <span class='ocrx_word' id='word_1_88' title='bbox 736 1119 856 1194; x_wconf 79' lang='lat' dir='ltr'>collega</span> <span class='ocrx_word' id='word_1_89' title='bbox 869 1119 914 1180; x_wconf 90' lang='lat' dir='ltr'>rei</span> <span class='ocrx_word' id='word_1_90' title='bbox 933 1118 1083 1195; x_wconf 86' lang='lat' dir='ltr'>publicae</span> <span class='ocrx_word' id='word_1_91' title='bbox 1098 1116 1166 1178; x_wconf 89' lang='lat' dir='ltr'>sub-</span> 
     </span>
     <span class='ocr_line' id='line_1_12' title="bbox 178 1202 1168 1280; baseline -0.002 -16"><span class='ocrx_word' id='word_1_92' title='bbox 178 1205 305 1279; x_wconf 86' lang='lat' dir='ltr'>veniret,</span> <span class='ocrx_word' id='word_1_93' title='bbox 318 1204 495 1280; x_wconf 85' lang='lat' dir='ltr'>diceretque</span> <span class='ocrx_word' id='word_1_94' title='bbox 508 1219 598 1279; x_wconf 91' lang='lat' dir='ltr'>quem</span> <span class='ocrx_word' id='word_1_95' title='bbox 610 1205 745 1280; x_wconf 89' lang='lat' dir='ltr'>populus</span> <span class='ocrx_word' id='word_1_96' title='bbox 757 1203 901 1265; x_wconf 86' lang='lat' dir='ltr'>iussisset</span> <span class='ocrx_word' id='word_1_97' title='bbox 912 1204 1110 1264; x_wconf 88' lang='lat' dir='ltr'>dictatorem.</span> <span class='ocrx_word' id='word_1_98' title='bbox 1131 1202 1168 1262; x_wconf 87' lang='lat' dir='ltr'>ita</span> 
     </span>
     <span class='ocr_line' id='line_1_13' title="bbox 179 1286 1167 1363; baseline -0.002 -14"><span class='ocrx_word' id='word_1_99' title='bbox 179 1306 198 1349; x_wconf 87' lang='lat' dir='ltr'>a</span> <span class='ocrx_word' id='word_1_100' title='bbox 211 1287 252 1349; x_wconf 90' lang='grc' dir='ltr'>Μ.</span> <span class='ocrx_word' id='word_1_101' title='bbox 268 1286 394 1349; x_wconf 85' lang='lat' dir='ltr'>claudio</span> <span class='ocrx_word' id='word_1_102' title='bbox 410 1289 539 1351; x_wconf 88' lang='lat' dir='ltr'>consule</span> <span class='ocrx_word' id='word_1_103' title='bbox 553 1287 718 1363; x_wconf 79' lang='lat' dir='ltr'>Q.Fulvins</span> <span class='ocrx_word' id='word_1_104' title='bbox 734 1288 864 1350; x_wconf 83' lang='lat' dir='ltr'>dictetur</span> <span class='ocrx_word' id='word_1_105' title='bbox 877 1287 987 1359; x_wconf 89' lang='lat' dir='ltr'>dictus,</span> <span class='ocrx_word' id='word_1_106' title='bbox 1011 1295 1043 1348; x_wconf 90' lang='lat' dir='ltr'>et</span> <span class='ocrx_word' id='word_1_107' title='bbox 1058 1303 1105 1348; x_wconf 85' lang='lat' dir='ltr'>cx</span> <span class='ocrx_word' id='word_1_108' title='bbox 1119 1302 1167 1347; x_wconf 88' lang='lat' dir='ltr'>eo·</span> 
     </span>
     <span class='ocr_line' id='line_1_14' title="bbox 179 1365 1165 1448; baseline -0.002 -14"><span class='ocrx_word' id='word_1_109' title='bbox 179 1374 249 1434; x_wconf 90' lang='lat' dir='ltr'>dem</span> <span class='ocrx_word' id='word_1_110' title='bbox 263 1373 346 1448; x_wconf 88' lang='lat' dir='ltr'>plebi</span> <span class='ocrx_word' id='word_1_111' title='bbox 362 1373 439 1434; x_wconf 91' lang='lat' dir='ltr'>scito</span> <span class='ocrx_word' id='word_1_112' title='bbox 454 1380 485 1434; x_wconf 87' lang='lat' dir='ltr'>et</span> <span class='ocrx_word' id='word_1_113' title='bbox 497 1372 537 1433; x_wconf 90' lang='lat' dir='ltr'>nb</span> <span class='ocrx_word' id='word_1_114' title='bbox 552 1371 587 1447; x_wconf 79' lang='lat' dir='ltr'>Q.</span> <span class='ocrx_word' id='word_1_115' title='bbox 601 1370 708 1433; x_wconf 84' lang='lat' dir='ltr'>Fulvio</span> <span class='ocrx_word' id='word_1_116' title='bbox 723 1373 872 1434; x_wconf 77' lang='lat' dir='ltr'>dictatore</span> <span class='ocrx_word' id='word_1_117' title='bbox 886 1372 918 1432; x_wconf 87' lang='lat' dir='ltr'>P.</span> <span class='ocrx_word' id='word_1_118' title='bbox 929 1365 1068 1433; x_wconf 90' lang='lat' dir='ltr'>Liciniu&#39;s</span> <span class='ocrx_word' id='word_1_119' title='bbox 1079 1371 1165 1432; x_wconf 84' lang='lat' dir='ltr'>cras-</span> 
     </span>
     <span class='ocr_line' id='line_1_15' title="bbox 179 1455 1166 1534; baseline -0.003 -15"><span class='ocrx_word' id='word_1_120' title='bbox 179 1474 233 1519; x_wconf 87' lang='lat' dir='ltr'>sus</span> <span class='ocrx_word' id='word_1_121' title='bbox 248 1457 388 1533; x_wconf 80' lang='lat' dir='ltr'>pontifex</span> <span class='ocrx_word' id='word_1_122' title='bbox 402 1457 553 1518; x_wconf 83' lang='lat' dir='ltr'>maximus</span> <span class='ocrx_word' id='word_1_123' title='bbox 571 1457 716 1533; x_wconf 80' lang='lat' dir='ltr'>magister</span> <span class='ocrx_word' id='word_1_124' title='bbox 730 1457 866 1534; x_wconf 85' lang='lat' dir='ltr'>equitum</span> <span class='ocrx_word' id='word_1_125' title='bbox 881 1457 991 1518; x_wconf 88' lang='lat' dir='ltr'>dictus.</span> <span class='ocrx_word' id='word_1_126' title='bbox 1035 1457 1095 1517; x_wconf 90' lang='lat' dir='ltr'>VI.</span> <span class='ocrx_word' id='word_1_127' title='bbox 1127 1455 1166 1516; x_wconf 92' lang='lat' dir='ltr'>di-</span> 
     </span>
     <span class='ocr_line' id='line_1_16' title="bbox 180 1540 1165 1618; baseline 0 -16"><span class='ocrx_word' id='word_1_128' title='bbox 180 1548 276 1602; x_wconf 88' lang='lat' dir='ltr'>ctutor</span> <span class='ocrx_word' id='word_1_129' title='bbox 296 1547 463 1617; x_wconf 87' lang='lat' dir='ltr'>postquam</span> <span class='ocrx_word' id='word_1_130' title='bbox 477 1541 606 1602; x_wconf 85' lang='lat' dir='ltr'>Remum</span> <span class='ocrx_word' id='word_1_131' title='bbox 620 1541 717 1616; x_wconf 89' lang='lat' dir='ltr'>venit,</span> <span class='ocrx_word' id='word_1_132' title='bbox 740 1541 771 1602; x_wconf 84' lang='lat' dir='ltr'>c.</span> <span class='ocrx_word' id='word_1_133' title='bbox 788 1540 1004 1618; x_wconf 89' lang='lat' dir='ltr'>Sempronium</span> <span class='ocrx_word' id='word_1_134' title='bbox 1016 1540 1165 1602; x_wconf 81' lang='lat' dir='ltr'>Blaesum</span> 
     </span>
     <span class='ocr_line' id='line_1_17' title="bbox 180 1624 1165 1702; baseline -0.001 -18"><span class='ocrx_word' id='word_1_135' title='bbox 180 1626 319 1701; x_wconf 80' lang='lat' dir='ltr'>legatum,</span> <span class='ocrx_word' id='word_1_136' title='bbox 343 1639 433 1699; x_wconf 88' lang='lat' dir='ltr'>quern</span> <span class='ocrx_word' id='word_1_137' title='bbox 447 1625 488 1685; x_wconf 89' lang='lat' dir='ltr'>ad</span> <span class='ocrx_word' id='word_1_138' title='bbox 501 1624 635 1700; x_wconf 83' lang='lat' dir='ltr'>capuam</span> <span class='ocrx_word' id='word_1_139' title='bbox 649 1625 806 1700; x_wconf 88' lang='lat' dir='ltr'>habuerat,</span> <span class='ocrx_word' id='word_1_140' title='bbox 828 1627 860 1687; x_wconf 92' lang='lat' dir='ltr'>iu</span> <span class='ocrx_word' id='word_1_141' title='bbox 871 1626 1022 1686; x_wconf 81' lang='lat' dir='ltr'>Etruriam</span> <span class='ocrx_word' id='word_1_142' title='bbox 1036 1624 1165 1702; x_wconf 90' lang='lat' dir='ltr'>provin-</span> 
     </span>
    </p>
   </div>
   <div class='ocr_carea' id='block_1_4' title="bbox 55 1707 1164 1787">
    <p class='ocr_par' dir='ltr' id='par_1_4' title="bbox 55 1707 1164 1787">
     <span class='ocr_line' id='line_1_18' title="bbox 55 1707 1164 1787; baseline -0.001 -17"><span class='ocrx_word' id='word_1_143' title='bbox 55 1752 59 1757; x_wconf 74' lang='lat'><strong>·</strong></span> <span class='ocrx_word' id='word_1_144' title='bbox 178 1709 258 1770; x_wconf 86' lang='lat' dir='ltr'>cium</span> <span class='ocrx_word' id='word_1_145' title='bbox 278 1707 318 1767; x_wconf 90' lang='lat' dir='ltr'>ad</span> <span class='ocrx_word' id='word_1_146' title='bbox 339 1707 505 1770; x_wconf 88' lang='lat' dir='ltr'>exercitum</span> <span class='ocrx_word' id='word_1_147' title='bbox 520 1709 601 1770; x_wconf 85' lang='lat' dir='ltr'>misit</span> <span class='ocrx_word' id='word_1_148' title='bbox 620 1711 651 1770; x_wconf 93' lang='lat' dir='ltr'>in</span> <span class='ocrx_word' id='word_1_149' title='bbox 665 1711 768 1771; x_wconf 87' lang='lat' dir='ltr'>locum</span> <span class='ocrx_word' id='word_1_150' title='bbox 782 1709 815 1771; x_wconf 83' lang='lat' dir='ltr'>G.</span> <span class='ocrx_word' id='word_1_151' title='bbox 830 1709 983 1787; x_wconf 83' lang='lat' dir='ltr'>calpurnii</span> <span class='ocrx_word' id='word_1_152' title='bbox 998 1709 1164 1787; x_wconf 85' lang='lat' dir='ltr'>praetoris,</span> 
     </span>
    </p>
   </div>
   <div class='ocr_carea' id='block_1_5' title="bbox 178 1791 1164 3555">
    <p class='ocr_par' dir='ltr' id='par_1_5' title="bbox 178 1791 1164 3555">
     <span class='ocr_line' id='line_1_19' title="bbox 180 1791 1164 1871; baseline -0.002 -16"><span class='ocrx_word' id='word_1_153' title='bbox 180 1807 287 1869; x_wconf 90' lang='lat' dir='ltr'>quem,</span> <span class='ocrx_word' id='word_1_154' title='bbox 307 1800 342 1853; x_wconf 87' lang='lat' dir='ltr'>ut</span> <span class='ocrx_word' id='word_1_155' title='bbox 356 1791 478 1869; x_wconf 80' lang='lat' dir='ltr'>Capuae</span> <span class='ocrx_word' id='word_1_156' title='bbox 492 1795 701 1870; x_wconf 88' lang='lat' dir='ltr'>exercituique</span> <span class='ocrx_word' id='word_1_157' title='bbox 715 1808 773 1855; x_wconf 90' lang='lat' dir='ltr'>suo</span> <span class='ocrx_word' id='word_1_158' title='bbox 787 1801 962 1871; x_wconf 84' lang='lat' dir='ltr'>praeesset,</span> <span class='ocrx_word' id='word_1_159' title='bbox 986 1794 1100 1855; x_wconf 88' lang='lat' dir='ltr'>litteris</span> <span class='ocrx_word' id='word_1_160' title='bbox 1116 1809 1164 1854; x_wconf 83' lang='lat' dir='ltr'>ex·</span> 
     </span>
     <span class='ocr_line' id='line_1_20' title="bbox 180 1876 1162 1955; baseline 0 -17"><span class='ocrx_word' id='word_1_161' title='bbox 180 1876 260 1938; x_wconf 89' lang='lat' dir='ltr'>civit.</span> <span class='ocrx_word' id='word_1_162' title='bbox 291 1876 360 1953; x_wconf 87' lang='lat' dir='ltr'>ipse</span> <span class='ocrx_word' id='word_1_163' title='bbox 380 1877 502 1939; x_wconf 89' lang='lat' dir='ltr'>comitia</span> <span class='ocrx_word' id='word_1_164' title='bbox 516 1878 548 1939; x_wconf 91' lang='lat' dir='ltr'>iu</span> <span class='ocrx_word' id='word_1_165' title='bbox 570 1894 661 1954; x_wconf 89' lang='lat' dir='ltr'>quem</span> <span class='ocrx_word' id='word_1_166' title='bbox 675 1878 756 1940; x_wconf 88' lang='lat' dir='ltr'>diem</span> <span class='ocrx_word' id='word_1_167' title='bbox 777 1880 908 1954; x_wconf 90' lang='lat' dir='ltr'>primum</span> <span class='ocrx_word' id='word_1_168' title='bbox 928 1879 1030 1955; x_wconf 90' lang='lat' dir='ltr'>potuit</span> <span class='ocrx_word' id='word_1_169' title='bbox 1051 1877 1162 1947; x_wconf 85' lang='lat' dir='ltr'>edixit;</span> 
     </span>
     <span class='ocr_line' id='line_1_21' title="bbox 180 1961 1161 2040; baseline -0.004 -16"><span class='ocrx_word' id='word_1_170' title='bbox 180 1967 261 2039; x_wconf 80' lang='lat' dir='ltr'>quoe</span> <span class='ocrx_word' id='word_1_171' title='bbox 274 1961 438 2023; x_wconf 85' lang='lat' dir='ltr'>certamine</span> <span class='ocrx_word' id='word_1_172' title='bbox 458 1961 536 2024; x_wconf 88' lang='lat' dir='ltr'>iuter</span> <span class='ocrx_word' id='word_1_173' title='bbox 549 1962 687 2024; x_wconf 86' lang='lat' dir='ltr'>tribunos</span> <span class='ocrx_word' id='word_1_174' title='bbox 702 1962 945 2040; x_wconf 87' lang='lat' dir='ltr'>dictatoremque</span> <span class='ocrx_word' id='word_1_175' title='bbox 965 1963 1083 2024; x_wconf 89' lang='lat' dir='ltr'>inlecto</span> <span class='ocrx_word' id='word_1_176' title='bbox 1100 1977 1161 2038; x_wconf 91' lang='lat' dir='ltr'>per·</span> 
     </span>
     <span class='ocr_line' id='line_1_22' title="bbox 178 2045 1164 2124; baseline -0.004 -16"><span class='ocrx_word' id='word_1_177' title='bbox 178 2045 228 2108; x_wconf 87' lang='lat' dir='ltr'>liei</span> <span class='ocrx_word' id='word_1_178' title='bbox 243 2060 305 2107; x_wconf 91' lang='lat' dir='ltr'>non</span> <span class='ocrx_word' id='word_1_179' title='bbox 319 2053 493 2121; x_wconf 88' lang='lat' dir='ltr'>potuerunt.</span> <span class='ocrx_word' id='word_1_180' title='bbox 526 2046 646 2107; x_wconf 86' lang='lat' dir='ltr'>Galeria</span> <span class='ocrx_word' id='word_1_181' title='bbox 660 2047 819 2121; x_wconf 91' lang='lat' dir='ltr'>iuniorum,</span> <span class='ocrx_word' id='word_1_182' title='bbox 843 2062 923 2124; x_wconf 86' lang='lat' dir='ltr'>quae</span> <span class='ocrx_word' id='word_1_183' title='bbox 938 2055 1023 2108; x_wconf 89' lang='lat' dir='ltr'>sorte</span> <span class='ocrx_word' id='word_1_184' title='bbox 1037 2060 1164 2124; x_wconf 86' lang='lat' dir='ltr'>praero-</span> 
     </span>
     <span class='ocr_line' id='line_1_23' title="bbox 179 2130 1163 2206; baseline -0.001 -15"><span class='ocrx_word' id='word_1_185' title='bbox 179 2131 282 2206; x_wconf 79' lang='lat' dir='ltr'>gativa</span> <span class='ocrx_word' id='word_1_186' title='bbox 303 2136 382 2205; x_wconf 89' lang='lat' dir='ltr'>erat,</span> <span class='ocrx_word' id='word_1_187' title='bbox 405 2130 439 2206; x_wconf 78' lang='lat' dir='ltr'>Q.</span> <span class='ocrx_word' id='word_1_188' title='bbox 453 2130 592 2194; x_wconf 85' lang='lat' dir='ltr'>Fulvium</span> <span class='ocrx_word' id='word_1_189' title='bbox 613 2138 644 2193; x_wconf 88' lang='lat' dir='ltr'>ct</span> <span class='ocrx_word' id='word_1_190' title='bbox 658 2131 692 2206; x_wconf 81' lang='lat' dir='ltr'>Q.</span> <span class='ocrx_word' id='word_1_191' title='bbox 706 2130 834 2194; x_wconf 84' lang='lat' dir='ltr'>Fabium</span> <span class='ocrx_word' id='word_1_192' title='bbox 851 2132 996 2194; x_wconf 87' lang='lat' dir='ltr'>consules</span> <span class='ocrx_word' id='word_1_193' title='bbox 1013 2131 1163 2203; x_wconf 80' lang='lat' dir='ltr'>dixerant,</span> 
     </span>
     <span class='ocr_line' id='line_1_24' title="bbox 179 2213 1162 2292; baseline -0.002 -18"><span class='ocrx_word' id='word_1_194' title='bbox 179 2215 352 2292; x_wconf 88' lang='lat' dir='ltr'>eodemque</span> <span class='ocrx_word' id='word_1_195' title='bbox 373 2215 437 2277; x_wconf 84' lang='lat' dir='ltr'>nne</span> <span class='ocrx_word' id='word_1_196' title='bbox 452 2223 581 2277; x_wconf 88' lang='lat' dir='ltr'>voculae</span> <span class='ocrx_word' id='word_1_197' title='bbox 601 2216 816 2290; x_wconf 88' lang='lat' dir='ltr'>inclinassent,</span> <span class='ocrx_word' id='word_1_198' title='bbox 836 2217 868 2276; x_wconf 93' lang='lat' dir='ltr'>ni</span> <span class='ocrx_word' id='word_1_199' title='bbox 882 2231 920 2276; x_wconf 91' lang='lat' dir='ltr'>se</span> <span class='ocrx_word' id='word_1_200' title='bbox 934 2215 1048 2278; x_wconf 80' lang='lat' dir='ltr'>tribum</span> <span class='ocrx_word' id='word_1_201' title='bbox 1064 2213 1162 2291; x_wconf 90' lang='lat' dir='ltr'>plebis</span> 
     </span>
     <span class='ocr_line' id='line_1_25' title="bbox 180 2297 1162 2376; baseline -0.003 -17"><span class='ocrx_word' id='word_1_202' title='bbox 180 2297 212 2359; x_wconf 84' lang='lat' dir='ltr'>c.</span> <span class='ocrx_word' id='word_1_203' title='bbox 233 2304 264 2359; x_wconf 90' lang='lat' dir='ltr'>et</span> <span class='ocrx_word' id='word_1_204' title='bbox 275 2299 309 2360; x_wconf 89' lang='lat' dir='ltr'>L.</span> <span class='ocrx_word' id='word_1_205' title='bbox 324 2299 444 2360; x_wconf 80' lang='lat' dir='ltr'>Arrenii</span> <span class='ocrx_word' id='word_1_206' title='bbox 465 2299 736 2376; x_wconf 88' lang='lat' dir='ltr'>interposuissent,</span> <span class='ocrx_word' id='word_1_207' title='bbox 759 2298 812 2376; x_wconf 90' lang='lat' dir='ltr'>qui</span> <span class='ocrx_word' id='word_1_208' title='bbox 833 2314 935 2376; x_wconf 87' lang='lat' dir='ltr'>neque</span> <span class='ocrx_word' id='word_1_209' title='bbox 951 2300 1162 2376; x_wconf 80' lang='lat' dir='ltr'>magistratum</span> 
     </span>
     <span class='ocr_line' id='line_1_26' title="bbox 180 2382 1162 2458; baseline -0.001 -16"><span class='ocrx_word' id='word_1_210' title='bbox 180 2382 349 2443; x_wconf 86' lang='lat' dir='ltr'>continuari</span> <span class='ocrx_word' id='word_1_211' title='bbox 373 2384 449 2444; x_wconf 84' lang='lat' dir='ltr'>sutis</span> <span class='ocrx_word' id='word_1_212' title='bbox 470 2383 560 2445; x_wconf 89' lang='lat' dir='ltr'>civile</span> <span class='ocrx_word' id='word_1_213' title='bbox 585 2399 657 2446; x_wconf 90' lang='lat' dir='ltr'>esse</span> <span class='ocrx_word' id='word_1_214' title='bbox 678 2384 815 2458; x_wconf 84' lang='lat' dir='ltr'>aiebant,</span> <span class='ocrx_word' id='word_1_215' title='bbox 844 2391 875 2445; x_wconf 88' lang='lat' dir='ltr'>ct</span> <span class='ocrx_word' id='word_1_216' title='bbox 895 2385 990 2446; x_wconf 89' lang='lat' dir='ltr'>multo</span> <span class='ocrx_word' id='word_1_217' title='bbox 1013 2383 1162 2445; x_wconf 80' lang='lat' dir='ltr'>foedioris</span> 
     </span>
     <span class='ocr_line' id='line_1_27' title="bbox 179 2467 1161 2545; baseline -0.001 -19"><span class='ocrx_word' id='word_1_218' title='bbox 179 2467 311 2543; x_wconf 86' lang='lat' dir='ltr'>exempli</span> <span class='ocrx_word' id='word_1_219' title='bbox 331 2482 401 2528; x_wconf 91' lang='lat' dir='ltr'>eum</span> <span class='ocrx_word' id='word_1_220' title='bbox 414 2467 516 2544; x_wconf 88' lang='lat' dir='ltr'>ipsum</span> <span class='ocrx_word' id='word_1_221' title='bbox 532 2469 629 2529; x_wconf 89' lang='lat' dir='ltr'>creari</span> <span class='ocrx_word' id='word_1_222' title='bbox 644 2469 696 2545; x_wconf 91' lang='lat' dir='ltr'>qai</span> <span class='ocrx_word' id='word_1_223' title='bbox 711 2470 833 2531; x_wconf 84' lang='lat' dir='ltr'>comitia</span> <span class='ocrx_word' id='word_1_224' title='bbox 847 2468 983 2530; x_wconf 86' lang='lat' dir='ltr'>haberet.</span> <span class='ocrx_word' id='word_1_225' title='bbox 1017 2469 1126 2544; x_wconf 89' lang='lat' dir='ltr'>itaquo</span> <span class='ocrx_word' id='word_1_226' title='bbox 1139 2467 1161 2527; x_wconf 92' lang='lat' dir='ltr'>si</span> 
     </span>
     <span class='ocr_line' id='line_1_28' title="bbox 179 2552 1162 2629; baseline 0.001 -19"><span class='ocrx_word' id='word_1_227' title='bbox 179 2567 268 2612; x_wconf 88' lang='lat' dir='ltr'>suum</span> <span class='ocrx_word' id='word_1_228' title='bbox 282 2566 394 2612; x_wconf 85' lang='lat' dir='ltr'>nomen</span> <span class='ocrx_word' id='word_1_229' title='bbox 406 2552 536 2613; x_wconf 82' lang='lat' dir='ltr'>dictator</span> <span class='ocrx_word' id='word_1_230' title='bbox 548 2553 709 2629; x_wconf 83' lang='lat' dir='ltr'>acciperet,</span> <span class='ocrx_word' id='word_1_231' title='bbox 726 2568 761 2614; x_wconf 92' lang='lat' dir='ltr'>se</span> <span class='ocrx_word' id='word_1_232' title='bbox 776 2553 905 2615; x_wconf 88' lang='lat' dir='ltr'>comitiis</span> <span class='ocrx_word' id='word_1_233' title='bbox 920 2553 1162 2614; x_wconf 88' lang='lat' dir='ltr'>intercessuros:</span> 
     </span>
     <span class='ocr_line' id='line_1_29' title="bbox 180 2633 1161 2714; baseline 0.001 -20"><span class='ocrx_word' id='word_1_234' title='bbox 180 2633 206 2694; x_wconf 91' lang='lat' dir='ltr'>si</span> <span class='ocrx_word' id='word_1_235' title='bbox 221 2635 350 2696; x_wconf 90' lang='lat' dir='ltr'>aliorum</span> <span class='ocrx_word' id='word_1_236' title='bbox 361 2641 575 2712; x_wconf 83' lang='lat' dir='ltr'>praeterquam</span> <span class='ocrx_word' id='word_1_237' title='bbox 590 2636 688 2714; x_wconf 89' lang='lat' dir='ltr'>ipsius</span> <span class='ocrx_word' id='word_1_238' title='bbox 701 2637 779 2699; x_wconf 85' lang='lat' dir='ltr'>ratio</span> <span class='ocrx_word' id='word_1_239' title='bbox 794 2637 966 2714; x_wconf 85' lang='lat' dir='ltr'>haberetur,</span> <span class='ocrx_word' id='word_1_240' title='bbox 982 2636 1117 2700; x_wconf 89' lang='lat' dir='ltr'>comitiis</span> <span class='ocrx_word' id='word_1_241' title='bbox 1131 2650 1161 2696; x_wconf 89' lang='lat' dir='ltr'>se</span> 
     </span>
     <span class='ocr_line' id='line_1_30' title="bbox 179 2719 1161 2784; baseline 0.004 -7"><span class='ocrx_word' id='word_1_242' title='bbox 179 2733 295 2779; x_wconf 89' lang='lat' dir='ltr'>moram</span> <span class='ocrx_word' id='word_1_243' title='bbox 315 2719 503 2780; x_wconf 83' lang='lat' dir='ltr'>nonfacere.</span> <span class='ocrx_word' id='word_1_244' title='bbox 537 2721 667 2782; x_wconf 69' lang='lat' dir='ltr'>metator</span> <span class='ocrx_word' id='word_1_245' title='bbox 680 2737 805 2784; x_wconf 85' lang='lat' dir='ltr'>causam</span> <span class='ocrx_word' id='word_1_246' title='bbox 821 2721 1011 2784; x_wconf 89' lang='lat' dir='ltr'>comitiorum</span> <span class='ocrx_word' id='word_1_247' title='bbox 1032 2719 1161 2783; x_wconf 89' lang='lat' dir='ltr'>auctori·</span> 
     </span>
     <span class='ocr_line' id='line_1_31' title="bbox 179 2803 1160 2882; baseline -0.001 -20"><span class='ocrx_word' id='word_1_248' title='bbox 179 2808 240 2863; x_wconf 88' lang='lat' dir='ltr'>tate</span> <span class='ocrx_word' id='word_1_249' title='bbox 254 2810 389 2877; x_wconf 89' lang='lat' dir='ltr'>senatus,</span> <span class='ocrx_word' id='word_1_250' title='bbox 403 2803 503 2879; x_wconf 88' lang='lat' dir='ltr'>plebis</span> <span class='ocrx_word' id='word_1_251' title='bbox 518 2805 605 2879; x_wconf 87' lang='lat' dir='ltr'>scito,</span> <span class='ocrx_word' id='word_1_252' title='bbox 621 2808 772 2882; x_wconf 86' lang='lat' dir='ltr'>exemplis</span> <span class='ocrx_word' id='word_1_253' title='bbox 782 2805 943 2868; x_wconf 84' lang='lat' dir='ltr'>tutabatur.</span> <span class='ocrx_word' id='word_1_254' title='bbox 963 2821 1100 2881; x_wconf 90' lang='lat' dir='ltr'>namque</span> <span class='ocrx_word' id='word_1_255' title='bbox 1111 2803 1160 2864; x_wconf 87' lang='lat' dir='ltr'>cu.</span> 
     </span>
     <span class='ocr_line' id='line_1_32' title="bbox 179 2885 1159 2964; baseline 0 -16"><span class='ocrx_word' id='word_1_256' title='bbox 179 2885 310 2948; x_wconf 86' lang='lat' dir='ltr'>Servilio</span> <span class='ocrx_word' id='word_1_257' title='bbox 326 2887 462 2964; x_wconf 89' lang='lat' dir='ltr'>consule,</span> <span class='ocrx_word' id='word_1_258' title='bbox 485 2904 554 2950; x_wconf 87' lang='lat' dir='ltr'>curn</span> <span class='ocrx_word' id='word_1_259' title='bbox 569 2889 772 2952; x_wconf 83' lang='lat' dir='ltr'>C.Flaminius</span> <span class='ocrx_word' id='word_1_260' title='bbox 787 2892 863 2951; x_wconf 87' lang='lat' dir='ltr'>alter</span> <span class='ocrx_word' id='word_1_261' title='bbox 877 2890 987 2952; x_wconf 89' lang='lat' dir='ltr'>consul</span> <span class='ocrx_word' id='word_1_262' title='bbox 1000 2891 1040 2951; x_wconf 88' lang='lat' dir='ltr'>ad</span> <span class='ocrx_word' id='word_1_263' title='bbox 1052 2890 1159 2949; x_wconf 86' lang='lat' dir='ltr'>Trasu-</span> 
     </span>
     <span class='ocr_line' id='line_1_33' title="bbox 179 2971 1160 3051; baseline -0.001 -21"><span class='ocrx_word' id='word_1_264' title='bbox 179 2985 322 3032; x_wconf 88' lang='lat' dir='ltr'>mennum</span> <span class='ocrx_word' id='word_1_265' title='bbox 342 2971 520 3048; x_wconf 89' lang='lat' dir='ltr'>cecidisset,</span> <span class='ocrx_word' id='word_1_266' title='bbox 542 2990 582 3034; x_wconf 83' lang='lat' dir='ltr'>ex</span> <span class='ocrx_word' id='word_1_267' title='bbox 596 2974 774 3036; x_wconf 83' lang='lat' dir='ltr'>auctoritate</span> <span class='ocrx_word' id='word_1_268' title='bbox 789 2981 908 3051; x_wconf 76' lang='lat' dir='ltr'>panum</span> <span class='ocrx_word' id='word_1_269' title='bbox 925 2974 967 3035; x_wconf 87' lang='lat' dir='ltr'>ad</span> <span class='ocrx_word' id='word_1_270' title='bbox 981 2975 1105 3050; x_wconf 89' lang='lat' dir='ltr'>plebem</span> <span class='ocrx_word' id='word_1_271' title='bbox 1119 2973 1160 3030; x_wconf 85' lang='lat' dir='ltr'>la·</span> 
     </span>
     <span class='ocr_line' id='line_1_34' title="bbox 179 3055 1158 3135; baseline 0.001 -20"><span class='ocrx_word' id='word_1_272' title='bbox 179 3063 251 3131; x_wconf 91' lang='lat' dir='ltr'>tum,</span> <span class='ocrx_word' id='word_1_273' title='bbox 273 3055 457 3132; x_wconf 86' lang='lat' dir='ltr'>plebemque</span> <span class='ocrx_word' id='word_1_274' title='bbox 471 3058 611 3134; x_wconf 89' lang='lat' dir='ltr'>scivisse,</span> <span class='ocrx_word' id='word_1_275' title='bbox 634 3065 666 3119; x_wconf 94' lang='lat' dir='ltr'>ut</span> <span class='ocrx_word' id='word_1_276' title='bbox 676 3058 781 3135; x_wconf 88' lang='lat' dir='ltr'>quoad</span> <span class='ocrx_word' id='word_1_277' title='bbox 796 3058 907 3120; x_wconf 84' lang='lat' dir='ltr'>bellurn</span> <span class='ocrx_word' id='word_1_278' title='bbox 922 3059 952 3119; x_wconf 94' lang='lat' dir='ltr'>in</span> <span class='ocrx_word' id='word_1_279' title='bbox 968 3059 1054 3120; x_wconf 88' lang='lat' dir='ltr'>Italia</span> <span class='ocrx_word' id='word_1_280' title='bbox 1068 3061 1158 3126; x_wconf 82' lang='lat' dir='ltr'>esset</span> 
     </span>
     <span class='ocr_line' id='line_1_35' title="bbox 179 3139 1158 3220; baseline -0.001 -22"><span class='ocrx_word' id='word_1_281' title='bbox 179 3155 218 3198; x_wconf 88' lang='lat' dir='ltr'>ex</span> <span class='ocrx_word' id='word_1_282' title='bbox 232 3139 280 3216; x_wconf 89' lang='lat' dir='ltr'>iis,</span> <span class='ocrx_word' id='word_1_283' title='bbox 302 3141 355 3218; x_wconf 92' lang='lat' dir='ltr'>qui</span> <span class='ocrx_word' id='word_1_284' title='bbox 370 3143 513 3204; x_wconf 87' lang='lat' dir='ltr'>consules</span> <span class='ocrx_word' id='word_1_285' title='bbox 528 3143 666 3218; x_wconf 71' lang='lat' dir='ltr'>inissent</span> <span class='ocrx_word' id='word_1_286' title='bbox 689 3158 769 3220; x_wconf 90' lang='lat' dir='ltr'>quos</span> <span class='ocrx_word' id='word_1_287' title='bbox 783 3149 815 3204; x_wconf 91' lang='lat' dir='ltr'>et</span> <span class='ocrx_word' id='word_1_288' title='bbox 830 3143 972 3219; x_wconf 88' lang='lat' dir='ltr'>quotiens</span> <span class='ocrx_word' id='word_1_289' title='bbox 988 3143 1093 3218; x_wconf 89' lang='lat' dir='ltr'>vellet,</span> <span class='ocrx_word' id='word_1_290' title='bbox 1114 3154 1158 3198; x_wconf 90' lang='lat' dir='ltr'>re-</span> 
     </span>
     <span class='ocr_line' id='line_1_36' title="bbox 179 3223 1158 3304; baseline -0.004 -18"><span class='ocrx_word' id='word_1_291' title='bbox 179 3223 302 3286; x_wconf 87' lang='lat' dir='ltr'>liciendi</span> <span class='ocrx_word' id='word_1_292' title='bbox 316 3227 460 3288; x_wconf 90' lang='lat' dir='ltr'>consules</span> <span class='ocrx_word' id='word_1_293' title='bbox 475 3228 591 3304; x_wconf 90' lang='lat' dir='ltr'>populo</span> <span class='ocrx_word' id='word_1_294' title='bbox 605 3227 653 3288; x_wconf 92' lang='lat' dir='ltr'>ius</span> <span class='ocrx_word' id='word_1_295' title='bbox 669 3234 763 3288; x_wconf 86' lang='lat' dir='ltr'>esset.</span> <span class='ocrx_word' id='word_1_296' title='bbox 795 3228 1032 3304; x_wconf 89' lang='lat' dir='ltr'>exemplumque</span> <span class='ocrx_word' id='word_1_297' title='bbox 1046 3227 1077 3287; x_wconf 92' lang='lat' dir='ltr'>iu</span> <span class='ocrx_word' id='word_1_298' title='bbox 1092 3239 1158 3286; x_wconf 83' lang='lat' dir='ltr'>earu</span> 
     </span>
     <span class='ocr_line' id='line_1_37' title="bbox 179 3306 1156 3388; baseline -0.003 -20"><span class='ocrx_word' id='word_1_299' title='bbox 179 3324 242 3369; x_wconf 88' lang='lat' dir='ltr'>rem</span> <span class='ocrx_word' id='word_1_300' title='bbox 257 3325 293 3369; x_wconf 89' lang='lat' dir='ltr'>se</span> <span class='ocrx_word' id='word_1_301' title='bbox 314 3308 427 3371; x_wconf 84' lang='lat' dir='ltr'>habere</span> <span class='ocrx_word' id='word_1_302' title='bbox 440 3318 530 3373; x_wconf 91' lang='lat' dir='ltr'>vetus</span> <span class='ocrx_word' id='word_1_303' title='bbox 544 3311 577 3370; x_wconf 87' lang='lat' dir='ltr'>L.</span> <span class='ocrx_word' id='word_1_304' title='bbox 592 3310 738 3372; x_wconf 85' lang='lat' dir='ltr'>Postumii</span> <span class='ocrx_word' id='word_1_305' title='bbox 752 3311 883 3387; x_wconf 79' lang='lat' dir='ltr'>Megelli,</span> <span class='ocrx_word' id='word_1_306' title='bbox 907 3310 960 3388; x_wconf 89' lang='lat' dir='ltr'>qui</span> <span class='ocrx_word' id='word_1_307' title='bbox 974 3311 1109 3372; x_wconf 82' lang='lat' dir='ltr'>interrex</span> <span class='ocrx_word' id='word_1_308' title='bbox 1122 3306 1156 3367; x_wconf 92' lang='lat' dir='ltr'>iis</span> 
     </span>
     <span class='ocr_line' id='line_1_38' title="bbox 180 3391 1144 3471; baseline 0.002 -21"><span class='ocrx_word' id='word_1_309' title='bbox 180 3391 323 3467; x_wconf 78' lang='lat' dir='ltr'>cornuis,</span> <span class='ocrx_word' id='word_1_310' title='bbox 347 3410 427 3468; x_wconf 86' lang='lat' dir='ltr'>quae</span> <span class='ocrx_word' id='word_1_311' title='bbox 447 3394 517 3471; x_wconf 90' lang='lat' dir='ltr'>ipse</span> <span class='ocrx_word' id='word_1_312' title='bbox 536 3393 710 3469; x_wconf 86' lang='lat' dir='ltr'>habuisset,</span> <span class='ocrx_word' id='word_1_313' title='bbox 733 3395 841 3457; x_wconf 87' lang='lat' dir='ltr'>consul</span> <span class='ocrx_word' id='word_1_314' title='bbox 861 3409 931 3458; x_wconf 90' lang='lat' dir='ltr'>cum</span> <span class='ocrx_word' id='word_1_315' title='bbox 949 3391 1144 3458; x_wconf 82' lang='lat' dir='ltr'>c.1uuioBu</span> 
     </span>
     <span class='ocr_line' id='line_1_39' title="bbox 180 3473 1146 3555; baseline 0.007 -24"><span class='ocrx_word' id='word_1_316' title='bbox 180 3473 270 3534; x_wconf 90' lang='lat' dir='ltr'>bulco</span> <span class='ocrx_word' id='word_1_317' title='bbox 286 3481 407 3540; x_wconf 86' lang='lat' dir='ltr'>creatus</span> <span class='ocrx_word' id='word_1_318' title='bbox 428 3485 527 3548; x_wconf 63' lang='lat' dir='ltr'>essen</span> <span class='ocrx_word' id='word_1_319' title='bbox 551 3477 820 3555; x_wconf 55' lang='lat' dir='ltr'>ressuscitabit,</span> <span class='ocrx_word' id='word_1_320' title='bbox 843 3477 896 3555; x_wconf 92' lang='lat' dir='ltr'>qui</span> <span class='ocrx_word' id='word_1_321' title='bbox 910 3477 970 3540; x_wconf 88' lang='lat' dir='ltr'>sibi</span> <span class='ocrx_word' id='word_1_322' title='bbox 991 3478 1146 3540; x_wconf 80' lang='lat' dir='ltr'>continuet</span> 
     </span>
    </p>
   </div>
   <div class='ocr_carea' id='block_1_6' title="bbox 0 0 1218 3892">
    <p class='ocr_par' dir='ltr' id='par_1_6' title="bbox 0 0 1218 3892">
     <span class='ocr_line' id='line_1_40' title="bbox 0 0 1218 3892; baseline 0 0"><span class='ocrx_word' id='word_1_323' title='bbox 0 0 1218 3892; x_wconf 95' lang='lat' dir='ltr'> </span> 
     </span>
    </p>
   </div>
  </div>
 </body>
</html>
