2448 3900
189 239 252 306 ³24
383 240 498 302 LIBER
510 239 600 302 XXX.
620 239 703 302 CAP.
714 247 741 302 b.
752 247 779 302 3.
796 245 832 313 [a.
846 244 880 299 U.
893 264 917 298 c.
930 246 995 313 ⁵49]

189 395 350 472 amplexus
374 400 436 464 cst;
469 393 613 456 circulum
634 392 747 454 deinde
767 387 870 468 ipsum
884 392 982 453 maior
999 391 1084 452 solis
1102 393 1184 454 orbis

189 479 380 542 extrinsecus
401 477 532 540 inclusit
565 477 675 553 Arpini
695 483 778 538 terra
800 477 964 553 campestri
985 491 1069 552 agro
1095 476 1129 536 in
1144 478 1184 536 in-

188 571 309 640 gentem
324 563 424 622 sinum
440 561 589 624 consedit„
619 559 780 624 consulum
795 560 881 622 alteri
897 560 1033 636 primam
1047 560 1184 620 hostiam

187 646 353 708 immolanti
375 653 467 721 caput
487 645 631 708 iocineris
653 645 758 706 deluit.
792 661 830 706 ea
844 643 988 722 prodigia
1007 644 1183 705 maioribus

187 730 297 792 hostiis
318 739 496 806 procuratu
519 729 592 790 editi
606 745 626 788 a
640 728 770 804 collegio
791 729 972 805 pontificum
995 729 1049 789 dei
1069 729 1182 803 quibus

188 814 422 875 sacrificaretur.

270 897 321 957 lll.
343 897 398 959 ilis
420 899 582 959 transactis
604 899 749 959 consules
765 903 988 972 praetoresque
1003 896 1036 954 in
1053 895 1182 972 provin-

188 982 252 1042 cias
267 981 406 1057 proiecti.
438 981 580 1043 omnibus
595 989 710 1054 tamen,
725 982 810 1042 velut
821 997 889 1041 eam
904 979 1034 1055 sortitis,
1051 980 1181 1040 Airicac

188 1081 263 1125 curu
277 1073 350 1140 erat,
369 1081 426 1127 seu
441 1066 513 1142 quia
527 1065 568 1125 ibi
582 1081 732 1127 summam
746 1081 849 1126 rerum
863 1064 1000 1142 bellique
1015 1064 1104 1125 verti
1120 1079 1180 1123 cer·

187 1148 308 1224 nebant,
325 1166 382 1211 seu
392 1158 426 1210 ut
436 1149 574 1226 Scipioni
586 1149 837 1224 medicarentur,
852 1148 882 1208 in
895 1157 1068 1225 quamtum
1082 1149 1179 1210 omnis

186 1248 278 1294 versa
294 1233 400 1296 civitas
423 1240 496 1294 erat.
532 1234 637 1310 itnque
651 1250 712 1295 non
727 1250 767 1294 ex
781 1232 922 1294 Sardinia
936 1239 1079 1308 mnium,
1103 1233 1180 1293 sicut

187 1323 257 1377 ante
272 1317 385 1380 dictum
400 1327 463 1392 est,
485 1316 542 1378 sed
556 1332 595 1377 ex
611 1317 714 1378 Sicilia
730 1333 854 1393 quoque
868 1323 899 1378 et
912 1315 1070 1392 Hispania
1086 1319 1178 1377 vesti·

187 1409 289 1462 menta
308 1404 567 1478 frumentumque,
589 1410 620 1462 et
639 1418 724 1462 arma
743 1401 834 1463 etiam
855 1417 895 1462 ex
909 1399 1017 1462 Sicilia
1037 1410 1074 1462 et
1089 1417 1179 1461 omne

187 1501 285 1560 genus
307 1494 494 1548 commeatus
516 1501 554 1546 eo
575 1487 784 1561 portabantur.
817 1500 875 1546 nec
890 1484 996 1560 Scipio
1018 1487 1089 1548 ullo
1105 1493 1177 1546 tem—

186 1584 264 1643 pore
282 1567 391 1630 hiemis
410 1569 481 1631 belli
497 1586 592 1645 opera
605 1570 779 1645 remiserat,
802 1585 882 1646 quae
895 1572 991 1630 multa
1007 1571 1107 1632 simul
1121 1589 1174 1631 un-

187 1652 281 1728 dique
306 1669 374 1713 eum
396 1653 648 1715 circumstabanh
671 1653 788 1716 Uticam
811 1653 992 1724 obsidebat;
1016 1664 1126 1716 castra
1148 1656 1173 1714 ir

187 1744 357 1811 conspectu
377 1737 579 1800 Hasdmbalis
604 1744 706 1808 erant;
739 1737 1010 1814 Carthaginienses
1031 1739 1173 1799 deduxe-

186 1828 254 1880 rant
268 1837 378 1892 naves‚
401 1821 534 1882 classem
551 1828 688 1897 paratam
702 1821 945 1897 instructamque
959 1823 999 1882 ad
1017 1839 1173 1884 commea·
1215 1831 1216 1846 ¹

186 1911 234 1964 tus
248 1904 488 1980 intercipiendos
503 1905 668 1967 habebant
689 1907 772 1967 lnter
785 1906 863 1967 haec
878 1922 918 1966 ne
928 1904 1093 1986 Syphacis
1110 1909 1172 1983 qui·

186 1989 256 2049 dem
273 1988 493 2050 reconciliandi
515 2004 617 2050 curam
638 2006 677 2050 ex
698 1991 799 2052 animo
815 1991 953 2064 miserat,
974 1991 1003 2051 si
1017 1991 1103 2053 iorte
1117 1992 1173 2052 iam

185 2073 260 2134 satis
281 2074 395 2135 umoris
415 2073 445 2132 in
466 2089 566 2135 uxore
585 2089 625 2134 ex
645 2075 739 2134 multa
759 2075 850 2150 copia
872 2075 1018 2150 cepisset
1055 2075 1098 2136 ab
1114 2076 1170 2154 Sy·

185 2156 286 2232 phacc
300 2157 398 2233 magis
412 2157 499 2232 pacis
514 2174 583 2218 cum
596 2156 897 2234 Carthaginiensibus
912 2159 1128 2236 condiciones,
1144 2167 1215 2245 ui

183 2241 315 2303 Romani
328 2241 449 2315 Airica,
468 2241 562 2302 Poeni
577 2241 662 2303 ltalia
678 2243 879 2316 excederent,
901 2259 1009 2318 quam,
1033 2244 1064 2304 si
1080 2217 1215 2305 bella-

185 2332 276 2396 retur,
293 2340 368 2400 spes
383 2325 446 2385 ulla
460 2325 647 2387 desciturum
663 2327 869 2388 adserebatur.
887 2326 964 2387 hacc
976 2342 1033 2402 per
1045 2329 1170 2389 nuntios

185 2417 253 2470 acta
267 2409 366 2485 magis
380 2409 522 2484 equidem
538 2411 804 2471 crediderim-et
818 2412 859 2471 ita
870 2427 943 2486 pars
954 2411 1055 2473 maior
1068 2422 1169 2474 aucto·

185 2509 234 2556 res
256 2501 328 2555 sunt
341 2529 383 2538 -
398 2511 490 2570 quam
510 2493 612 2568 ipsum
634 2494 825 2575 Syphacem,
845 2500 880 2554 ut
898 2495 1009 2555 Antias
1024 2496 1167 2557 Valerius
1213 2495 1214 2577 i

184 2579 300 2652 prodit,
322 2578 353 2637 in
369 2585 470 2639 castra
483 2578 622 2639 Romana
642 2579 681 2638 ad
695 2578 884 2654 vcolloquium
900 2581 1034 2639 venisse.
1073 2582 1166 2656 primo

183 2676 237 2721 eas
253 2661 453 2722 condiciones
468 2661 634 2736 imperator
644 2663 802 2725 Romanus
817 2662 869 2724 vix
884 2662 1012 2724 auribus
1028 2665 1165 2733 admista

183 2750 300 2818 postea,
316 2751 350 2803 ut
364 2760 459 2805 causa
469 2745 638 2820 probabilis
650 2748 715 2808 suis
728 2746 920 2807 commeandi
931 2748 1012 2807 louet
1023 2747 1055 2807 in
1070 2757 1164 2809 castra
1212 2801 1213 2826 ,

182 2827 329 2901 hostium,
352 2829 472 2889 mollius
488 2830 595 2891 eadem
610 2832 662 2892 illa
676 2831 811 2892 abnuere
825 2846 862 2890 uc
876 2847 966 2906 spem
980 2833 1089 2892 iacere
1103 2849 1163 2893 sae·
1212 2827 1213 2910 l

182 2912 252 2988 pius
266 2913 344 2972 ultro
360 2911 499 2988 citroque
513 2913 697 2988 agitantibus
712 2931 778 2976 rem
792 2922 1024 2975 conventuram.

265 2995 470 3057 Hibernacula
491 2995 798 3074 Carthaginiensium,
821 3007 970 3074 congesta
989 3006 1109 3062 temere
1128 3010 1162 3062 er¹

181 3081 264 3156 agris
278 3082 405 3142 materia
420 3081 629 3159 exaedificata,
644 3083 745 3158 lignea
759 3083 854 3144 ianne
867 3089 932 3144 tota
946 3091 1043 3146 crant
1065 3085 1158 3146 Numi-

181 3165 239 3226 dae
259 3165 427 3243 praecipue
447 3165 619 3226 harundine
638 3168 731 3228 textis
750 3175 916 3265 storeaque
937 3185 1012 3242 pars
1034 3170 1157 3230 maxima

152 3280 157 3290 ι
180 3249 267 3307 tectis
280 3249 397 3322 passim
412 3249 496 3310 nullo
512 3249 628 3324 ordine,
645 3251 779 3350 quidam,
797 3258 831 3312 ut
846 3252 913 3312 sine
926 3252 1057 3327 imperio
1075 3270 1145 3315 occu

182 3331 260 3399 petis
285 3333 377 3406 locis,
406 3341 492 3392 extra
518 3333 635 3392 iussam
659 3333 749 3395 etiam
757 3319 950 3411 rubumque
975 3335 1148 3398 habitabant

182 3408 258 3469 haec
280 3415 374 3474 relata
399 3414 536 3490 Scipioni
560 3417 648 3490 sperh
675 3416 811 3477 fecerant
831 3423 932 3479 castra
952 3419 1089 3481 hostium
1107 3437 1155 3496 per

182 3493 374 3553 occasionem
396 3497 589 3560 incendendi.
627 3497 678 3559 Ν.
700 3515 768 3560 cum
788 3501 913 3577 legatis,
936 3519 1016 3577 quos
1035 3504 1155 3565 mitteret
