2428 3892
232 243 348 306 Ltssbtt
363 243 468 304 xxvt.
492 244 575 304 cAP.
591 251 634 308 m.
647 252 691 307 os.
716 250 752 318 [a.
769 251 801 303 c.
817 251 880 318 ato]
979 247 1039 314 tas

49 407 81 461 ut
94 398 158 460 sibi
172 399 301 462 Romam
313 397 355 459 ad
369 404 509 460 senatum
524 397 568 457 ire
583 397 689 458 liceret
707 406 841 475 oratum,
864 400 891 461 si
907 417 970 478 qua
984 402 1040 463 mi·

47 483 223 544 sericordia
238 482 360 542 tandem
374 480 456 542 flecti
471 488 610 556 possent,
625 497 664 542 ue
680 498 714 543 se
728 485 768 545 ad
783 484 920 546 ultimum
937 486 1039 562 perdi·

47 574 111 628 tum
137 567 235 648 irent,
264 581 439 641 nomenque
465 565 690 641 Campanorum
710 583 730 627 a
750 566 783 642 0.
805 568 916 631 Flacco
943 570 1038 631 deleri

47 652 197 713 sinerent.
220 651 348 712 Flaccus
364 650 423 711 sibi
437 651 588 726 privatam
600 648 862 714 simultatemcum
874 652 1038 730 Campanis

46 751 166 811 negare
181 737 274 796 ullum
288 750 376 807 esse;
400 733 540 810 publicas
554 734 726 796 inimicitias
741 735 869 799 hostiles
885 745 915 799 ct
925 753 997 800 esse
1010 747 1039 799 et

48 821 189 892 futuras,
213 820 319 895 quoad
340 835 378 880 eo
400 819 501 880 animo
522 834 595 880 esse
615 834 690 896 erga
705 822 853 896 populum
866 823 1037 884 Romanum

46 905 151 965 sciret.
173 905 287 964 nullam
302 903 427 966 enimin
442 902 530 964 terris
544 908 666 979 gentem
677 919 758 981 esse,
774 907 890 966 nullum
900 907 1037 968 infestio-

47 1005 111 1049 rem
128 989 280 1064 populum
294 987 408 1050 nomini
421 988 569 1049 Romano.
591 987 662 1049 ideo
676 1003 712 1050 se
723 989 884 1053 moenibus
900 990 1037 1054 inclusos

47 1079 153 1134 tenere
169 1088 240 1146 eos,
258 1073 345 1148 quia,
363 1074 390 1134 si
405 1071 457 1148 qui
472 1071 647 1132 evasissent
660 1073 772 1148 aliqua,
788 1074 872 1135 ‘velut
887 1075 968 1138 feras
985 1077 1031 1136 be

47 1157 122 1219 stias
145 1173 202 1234 per
223 1173 316 1232 agros
338 1157 443 1233 vagari
465 1165 494 1218 et
511 1156 626 1216 laniare
646 1164 676 1218 et
696 1159 848 1238 trucidare
867 1161 1036 1235 quodcum-

49 1257 109 1317 que
120 1241 247 1302 obvium
259 1241 358 1303 detur.
379 1242 457 1303 alios
468 1241 508 1302 ad
520 1241 719 1302 Hannibalem
730 1243 942 1318 transfugisse,
958 1245 1036 1306 alios

52 1327 90 1386 ad
103 1327 234 1388 Romam
248 1326 472 1387 incendendam
489 1325 655 1401 profectos.
691 1325 884 1386 inventurum
904 1329 935 1388 in
956 1344 1036 1388 sem·

53 1417 116 1471 usto
134 1411 206 1472 foro
228 1410 388 1471 consulem
410 1409 538 1486 vestigia
558 1409 686 1470 sceleris
708 1410 940 1486 campanorum.
975 1411 1035 1472 Vc-

50 1502 113 1556 stae
126 1494 238 1556 acdem
253 1494 377 1570 petitam
391 1501 422 1556 et
435 1501 577 1555 aeternos
590 1494 677 1568 ignes
689 1500 720 1556 el
731 1495 885 1557 conditum
898 1495 928 1556 in
941 1511 1034 1572 pene

49 1578 113 1638 trali
129 1579 221 1640 fatale
237 1579 349 1656 pignus
363 1579 481 1656 imperii
495 1577 634 1640 Romani.
659 1594 695 1639 sc
708 1579 829 1640 minime
846 1595 975 1642 censere
990 1588 1034 1642 tu·

48 1671 107 1723 trun
130 1678 203 1724 esse
222 1663 384 1740 Campanis
406 1670 587 1740 potestatem
607 1663 739 1724 intrandi
756 1664 894 1726 Romana
914 1665 1035 1728 moenia

47 1747 123 1807 lieri.
144 1747 298 1810 Laevinus
314 1749 488 1823 Campanos
510 1747 575 1808 iure
590 1748 719 1810 iurando
734 1764 753 1808 a
767 1749 878 1810 Flacco
894 1751 1033 1825 adactos,

48 1832 155 1908 quinto
169 1832 227 1896 ,dic
249 1849 339 1908 quam
361 1832 400 1892 ab
425 1839 535 1893 senatu
557 1847 744 1907 responsum
765 1833 961 1908 accepissent
980 1835 1034 1895 ca·

49 1933 140 1990 puam
155 1916 317 1994 redituros,
333 1916 422 1993 sequi
438 1932 472 1978 se
485 1917 614 1978 Romam
628 1915 727 1980 iussit.
755 1917 813 1978 hac
829 1917 1033 1980 circumfusus

47 2000 245 2075 mrrltitudine,
261 2001 351 2064 simul
363 2001 475 2062 Siculis
491 2001 612 2061 obviam
624 2001 760 2076 egressis
771 2001 960 2078 secutisque,
971 2004 1032 2063 Ro·

46 2101 125 2144 marn
141 2087 287 2160 pervenit,
305 2085 542 2148 clarissimarum
557 2085 677 2146 urbium
691 2085 812 2147 excidio
826 2085 1031 2148 celeberrimis

48 2169 118 2230 uiris
134 2169 232 2229 victos
247 2170 327 2230 bello
343 2176 542 2232 accusatores
557 2169 588 2230 in
603 2169 710 2230 urbem
725 2170 894 2231 adducens.

129 2255 221 2315 Dore
243 2255 367 2329 publica
381 2262 479 2316 tamen
504 2253 633 2328 primum
654 2270 690 2314 ac
705 2255 744 2314 de
758 2254 926 2330 provinciis
941 2256 1031 2317 ambo

47 2340 190 2400 consules
202 2339 244 2398 ad
257 2347 397 2401 senatum
408 2340 560 2400 rettulere.
582 2338 717 2398 XXVllf.
741 2337 954 2412 ibiLaevinus‚
971 2356 1031 2414 quo

46 2430 124 2484 statu
145 2423 327 2484 Macedonia
348 2432 378 2484 et
393 2419 537 2495 Graecia,
558 2423 658 2484 Aetoli
678 2424 858 2484 Acarnanes
880 2423 1031 2499 Locrique

48 2513 164 2582 essent,
180 2523 322 2584 quasque
336 2507 377 2568 ibi
391 2524 442 2569 res
457 2507 526 2582 ipse
541 2507 656 2582 egisset
670 2514 751 2568 terro
764 2507 917 2582 marique,
933 2524 1030 2584 expo·

47 2592 119 2651 suit:
134 2592 316 2668 Philippum,
328 2593 506 2654 inferentem
517 2592 631 2654 bellum
638 2592 765 2666 Aetolis,
782 2592 810 2651 in
818 2591 1030 2658 Macedoniam

46 2682 124 2736 retro
139 2676 177 2737 ab
190 2693 225 2737 se
238 2679 431 2754 compulsum
447 2677 488 2738 ad
502 2676 607 2737 intima
620 2677 740 2752 penitus
755 2675 842 2752 regni
857 2674 970 2752 abisse,
987 2679 1028 2738 le-

45 2760 228 2838 gionemque
249 2763 321 2823 inde
337 2763 448 2824 deduci
465 2777 575 2838 pusse;
599 2762 732 2822 classem
748 2761 823 2822 satis
839 2777 910 2822 esse
925 2763 966 2822 ud
982 2779 1029 2822 ar-

46 2846 173 2908 cemlum
194 2847 280 2907 ltalia
301 2863 414 2922 regem.
448 2847 525 2906 lraec
546 2846 585 2906 de
600 2861 635 2906 se
657 2846 759 2920 deque
780 2845 956 2922 provincia,
981 2847 1029 2907 eui

49 2931 226 3002 praefuerat.
249 2932 410 2992 consulum
426 2932 465 2991 ‹le
479 2929 647 3006 provinciis
659 2930 830 2991 communis
844 2931 950 2992 relatio
964 2931 1028 2991 fuit

49 3013 210 3077 decrevere
224 3023 339 3092 patres,
356 3023 387 3076 ut
402 3016 486 3076 alteri
500 3017 660 3076 consulum
672 3014 758 3075 ltalia
772 3014 946 3091 bellumque
959 3030 1029 3075 euru

50 3096 211 3162 Hannibale
227 3100 386 3177 provincia
401 3106 494 3176 esset,
516 3101 593 3160 alter
606 3100 749 3174 classem,
768 3101 819 3160 cui
832 3102 866 3162 Τ.
882 3098 1028 3160 Otacilius

53 3185 243 3260 praefuisset,
266 3184 463 3260 Siciliamque
479 3184 669 3261 provinciam
684 3201 753 3246 curn
767 3186 800 3244 L.
818 3183 922 3244 Cincio
938 3197 1028 3257 prae-

52 3272 110 3328 tore
130 3270 287 3332 obtineret
320 3271 474 3332 exercitus
496 3270 541 3330 eis
557 3271 619 3330 ‹luo
634 3269 764 3341 decreti,
788 3267 841 3343 qui
862 3267 892 3326 in
907 3266 1028 3325 Etruria

53 3349 198 3432 Galliaque
219 3363 340 3417 essentr
364 3372 420 3417 eae
441 3363 585 3430 quattuor
605 3361 692 3415 erant
710 3352 858 3428 legiones.
891 3349 1027 3410 urbanae

54 3433 122 3497 ‹luae
136 3440 305 3520 superioris
320 3441 391 3501 anni
407 3439 616 3510 in‘Etruriam,
634 3439 723 3511 duae,
746 3435 856 3512 quibus
872 3432 1026 3509 Sulpicius

55 3523 150 3584 consul
165 3525 366 3602 praefuisset,
387 3525 417 3586 in
434 3523 562 3585 Galliam
577 3522 773 3583 mitterentur.
809 3517 925 3579 Galliae
940 3523 969 3579 et
983 3517 1025 3578 le·
