2448 3900
214 229 276 295 aaa
352 231 467 293 amaa
481 230 615 290 11111111.
639 229 778 294 111111.
790 237 834 294 11.
857 231 893 310 [ι.
906 229 1057 307 naam]

213 391 330 465 partam
345 400 413 446 eum
427 384 515 460 muri,
531 401 593 461 qua
608 391 698 460 capta
709 385 859 460 carthago
875 385 914 446 ab
924 385 1073 447 Romanis
1087 386 1171 461 luere,

213 471 311 544 ducit,
332 483 389 530 nec
410 469 566 544 praesidio
588 469 664 530 sutis
685 469 788 530 valido
809 469 916 530 urbem
932 469 1032 530 teneri
1046 475 1172 543 rainaci

212 556 333 632 aliquos
355 553 581 628 oppidanorum
600 554 640 612 ad
661 568 750 628 spem
773 553 909 614 novandi
930 569 983 615 res
1001 553 1115 630 aliquid
1125 569 1172 614 mo·

213 647 307 701 luros.
330 643 463 698 ceterum
478 637 573 698 nuntii
589 653 628 698 ex
642 637 724 712 agris
738 637 849 714 trepidi
864 637 954 698 simul
964 637 1173 716 populationem

213 721 438 798 agrestiumque
459 722 561 796 lugam
582 728 613 782 ot
632 721 766 782 bostium
787 722 953 784 adventum
967 723 1139 797 attuleram,
1154 730 1173 782 et

213 807 281 866 visa
295 805 425 866 interdiu
441 805 552 866 classis
566 811 640 880 erat,
655 819 713 864 nec
728 806 795 866 sine
810 821 907 866 causa
921 807 1055 867 electam
1068 813 1131 865 ante
1140 821 1173 864 ur-

213 893 282 952 bem
297 889 458 952 stationem
472 889 650 965 apparebat.
668 891 773 965 itaque
783 889 924 952 instructi
935 891 1109 966 armatique
1118 889 1174 949 iuba

213 982 333 1052 portam
353 973 393 1036 ad
413 980 554 1048 stagnum
574 988 611 1033 ac
625 989 710 1033 mare
729 990 851 1035 versam
867 975 1113 1036 continebantur.
1138 973 1174 1032 ubi

213 1058 304 1120 ellusi
319 1057 441 1148 hostes,
457 1057 552 1117 mixta
566 1057 644 1117 inter
657 1058 767 1120 milites
782 1059 900 1119 navalis
915 1059 1024 1134 lauba,
1040 1058 1080 1118 ad
1094 1073 1175 1116 muros

214 1144 341 1205 tumultu
368 1127 483 1203 maiore
511 1156 604 1217 quam
627 1141 658 1201 vi
683 1142 856 1219 subierunt,
884 1145 1046 1220 patefacta
1071 1147 1174 1217 repente

213 1235 302 1304 porta
313 1226 442 1288 Romani
457 1241 526 1287 cum
541 1226 674 1287 clamore
686 1233 858 1303 erumpunt,
874 1228 1082 1304 turbatosque
1092 1225 1174 1286 beatas

214 1319 243 1372 et
263 1312 302 1372 ad
323 1312 453 1387 primum
478 1311 636 1372 incursum
656 1311 893 1389 coniectumque
912 1312 1049 1373 telorum
1069 1323 1173 1370 aversos

213 1410 313 1472 usque
333 1397 372 1456 ud
388 1396 458 1458 litus
474 1410 543 1455 cum
557 1397 651 1456 multa
664 1395 760 1456 caede
775 1403 1025 1473 persequuntura
1045 1410 1115 1470 nec,
1133 1392 1174 1451 nisi

214 1495 308 1540 naves
330 1479 410 1541 litori
430 1481 581 1556 appulsae
596 1479 735 1555 trepidos
756 1480 966 1556 accepissent,
988 1478 1174 1556 superfusae

214 1566 304 1638 lugae
318 1571 369 1624 aul
390 1579 511 1638 pugnae
527 1566 700 1640 quisquam.
734 1564 765 1626 in
779 1566 857 1642 ipsis
872 1579 1000 1642 quoque
1015 1563 1173 1640 trepidatum

214 1648 343 1708 navibus
358 1654 414 1721 est,
430 1648 517 1720 dum,
537 1663 575 1708 ne
589 1648 695 1709 hostes
711 1664 780 1709 cum
795 1651 861 1711 suis
876 1650 967 1711 simul
981 1649 1172 1724 irrumperent

213 1730 334 1792 trabunt
347 1732 464 1805 scalas,
481 1747 615 1814 orasque
629 1741 659 1794 el
673 1749 821 1809 ancoras,
837 1749 876 1794 ne
891 1735 921 1794 ia
936 1734 1095 1796 moliendo
1109 1745 1172 1790 mom

214 1821 312 1890 esset,
340 1815 528 1890 praecidunt.
560 1819 709 1893 multique
732 1819 882 1880 adnantes
904 1819 1054 1893 navibus,
1081 1817 1171 1876 incerto

215 1915 288 1976 prae
303 1899 448 1975 tenebris,
464 1901 539 1978 quid
554 1909 606 1963 ant
620 1909 760 1978 poterent
774 1910 827 1964 aut
840 1904 979 1980 vitarent,
996 1901 1090 1964 foede
1103 1900 1170 1960 inter·

214 1985 322 2044 ierunt.
361 1992 486 2060 postero
509 1985 559 2045 die
574 2002 644 2047 cum
659 1987 770 2048 classis
787 1988 859 2048 inde
873 1995 956 2049 retro
972 1988 1016 2048 ad
1031 1987 1170 2050 0111111111

214 2068 294 2128 unde
308 2077 448 2145 venerat,
470 2069 614 2146 fugisset,
628 2072 668 2132 ad
683 2072 849 2148 octingenti
863 2071 1005 2134 homines
1022 2070 1103 2133 caesi
1116 2068 1171 2127 inter

214 2169 329 2214 murum
344 2154 477 2230 litusque
493 2162 523 2215 et
537 2156 577 2215 ad
592 2155 654 2216 duo
670 2157 752 2216 milia
765 2173 921 2219 armorum
935 2157 1072 2218 inventa.

294 2237 441 2298 XXXVll.
462 2239 552 2314 Mago
569 2255 638 2300 cum
650 2241 753 2301 Gades
764 2243 936 2318 repetisset,
951 2243 1100 2303 exclusus
1111 2234 1171 2304 inda

214 2322 253 2382 ad
267 2322 401 2383 Cimbios
414 2356 457 2368 -
470 2323 554 2384 haud
576 2326 685 2400 procul
699 2341 719 2385 a
733 2326 870 2387 Gadibus
890 2326 919 2386 is
940 2326 1031 2390 locus
1053 2324 1169 2385 abeat-

214 2408 315 2466 classe
329 2409 471 2483 appulsa,
486 2409 641 2470 mittendis
657 2410 765 2484 legatis
778 2411 1012 2486 querendoque,
1030 2407 1110 2486 qaod
1120 2419 1169 2480 por·

214 2497 262 2551 tae
276 2489 335 2551 sibl
349 2492 435 2553 socio
450 2499 542 2569 atque
557 2493 655 2554 amico
674 2495 798 2555 clausae
814 2495 921 2570 lerant,
937 2487 1167 2570 purgantibusis

215 2573 412 2635 multitudinis
438 2591 591 2637 concursu
612 2579 724 2639 lactum
746 2579 876 2640 infestae
897 2578 936 2641 ob
958 2578 1078 2656 direpta
1098 2585 1168 2650 qaae·

215 2657 283 2717 dam
305 2657 344 2717 ab
366 2661 643 2724 conscendentibus
657 2677 753 2722 naves
768 2663 928 2737 militibus,
950 2664 990 2724 ad
1007 2657 1166 2735 colloquium

214 2742 330 2801 suletes
347 2753 468 2817 eorum,
494 2746 546 2819 qui
561 2761 699 2808 summus
714 2747 826 2809 Poenis
841 2754 890 2808 est
902 2748 1104 2824 magistratus,
1118 2753 1166 2801 cun

214 2830 379 2900 quaestore
403 2827 519 2903 elicuit,
544 2831 758 2908 laceratosque
781 2830 963 2893 verberibus
990 2831 1073 2893 cruci
1097 2821 1167 2892 adfill

214 2908 317 2979 iussit,
340 2909 411 2972 inde
432 2913 561 2974 navibus
586 2915 626 2975 ad
641 2915 796 2995 Pityusam
816 2916 948 2978 insulam
970 2924 1088 2978 centum
1105 2907 1165 2970 milia

215 2993 341 3054 lernaea
357 2996 520 3059 continenti
530 3031 574 3042 —
585 2999 678 3060 Poeni
698 3007 762 3061 tum
782 3016 851 3062 eam
864 2992 1165 3062 incolebant—traie-

215 3077 263 3139 cit.
286 3079 389 3156 rtaque
399 3085 503 3144 11111111
512 3084 589 3144 bonu
599 3101 752 3162 cumpace
763 3092 891 3161 accepta
902 3091 957 3160 est,
972 3100 1031 3145 nec
1041 3091 1162 3144 commea

214 3171 262 3223 tus
283 3165 375 3226 modo
395 3165 527 3242 benigne
549 3168 692 3242 praebiti,
714 3170 798 3230 scd
790 3186 820 3229 m
836 3171 1081 3245 supplementum
1094 3156 1163 3224 classi

216 3248 354 3308 iuventus
370 3265 516 3326 armaque
530 3251 610 3311 data.
637 3269 766 3328 quorum
781 3253 896 3316 liducia
909 3253 1053 3315 Poenus
1046 3268 1073 3312 m
1086 3245 1161 3308 laia·
1184 3295 1185 3306 ,

119 3392 121 3398 .
214 3343 264 3388 res
279 3331 395 3393 insulas
406 3335 680 3411 -quinquaginta
694 3337 766 3398 inde
785 3339 866 3398 milia
880 3328 1161 3400 absunt—tramisit

215 3411 295 3472 duae
310 3423 380 3476 sunt
389 3417 526 3479 Baliares
541 3418 674 3480 insulsas
694 3422 792 3482 maior
805 3424 901 3483 altera
915 3431 1009 3499 atque
1019 3413 1162 3498 opulentior

216 3505 308 3562 11111111
323 3499 458 3575 virisque
472 3507 503 3562 et
519 3510 639 3578 portum
653 3504 754 3581 habet,
775 3507 828 3567 ubi
844 3509 1005 3569 commode
1019 3503 1162 3567 lribematu·
