2428 3892
200 235 207 241 ’-
234 221 346 286 ttttutt
360 195 467 286 xxvi.
490 225 571 286 eno.
586 235 630 289 ts.
645 235 687 292 to.
711 234 748 302 [ι.
763 234 795 287 c.
810 236 873 304 aro]
980 229 1041 293 tot

57 375 198 454 receptui
213 375 315 438 datum
337 385 400 448 est3
422 378 506 454 quod
521 395 609 456 spem
624 397 685 442 non
700 383 872 458 praesentis
888 383 980 444 mode
1002 381 1040 444 nb

55 466 143 520 tanto
166 461 331 522 certandae
351 477 388 522 ae
403 463 510 524 labore
525 463 636 540 quietis
658 464 798 528 obsessis
820 465 988 528 sedetiam
1009 465 1040 527 in

55 552 216 622 posterum
240 545 337 622 dedit,
359 546 452 608 scalis
474 553 504 607 et
518 563 634 611 corona
647 549 716 626 capi
737 549 842 611 urbem
857 566 918 612 non
934 566 1040 627 posse,

55 643 157 704 opera
168 636 199 690 et
210 629 345 700 difficilia
356 646 428 692 esse
440 637 470 691 et
480 639 600 708 tempus
609 632 716 695 datum
727 635 766 695 ad
778 633 935 695 terendam
948 649 1040 712 opem

55 713 294 789 imperatoribus
310 715 385 776 suis.

143 798 205 858 Vix
226 797 310 874 prior
330 798 474 862 tumuitus
500 801 701 877 conticuerat,
721 817 790 862 erun
805 800 909 877 Scipio
932 801 970 862 ab
987 803 1039 864 de-

55 880 153 942 fessis
173 881 233 942 iam
249 883 475 961 vulneratisque
489 892 629 946 recentes
650 885 854 961 integrosque
862 885 941 947 otios
961 885 1039 947 ocei-

56 983 133 1042 pere
146 966 247 1028 scalas
261 966 345 1028 iubet
359 975 389 1028 et
404 969 433 1028 vi
447 968 563 1030 maiore
577 969 704 1047 adgredi
718 969 833 1030 urbem.
866 969 943 1046 ipse,
964 977 997 1031 ut
1011 970 1040 1030 ei

56 1049 227 1112 nuntiatum
241 1057 288 1112 est
302 1058 420 1114 aestum
437 1052 596 1130 decedere,
620 1055 704 1128 quod
718 1069 774 1130 pcr
785 1055 956 1129 piscatores
967 1054 1039 1114 Tar·

54 1150 246 1197 raconenses
261 1151 342 1196 nune
356 1137 474 1198 levibus
490 1137 617 1212 cuminis,
640 1153 728 1213 nune,
754 1137 805 1198 ubi
826 1153 882 1200 eae
895 1138 1040 1211 siderent,

54 1219 148 1280 vedis
164 1227 349 1297 pervagatos
364 1228 520 1297 stagnum,
543 1229 730 1297 compertum
750 1221 897 1298 habebat,
922 1221 1040 1282 incitem

55 1303 191 1380 pedibus
217 1305 255 1364 nd
281 1321 400 1367 murum
421 1306 580 1368 transitum
602 1305 683 1378 dari,
711 1320 748 1366 eo
775 1321 881 1367 secum
906 1311 1040 1365 armatos

55 1387 243 1464 quingentos
258 1389 354 1451 duxit.
375 1389 507 1452 medium
525 1391 619 1452 terme
634 1389 694 1451 diei
710 1395 782 1463 erat,
800 1399 830 1450 ct
843 1389 883 1450 ad
897 1389 938 1465 id,
955 1389 1039 1464 quod

55 1488 114 1532 sua
129 1480 241 1550 sponte
262 1474 390 1535 cedente
402 1474 441 1534 'in
456 1490 540 1536 mare
561 1482 649 1536 aestu
664 1473 837 1534 trahebatur
851 1489 945 1548 aqua,
969 1488 1040 1532 acer

55 1556 147 1617 etiam
169 1558 345 1634 septemtrio
367 1566 451 1619 ortus
473 1559 648 1620 inclinatum
663 1565 804 1634 stagnum
825 1557 950 1629 eodem,
978 1571 1040 1632 quo

56 1649 163 1702 aestus
180 1641 309 1716 terebat,
332 1648 363 1703 et
377 1644 456 1705 adeo
471 1643 640 1703 nudaverat
653 1643 742 1718 creda,
763 1648 796 1701 ut
810 1640 882 1701 alibi
897 1640 1039 1700 umbilico

57 1731 147 1786 tenus
162 1742 245 1802 aqua
260 1732 353 1800 esset,
370 1726 441 1787 aiibi
456 1743 557 1803 genua
572 1728 623 1802 virt
637 1732 805 1804 superaret.
839 1725 899 1786 hoc
914 1740 989 1786 cura
1004 1739 1041 1783 ae

58 1810 176 1873 tatione
198 1817 388 1886 compertum
402 1811 431 1871 in
448 1811 621 1888 prodigium
642 1827 679 1871 ac
693 1812 770 1873 deos
786 1815 908 1870 vertens
923 1808 1040 1884 Scipio,

58 1893 109 1967 qui
125 1892 165 1953 ad
180 1895 339 1957 transitum
348 1895 494 1956 Romanis
506 1911 591 1956 mare
605 1901 758 1956 sterterent
772 1901 802 1954 et
816 1900 925 1968 stagna
939 1893 1038 1954 euser-

57 1983 132 2052 rent,
156 1977 286 2053 viasque
303 1987 372 2039 orote
387 1995 553 2054 numquam
567 1980 656 2048 initas
671 1979 802 2038 humano
823 1976 952 2052 vestigio
968 1991 1037 2051 ape·

57 2061 168 2135 rirent,
191 2061 365 2138 Neptunum
379 2063 505 2124 iubebat
519 2065 628 2124 ducem
649 2062 765 2124 itineris
780 2060 870 2137 sequi
886 2075 923 2120 oe
938 2058 1040 2120 medio

35 2153 169 2226 ‚stagno
187 2148 322 2207 evadere
336 2147 376 2208 ed
390 2147 520 2208 moenia.
555 2147 659 2207 xtvl.
682 2146 719 2206 ab
735 2152 815 2207 terra
830 2145 938 2220 ingens
953 2142 1040 2204 labor

58 2230 296 2292 succedentibus
319 2237 398 2304 erat;
423 2247 481 2292 nec
502 2230 658 2293 altitudine
679 2235 794 2290 tantum
814 2227 967 2288 moenium
985 2227 1039 2287 im·

58 2313 267 2388 pediebantur,
284 2316 341 2376 sed
354 2317 438 2390 quod
453 2323 560 2376 euntes
577 2315 617 2375 ad
632 2312 781 2389 ancipites
795 2312 946 2388 utrimque
960 2310 1039 2371 ictus

57 2397 213 2459 subiectos
236 2397 390 2460 liniebant
410 2400 581 2474 Romanos,
615 2406 648 2458 nt
668 2399 763 2458 latera
788 2396 947 2456 infestiore
968 2393 1039 2455 sub·

57 2481 198 2542 euntibus
220 2497 311 2557 quam
333 2483 465 2543 adversa
486 2499 618 2558 corpora
638 2489 753 2542 essent
785 2488 815 2540 at
828 2485 914 2556 parte
928 2479 958 2538 in
980 2478 1040 2538 alia

59 2565 231 2642 quingentis
253 2573 283 2625 et
302 2582 359 2641 per
379 2575 520 2642 stagnum
542 2567 639 2627 tacitis
659 2566 804 2627 transitus
825 2571 855 2624 et
874 2564 904 2623 in
919 2578 1038 2624 murum

57 2663 206 2710 ascensus
228 2649 300 2710 indc
321 2651 391 2711 tutt=
413 2667 483 2711 nam
499 2667 599 2726 neque
620 2665 715 2726 opero
735 2648 886 2711 emunitus
907 2652 986 2722 eret,
1007 2652 1039 2708 ut

58 2729 107 2791 ubi
129 2732 228 2808 ipsius
251 2732 310 2795 ioci
335 2749 372 2794 ae
394 2737 493 2810 stagni
514 2735 670 2810 praesidio
686 2733 761 2794 satis
783 2732 930 2794 creditum
944 2732 1038 2801 toret3
1130 2789 1131 2794 ,

58 2817 191 2877 aconita
211 2823 395 2877 mmotorum
415 2819 504 2880 statio
527 2825 577 2879 out
592 2818 732 2880 custodio
753 2816 897 2895 opposito
917 2813 1039 2876 intentis

59 2899 198 2963 omnibus
214 2900 254 2961 ad
269 2916 361 2978 opem
375 2917 413 2962 eo
430 2903 595 2976 ferendam,
616 2903 697 2964 unde
712 2903 880 2978 periculum
896 2899 1038 2962 ostende-

58 2981 159 3044 batur:
183 2983 237 3045 ubi
251 2984 358 3047 urbem
374 2986 441 3048 sine
456 2987 620 3048 cermmine
634 2987 802 3060 intrauere,
824 2991 953 3060 pergunt
967 2982 1039 3043 inde

59 3075 171 3140 quanto
182 3069 316 3130 maximo
329 3085 422 3132 cursu
433 3077 575 3146 poterant
584 3071 625 3132 ad
636 3085 704 3132 enm
716 3076 844 3147 portem,
857 3069 938 3128 circa
946 3081 1038 3142 quam

59 3165 146 3212 omne
165 3160 353 3216 contractum
375 3161 526 3215 certamen
555 3161 629 3216 erat.
668 3156 698 3214 in
722 3153 807 3230 quod
827 3151 906 3213 adeo
934 3147 1038 3210 intenti

60 3234 189 3297 omnium
211 3253 272 3299 non
294 3237 387 3298 animi
408 3239 508 3301 sotum
530 3239 630 3314 tuere,
654 3238 816 3299 sedetiam
832 3233 912 3297 oculi
933 3245 1038 3294 aures·

61 3333 118 3391 que
128 3321 326 3396 pugnantium
337 3322 602 3400 spectantiumque
616 3319 885 3385 et‘odhortantium
899 3329 1038 3394 pugnan-

61 3407 114 3476 tes,
134 3411 166 3463 ut
178 3419 274 3467 rreum
285 3405 324 3465 ab
342 3412 428 3483 tergo
444 3415 514 3469 ante
528 3405 654 3469 sentiret
669 3411 789 3481 captam
803 3401 924 3474 urbem,
947 3413 1038 3474 quarn

62 3484 156 3546 teloio
173 3505 303 3551 aversos
318 3488 497 3551 inciderunt.
517 3490 666 3566 iutrimque
680 3487 840 3564 ancipitem
852 3484 972 3547 hostem
984 3482 1038 3541 he·
1072 3547 1075 3554 ‚
