2428 3892
187 209 249 276 tol
335 210 451 274 amsa
465 209 572 272 xxvi.
595 207 679 271 cur.
693 215 738 272 rs.
753 213 797 270 rr.
819 207 1018 288 [aucam

185 364 309 426 bebant.
331 369 402 425 tuno
417 361 544 424 turbatis
559 361 776 424 defensoribus
791 368 874 423 metu
889 367 920 422 et
933 361 1056 423 moenia
1073 369 1171 442 capta,

185 457 215 511 et
235 454 325 526 porta
345 446 426 508 intus
447 447 587 524 lorisque
608 445 722 523 pariter
741 444 866 521 refringi
890 451 1019 523 coeptaa
1047 452 1084 508 et
1103 463 1172 510 mox

184 532 346 596 caedendo
361 531 511 594 conlectis
525 545 563 592 ao
577 529 741 605 distractis,
762 544 802 592 ne
815 528 873 592 iter
887 529 1110 607 impediretur,
1133 532 1168 591 lo-

182 617 269 680 ribus
291 615 398 676 murati
418 615 563 691 impetum
578 615 725 678 lecerunt
758 629 870 690 magna
885 614 1046 677 multitudo
1065 621 1100 676 et
1113 632 1167 677 mu·

184 717 237 763 ros
249 698 496 762 transcendebat.
518 699 576 760 sed
588 699 608 759 il
618 697 737 776 passim
749 698 790 759 ad
801 697 930 760 caedem
944 699 1172 776 oppidanorum

183 784 283 846 versi:
301 783 371 859 illa,
394 798 475 860 quaa
495 789 615 859 portam
636 783 778 859 ingresse
798 789 877 857 erat,
897 783 977 844 iusta
998 783 1089 846 acies
1110 799 1172 845 cun

184 869 332 945 ducibus,
352 882 421 928 cum
443 867 602 930 ordinibus
621 866 723 928 media
743 867 819 928 urbe
839 866 870 927 in
884 867 984 930 lorum
1006 867 1172 944 processit.

183 952 256 1014 iude
272 967 340 1015 eum
352 952 473 1014 duobus
489 951 647 1014 itineribus
660 951 810 1026 fugientes
826 951 945 1014 videret
957 951 1081 1026 hostes,
1099 953 1171 1016 alios

184 1039 224 1100 ad
240 1037 385 1099 tumulum
399 1037 430 1098 iu
451 1037 598 1100 orientem
613 1052 752 1112 versum,
777 1036 829 1112 qul
846 1036 1007 1100 tenebatur
1022 1037 1171 1113 quingen-

183 1129 284 1183 torum
299 1121 425 1182 militum
439 1121 607 1199 praesidio,
630 1121 709 1183 allos
724 1120 755 1180 in
771 1135 882 1197 arcem,
904 1119 936 1181 in
951 1137 1046 1198 quam
1064 1128 1097 1184 et
1111 1122 1172 1198 ipse

182 1206 275 1281 Mago
295 1221 364 1267 cum
386 1205 527 1268 omnibus
549 1207 614 1268 lere
628 1205 752 1268 armatis
767 1206 819 1280 qui
838 1206 933 1268 muris
947 1205 1032 1283 pulsi
1056 1207 1172 1268 fuerant

182 1291 351 1366 relugerat,
383 1290 493 1367 partim
515 1290 674 1366 copiarum
694 1290 733 1350 ad
760 1290 906 1352 tumulum
931 1291 1170 1366 expugnandum

183 1374 279 1450 mittit,
302 1375 411 1450 partim
426 1376 495 1452 ipse
512 1375 552 1436 ad
567 1389 670 1438 arcem
684 1374 775 1438 ducit.
809 1381 840 1435 et
854 1374 986 1436 tumulus
1000 1375 1108 1450 prium
1124 1377 1170 1436 im-

184 1468 256 1535 petu
276 1465 324 1520 est
338 1466 462 1536 captus,
485 1466 516 1522 et
528 1458 620 1535 Mago
634 1473 737 1520 arcem
752 1465 881 1523 conatus
897 1458 1086 1537 defendere,
1109 1476 1172 1522 cum

185 1542 287 1604 emula
301 1541 435 1604 bostium
450 1544 542 1620 plena
556 1543 675 1606 videret
689 1559 789 1619 neque
804 1559 892 1620 spem
912 1545 1005 1607 ullam
1026 1559 1121 1622 esse,
1142 1560 1171 1608 se

182 1641 348 1702 arcemque
370 1633 400 1688 et
419 1627 608 1704 praesidium
629 1627 755 1690 dedidit.
790 1628 894 1704 quoad
910 1628 1015 1690 dedita
1037 1645 1098 1690 arx
1120 1636 1170 1703 est

183 1709 296 1771 caedes
311 1716 376 1772 lota
389 1711 466 1772 urba
477 1712 595 1790 passim
612 1713 719 1786 sactae,
735 1727 793 1772 neo
807 1712 860 1774 ulli
873 1712 1035 1788 puberum,
1053 1714 1109 1789 qui
1122 1714 1169 1774 ob·

182 1795 251 1856 vius
264 1794 327 1868 luit,
344 1796 540 1871 parcebatur:
555 1804 619 1858 tum
630 1795 720 1872 signo
732 1795 804 1858 dato
817 1795 965 1862 eaedbus
975 1797 1051 1858 linis
1064 1798 1168 1869 lactus,

182 1880 222 1939 ad
233 1879 381 1955 praedam
392 1881 528 1942 victores
540 1880 632 1955 versi,
645 1895 725 1956 quae
736 1881 845 1957 lugens
858 1881 957 1942 omnis
968 1883 1098 1956 generis
1109 1884 1169 1944 luit.
1196 1941 1199 1950 ,

263 1963 381 2026 XLVII.
408 1965 587 2027 Liberorum
611 1965 746 2040 capitum
772 1964 860 2026 virile
882 1981 975 2028 secus
998 1967 1040 2028 ad
1065 1967 1168 2028 decem

181 2048 263 2108 milia
279 2055 378 2125 capta.
407 2050 488 2125 inde,
513 2049 565 2125 qni
581 2049 665 2110 cives
679 2049 784 2111 Novae
801 2048 990 2124 Carthaginis
1006 2058 1108 2125 erant,
1130 2051 1169 2110 di-

179 2131 276 2205 misit,
301 2133 472 2210 urbemque
495 2139 526 2194 et
546 2149 604 2194 sua
625 2133 741 2206 omnia,
760 2128 848 2208 'quae
862 2134 981 2208 reliqua
996 2133 1044 2194 eis
1057 2134 1173 2223 bellum

181 2217 310 2293 lecerat,
336 2217 474 2279 restituit.
505 2216 633 2294 opilloes
654 2216 695 2278 ad
715 2218 776 2279 duo
798 2215 881 2280 nrilia
894 2216 1054 2278 hominum
1068 2224 1169 2278 cranl=

179 2315 236 2362 eos
257 2303 399 2376 publicos
420 2303 487 2363 lore
506 2301 615 2378 populi
629 2300 759 2364 Romani
775 2301 871 2362 edixit
885 2317 954 2364 oum
968 2317 1027 2378 spe
1042 2302 1168 2378 propin-

180 2401 242 2460 qua
256 2385 419 2461 libertatis,
446 2385 474 2446 si
488 2387 528 2447 ad
542 2385 711 2447 ministeria
723 2385 795 2447 belli
810 2385 900 2446 enixe
916 2400 1044 2460 operam
1058 2402 1167 2448 navas-

179 2476 257 2532 sant.
280 2477 411 2531 ceteram
426 2468 647 2532 multitudinem
661 2469 829 2532 incolarum
844 2468 988 2530 iuvenum
1003 2485 1040 2530 ao
1050 2471 1169 2534 valido-

178 2569 246 2614 rum
267 2569 427 2615 servorum
440 2555 471 2614 iu
486 2554 619 2615 classem
633 2554 674 2614 ad
688 2555 934 2630 supplementum
949 2553 1103 2629 renisum
1120 2555 1167 2615 de·

180 2636 239 2696 dits
254 2645 285 2697 et
299 2643 428 2698 armarat
440 2637 571 2699 navibus
586 2644 662 2701 octo,
673 2638 803 2713 captivis
818 2638 961 2700 classem.
986 2645 1073 2700 extra
1088 2637 1168 2698 hanc

180 2720 400 2781 multitudinem
414 2721 624 2798 Hispanorum
638 2721 765 2784 obsides
781 2730 876 2796 erant,
893 2737 1025 2796 quorum
1037 2723 1167 2798 perinde

178 2819 216 2864 ac
237 2805 265 2864 si
279 2805 434 2868 sociorum
448 2805 535 2867 liberi
550 2813 658 2868 esseut
671 2821 747 2868 cura
759 2805 872 2868 habita.
901 2811 1010 2881 captus
1026 2812 1057 2868 et
1071 2823 1165 2882 appa-

179 2895 263 2950 ratus
278 2889 386 2965 ingens
401 2891 488 2951 belli:
505 2892 678 2967 catapultae
692 2891 842 2952 maximae
857 2891 973 2952 lormae
990 2897 1114 2952 centrum
1126 2889 1164 2950 vi·

178 2971 268 3048 giuli,
289 2973 423 3036 minores
445 2975 596 3036 ducentae
612 2975 766 3051 octoginta
779 2991 857 3045 una;
878 2973 1019 3034 ballistae
1034 2974 1165 3036 maiores

177 3055 282 3133 viginti
296 3065 369 3134 tres,
383 3060 517 3121 minores
534 3059 756 3135 quinquaginta
769 3060 865 3129 duam
887 3057 1087 3132 scorpiomun
1103 3074 1164 3118 ma·

177 3141 277 3202 iorum
292 3142 505 3220 minorumque
520 3151 550 3204 et
564 3158 718 3204 armorum
728 3145 922 3218 telorumque
936 3141 1047 3217 ingens
1061 3157 1163 3204 nume

177 3241 249 3295 rus;
264 3226 353 3301 signa
367 3226 508 3288 militaria
523 3226 718 3302 septuaginta
733 3233 885 3302 quattuor.
909 3231 939 3286 et
953 3227 1020 3286 auri
1035 3225 1163 3302 maenti·

178 3323 240 3382 qua
260 3311 357 3371 relata
377 3311 418 3370 ad
438 3314 653 3387 imperatorem
678 3325 791 3385 magna
814 3311 877 3374 vim
902 3316 1030 3385 paterne
1053 3323 1163 3372 aureae

179 3391 300 3452 luerunt
325 3393 476 3454 ducentae
502 3393 697 3468 septuaginta
721 3409 794 3466 sex,
819 3395 912 3455 libras
938 3393 1035 3454 imme
1058 3408 1160 3454 omnes

180 3472 301 3548 pondo;
317 3476 432 3551 argenti
448 3475 519 3536 lacti
536 3476 708 3550 signatique
724 3474 830 3537 decem
845 3483 876 3538 et
890 3482 961 3538 ooto
972 3476 1055 3537 milia
1066 3482 1096 3538 el
1106 3483 1159 3538 tre·
