2428 3892
292 210 413 274 urana
427 213 522 276 xxv.
547 218 632 280 cor.
647 229 693 283 a.
714 223 750 300 [a.
764 225 877 302 cau]
1049 227 1087 294 at

130 444 135 457 ι
156 361 300 424 XXXIV.
327 363 388 424 Per
408 368 541 428 eosdem
562 371 632 432 dies
646 369 679 430 P.
696 371 876 449 Scipionem
897 391 955 452 par
977 384 1087 452 terror,

63 446 251 541 pauculum
270 447 374 508 maius
394 449 434 509 ab
449 465 535 514 noro
551 453 644 515 hoste
659 456 798 531 urgebat.
834 457 1006 521 Masinissa
1020 471 1088 524 erat

60 543 196 590 iuvenis
211 559 258 574 -
271 547 311 593 eo
337 538 484 608 tempore
508 543 576 597 erut
600 537 708 600 socius
730 538 1029 617 carmagmienstum
1044 577 1086 590 --

59 626 167 688 quem
189 613 308 676 deinde
324 615 443 679 clarum
460 626 685 698 potentemque
699 623 841 684 Romana
855 625 929 687 iecit
942 627 1085 689 amicitia.

57 696 87 756 is
104 701 180 759 tum
197 711 270 760 cum
286 699 429 776 equitatu
442 701 646 766 Numidarum
663 711 693 765 et
706 707 883 769 advenienti
897 707 930 768 P.
946 708 1085 786 Scipioni

57 781 219 856 occurrit,
235 790 267 844 et
282 782 399 845 deinde
410 785 546 848 adsidue
557 789 626 849 dies
639 797 814 866 nucusque
824 792 956 853 infestus
968 794 1084 869 aderat,

56 870 182 928 utnon
198 881 303 943 vagos
319 873 439 930 tautum
456 872 568 946 procul
580 887 599 932 a
610 873 721 933 cestris
732 874 881 949 lignatum
890 876 1083 950 pabulatum-

61 964 130 1024 que
155 965 355 1026 progressos
377 953 556 1030 exciperet,
578 955 638 1016 sed
654 955 734 1031 ipsis
750 958 945 1035 obequitaret
960 961 1080 1036 eastris,

57 1033 282 1110 invectusque
303 1037 335 1096 in
356 1037 481 1098 medias
502 1053 602 1114 saepe
623 1039 773 1102 umbones
789 1042 892 1102 omnia
905 1043 1021 1118 ingenti
1037 1050 1081 1104 tu·

56 1118 164 1179 multu
179 1119 334 1181 turbaret.
357 1121 506 1184 noctibus
522 1137 651 1199 quaque
664 1138 763 1199 saepe
776 1123 904 1186 incursu
918 1127 1080 1201 repentino

58 1202 91 1262 in
107 1203 217 1278 portis
240 1205 392 1280 valloque
405 1206 596 1281 trepidaturn
611 1213 673 1282 est,
693 1222 752 1267 nec
767 1213 821 1268 aut
836 1209 924 1268 loeus
940 1216 992 1270 aut
1005 1216 1079 1270 tem-

63 1303 125 1362 pus
147 1287 250 1350 ulium
272 1304 408 1351 vacuum
424 1305 444 1349 a
458 1297 544 1351 metu
566 1305 603 1350 ac
618 1290 828 1352 sollicitudine
842 1298 908 1350 erat
920 1291 1077 1355 Romanis.

63 1370 312 1448 compulsisque
331 1371 414 1436 intra
434 1373 552 1435 vatium
574 1373 721 1449 adempto
742 1389 846 1435 rerum
868 1375 1004 1436 omnium
1018 1391 1077 1438 usu

60 1470 135 1517 cum
150 1471 260 1532 prope
274 1456 358 1518 iusta
373 1455 500 1520 obsidio
516 1465 618 1534 esset,
640 1458 837 1534 futuramque
852 1459 994 1520 artiorem
1009 1474 1076 1521 eam

56 1547 252 1617 appareret,
274 1542 303 1602 si
324 1556 361 1602 se
375 1541 542 1616 Indebilis,
566 1557 659 1617 quem
681 1558 751 1603 cum
773 1549 892 1617 septem
907 1542 1029 1605 milibus
1041 1550 1077 1605 et

57 1625 251 1700 quingentis
273 1623 542 1687 Suessetanorum
563 1626 733 1687 adventare
754 1627 836 1686 iarna
857 1634 936 1700 erat,
961 1625 1074 1688 Poenis

56 1709 303 1783 coniunxisset,
326 1709 393 1771 dux
413 1717 525 1771 cautus
547 1715 578 1770 et
597 1710 769 1784 providens
785 1708 890 1785 Scipio
906 1710 1005 1771 victum
1021 1727 1072 1772 ne-

57 1793 271 1856 cessitatibus
287 1793 489 1855 temerarium
505 1792 776 1869 capiteomnium
792 1799 826 1853 ut
840 1800 930 1855 nocte
944 1794 1071 1859 lndebili

55 1877 192 1940 obviam
214 1877 288 1952 i'ret,
315 1884 348 1938 et
369 1891 573 1953 quocumque
599 1879 788 1939 accurrisset
807 1879 892 1952 loco,
920 1876 1070 1951 proelium

56 1969 258 2024 consereret.
278 1962 388 2023 relicto
396 1961 494 2039 ¹igitur
505 1960 631 2023 modico
643 1961 802 2036 praesidio
814 1960 845 2021 in
858 1959 968 2020 eastris
981 1975 1070 2034 prae·

55 2047 236 2124 positoque
249 2046 317 2108 Tib.
330 2045 462 2108 Fonteio
478 2046 591 2121 legato,
607 2043 710 2105 media
725 2051 816 2105 nocte
830 2043 987 2120 proiectus
999 2057 1066 2104 carr

56 2130 166 2193 obviis
193 2129 340 2193 hostibus
368 2147 482 2192 manus
508 2129 675 2191 coinseruit.
711 2129 834 2204 agmina
858 2128 955 2202 magis
977 2143 1068 2203 quarn

55 2217 147 2278 acies
160 2214 356 2292 pugnabant,
374 2215 522 2292 superior
533 2221 645 2287 tamen,
661 2218 696 2274 ut
706 2213 736 2272 in
748 2211 943 2275 tumultuaria
954 2225 1067 2286 pugna,

54 2301 225 2363 Romanus
255 2305 333 2361 erat.
365 2304 521 2362 ,ceterum
550 2303 581 2358 et
608 2297 730 2373 equites
756 2297 904 2358 Numidae
929 2301 1065 2370 repente,

57 2401 143 2462 quos
164 2384 321 2446 ieieltisse
337 2399 374 2444 se
388 2383 454 2444 dux
467 2389 554 2445 ratus
570 2388 651 2458 erat,
674 2381 713 2442 ab
728 2379 874 2443 lateribus
891 2377 1065 2441 circumfusi

55 2485 210 2546 magnum
225 2476 378 2530 terrorem
392 2467 534 2529 intulere.
574 2471 732 2528 contracto
748 2467 901 2527 adversus
916 2462 1063 2524 Numidas

56 2553 234 2616 certamine
244 2569 330 2616 novo
342 2553 454 2615 tertius
467 2552 597 2626 insuper
607 2551 733 2612 advenit
743 2549 851 2625 hostis,
864 2548 961 2608 duces
967 2545 1062 2608 Poeni

56 2637 205 2700 adsecuti
227 2638 267 2698 ab
288 2645 378 2714 tergo
405 2637 468 2698 iam
493 2640 686 2711 pugnantes;
712 2648 893 2710 ancepsque
912 2631 1062 2708 praetium

54 2723 221 2784 Romanos
247 2721 496 2784 circumsteterat
521 2719 673 2794 incertos,
700 2719 732 2780 iu
754 2717 1060 2795 quampotissimum

54 2805 182 2869 hostem
205 2822 342 2882 quamve
363 2807 395 2867 in
417 2811 539 2882 partam
561 2803 690 2868 conserti
709 2803 900 2879 eruptionem
916 2803 1059 2865 iacerent.

56 2891 211 2967 pugnanti
225 2890 427 2966 hortantique
441 2889 620 2966 imperatori
635 2894 667 2949 et
681 2886 821 2948 offerenti
837 2901 882 2958 se,
898 2887 948 2947 ubi
963 2887 1058 2962 pluri·

56 2991 139 3036 rnum
156 2975 275 3036 laboris
291 2982 368 3050 erat,
384 2976 465 3036 latus
479 2975 621 3036 dextrum
633 2973 742 3034 iuncea
753 2971 903 3043 unicium
926 2985 1056 3032 cuneus·

58 3059 167 3134 queis
189 3058 343 3133 hostiurn,
371 3059 477 3135 quiin
500 3058 658 3120 confertos
680 3057 762 3117 cirea
783 3056 891 3117 ducem
910 3055 1055 3131 impetum

58 3142 246 3218 iecerats-ut
266 3142 442 3205 exanimem
458 3143 611 3205 latrantem
626 3157 666 3202 ex
681 3157 763 3218 equo
780 3138 954 3216 Scipionem
969 3139 1052 3211 vidit,

58 3227 176 3290 alacres
198 3227 316 3304 gaudio
340 3244 410 3288 oum
432 3229 568 3289 ciamare
587 3231 753 3302 portatam
768 3224 864 3287 aciem
879 3224 1051 3286 nuntiantes
1114 3268 1118 3273 .

59 3308 236 3374 discurrunt
255 3312 476 3388 imperatorem
496 3313 670 3374 Romanum
691 3309 852 3370 cecidisse.
882 3323 920 3370 ea
939 3324 1047 3384 perva-

59 3401 127 3469 gata
138 3397 270 3473 possim
284 3412 364 3473 vox,
384 3404 418 3459 ut
431 3404 462 3460 et
479 3396 587 3458 hostes
602 3395 686 3456 haud
701 3392 793 3454 dubie
807 3407 864 3467 pro
878 3391 1046 3456 victoribus

60 3484 88 3537 et
99 3477 230 3544 Romani
246 3497 306 3560 pro
322 3481 412 3543 victis
428 3489 543 3554 essent,
560 3479 639 3541 iecit.
662 3479 735 3555 iuga
750 3475 907 3539 confestim
924 3495 962 3541 ex
978 3477 1044 3541 acic
