2434 3902
195 213 257 277 208
338 214 452 275 LlBllR
467 212 587 273 XXVll.
611 211 694 274 CAP·
709 220 753 274 40.
768 220 811 273 ll.
834 211 870 287 [a.
884 215 917 268 U.
930 232 955 268 c.
967 218 1031 289 elo]

193 366 223 425 in
251 365 336 425 cives
356 363 395 424 M.
416 362 535 424 Livium
562 363 601 422 ad
628 361 740 422 bellum
768 361 1015 436 proticiscentem
1043 362 1175 424 monenti

193 449 227 523 0.
241 448 352 524 Fabio,
375 462 414 508 ne
429 447 609 523 priusquam
623 461 719 520 genus
734 444 867 508 hostiurn
882 453 1054 520 cognosset
1068 451 1177 506 temere

192 549 313 594 manum
342 538 534 605 consereret,
569 529 786 607 respondisse,
819 530 871 590 ubi
891 531 1023 605 primurn
1045 529 1176 592 hostiurn

192 632 300 692 agmen
314 615 539 691 conspexisset,
556 621 768 690 pugnaturum.
791 628 859 674 cum
872 621 1085 689 quaereretur,
1102 631 1177 690 quae

192 716 288 760 causa
303 699 465 760 lestinandi
482 705 579 771 esset,
603 705 683 774 „aut
697 713 735 758 ex
750 698 840 758 hoste
859 697 1014 774 egregiam
1028 698 1177 774 gloriam‘

191 783 289 859 inquit
301 789 374 858 „aut
389 799 429 842 ex
444 783 563 844 civibus
580 782 668 843 victis
687 781 832 856 gaudium
847 782 986 841 meritum
1003 789 1101 854 uerte,
1126 783 1176 844 etsi

191 883 251 928 non
267 867 440 942 honestum,
463 866 613 943 capiam“.
827 919 835 934 ,

273 951 453 1026 Priusquam
476 950 620 1012 Claudius
648 951 757 1012 consul
779 950 809 1010 in
830 950 1022 1024 provinciam
1053 951 1176 1022 veniret

190 1050 246 1110 per
259 1042 426 1096 extremum
437 1034 530 1095 linem
545 1035 610 1108 agri
621 1033 771 1095 Larinatis
784 1034 946 1094 ducentem
957 1034 988 1093 in
1001 1032 1176 1094 Salaminos

191 1119 358 1180 exereitum
365 1118 566 1178 Hannibalern
578 1118 732 1192 expeditis
744 1116 922 1178 cohortibus
938 1118 1070 1178 adortus
1078 1117 1112 1178 C.
1120 1118 1176 1177 Ho-

190 1203 287 1264 stilius
307 1202 444 1264 Tubulus
466 1201 671 1277 incomposito
699 1201 811 1276 agmini
832 1200 997 1262 terribilem
1017 1202 1175 1262 tumultum

190 1286 301 1356 intulit;
322 1287 362 1346 ad
378 1292 520 1360 quattuor
534 1285 616 1346 milia
630 1285 786 1347 hominum
808 1283 933 1360 occidit,
955 1299 1068 1344 novem
1092 1285 1174 1360 signe

189 1371 328 1431 militaria
354 1369 443 1446 cepit.
484 1379 623 1431 moverat
648 1385 686 1430 ex
712 1368 848 1429 hibernis
873 1369 914 1428 ed
939 1369 1052 1430 lamam
1076 1368 1174 1430 bostis

189 1453 223 1528 0.
240 1454 393 1527 claudius,
417 1453 468 1528 qui
484 1470 540 1528 per
553 1454 645 1515 urbes
662 1453 727 1528 agri
742 1451 890 1514 Salentini
905 1459 1007 1514 castra
1022 1453 1175 1528 disposita

190 1535 331 1598 habebat
361 1539 464 1612 itaque
479 1553 517 1597 ne
532 1553 600 1597 cnm
616 1536 738 1599 duobus
760 1535 945 1598 exercitibus
961 1535 1053 1598 simul
1068 1536 1173 1598 conili-

189 1628 283 1696 geret,
305 1620 456 1680 Hannibal
472 1627 562 1682 nocte
577 1629 678 1682 eastra
693 1636 732 1680 ex
753 1634 827 1694 agro
842 1621 1003 1682 Tarentino
1020 1621 1121 1681 movit
1135 1630 1173 1680 at-

190 1719 250 1784 que
264 1705 293 1764 in
309 1704 443 1766 Bruttios
462 1705 625 1767 concessit.
661 1704 805 1766 claudius
820 1704 850 1763 in
868 1703 1043 1766 Salentinos
1065 1721 1172 1780 agmen

190 1788 352 1863 convertit,
374 1789 522 1850 Hostilius
538 1789 671 1864 Capuam
687 1795 796 1865 petens
818 1786 928 1849 obrius
950 1789 989 1848 ad
1005 1789 1174 1850 Venusiam
1210 1851 1211 1854 ,

190 1871 245 1932 luit
259 1873 377 1933 consuli
392 1872 530 1934 Claudio.
567 1872 608 1933 ibi
624 1889 663 1934 ex
677 1879 807 1948 utroque
822 1872 958 1933 exercitu
974 1873 1075 1932 electa
1090 1875 1173 1949 pedi·
1210 1865 1211 1933 l

191 1962 251 2017 turn
273 1956 476 2032 quadraginta
495 1955 592 2032 milia,
622 1958 682 2018 duo
705 1957 788 2017 milia
807 1963 839 2017 et
859 1956 1015 2032 quingenti
1044 1957 1172 2033 equites,

189 2039 299 2117 quibus
312 2041 420 2102 consul
436 2040 794 2102 adversusHannibalem
808 2056 871 2101 rem
887 2046 1021 2116 gereret:
1038 2041 1172 2117 reliquas
1209 2063 1210 2149 q

190 2125 296 2200 copias
311 2124 458 2186 Hostilius
475 2124 609 2199 capuam
624 2125 736 2186 decere
751 2125 863 2200 iussus,
886 2133 919 2186 ut
932 2124 966 2198 9.
977 2123 1089 2186 Fulvio
1107 2143 1171 2201 pro

190 2208 308 2269 consuli
323 2208 466 2268 traderet.
1208 2257 1209 2260 ,

272 2291 346 2352 XLI.
378 2290 530 2351 Hannibal
545 2291 682 2367 undique
697 2297 853 2352 contracto
869 2291 1013 2365 exercitu,
1035 2307 1131 2365 quem
1146 2295 1172 2353 in

189 2374 323 2436 bibernis
345 2375 440 2436 autin
462 2374 626 2450 praesidiis
645 2374 709 2450 agri
723 2374 831 2436 Bruttii
846 2374 1008 2449 habuerat,
1032 2375 1064 2434 in
1079 2377 1173 2437 Luca-

189 2474 246 2519 nos
262 2458 302 2518 ad
315 2458 512 2522 Grumentum
525 2458 610 2518 venit
623 2474 681 2535 spe
694 2457 861 2536 recipiendi
877 2458 1002 2534 oppida,
1020 2475 1104 2533 quae
1119 2477 1174 2536 per

188 2548 300 2603 metum
314 2543 353 2602 ad
361 2543 518 2604 Romanos
535 2541 731 2603 deiecissent.
754 2542 866 2602 eodem
879 2558 898 2601 a
909 2543 1048 2604 Venusia
1065 2547 1172 2604 consul

187 2625 343 2686 Romanus
365 2625 530 2701 exploratis
552 2626 710 2688 itineribus
726 2625 897 2702 contendit,
923 2632 954 2686 et
966 2626 1048 2686 mille
1065 2627 1132 2687 lere
1146 2636 1173 2687 et

189 2707 372 2783 quingentos
388 2724 500 2784 passus
516 2716 618 2772 castra
631 2711 713 2770 locat
727 2709 764 2769 ab
780 2710 878 2770 lrostc.
914 2710 1071 2771 Grumenti
1088 2728 1170 2772 moe·
1206 2729 1207 2795 t

189 2790 277 2851 nibus
290 2807 389 2867 prope
404 2791 567 2853 iniunctum
586 2791 922 2855 videbaturl‘ocnorum
938 2795 1069 2866 vallum;
1087 2796 1167 2871 quin·

187 2873 268 2949 genti
289 2890 403 2950 passus
425 2876 599 2937 intererant.
630 2882 730 2937 castra
744 2876 857 2938 Punica
878 2891 914 2938 ae
935 2878 1077 2938 Romana
1097 2879 1171 2940 inter

188 2958 307 3020 iacebat
325 2973 469 3035 campus;
500 2960 594 3020 colles
621 2960 816 3022 imminebant
839 2961 912 3022 nudi
937 2961 1064 3023 sinistro
1086 2963 1168 3024 lateri
1205 2943 1206 3011 l

188 3041 497 3118 Carthaginiensium,
519 3043 627 3104 dextro
641 3044 863 3120 Romanorum,
887 3046 1002 3107 neutris
1023 3048 1167 3124 suspecti,

188 3127 270 3201 quod
286 3126 359 3186 nibil
375 3126 472 3187 silvae
486 3141 587 3201 neque
602 3127 641 3187 ad
663 3129 790 3191 insidias
806 3128 989 3191 latebrarum
1004 3130 1165 3192 habebant.
1204 3133 1205 3227 l

187 3208 216 3268 in
238 3209 339 3268 medio
362 3224 471 3284 cumpo
493 3209 531 3269 ab
553 3211 734 3273 stationibus
764 3221 981 3288 procursantes
1003 3216 1165 3277 certamina

186 3290 267 3350 haud
282 3291 356 3351 satis
370 3291 461 3366 digna
474 3293 556 3353 dictu
572 3293 722 3355 serebant.
745 3295 776 3355 id
788 3297 1060 3360 modoRomanum
1074 3316 1157 3377 quae
1203 3281 1204 3330 ³

186 3387 253 3462 rere
269 3373 443 3448 apparebat,
461 3390 499 3434 ne
511 3375 594 3434 abire
604 3377 724 3437 bostem
736 3386 902 3454 pateretum
919 3380 1072 3442 Hannibal
1086 3382 1162 3444 elabi

188 3454 257 3513 rode
269 3456 394 3529 cupiens
407 3455 477 3516 totis
489 3457 604 3516 viribus
620 3459 649 3517 in
666 3459 762 3522 aciem
775 3461 993 3525 descendebat.
1016 3471 1079 3526 turn
1091 3481 1159 3526 con·
