2428 3892
214 211 277 277 106
381 209 497 272 llBtltt
510 208 616 272 XXVI.
637 205 720 268 CAP.
734 215 762 268 t.
773 216 801 270 b.
822 211 860 280 [a.
877 210 909 264 U.
925 227 952 264 e.
966 208 1033 276 etl]

214 370 248 426 ut
258 361 344 438 quod
357 359 473 420 viribus
488 357 608 432 deerat,
631 365 695 418 arte
709 363 904 432 aequaretur.
941 371 985 416 ex
1001 353 1132 416 omnibus
1142 355 1169 415 le

178 499 185 513 .
214 438 1115 524 sionibuseleetisuntiuvenesmaximeuigoreaelevitate
1124 453 1169 497 om

214 546 324 608 porum
340 529 481 597 velocem
503 526 549 588 eis
562 541 686 601 parmae
700 523 859 585 breviores
875 539 970 599 quam
987 529 1170 598 ‹aquesuese

215 619 344 689 septena
357 612 457 672 iacula
469 617 635 686 quaternos
647 610 739 684 longa
750 609 849 684 pedes
864 607 937 668 data
951 607 1093 683 praefixa
1106 607 1170 678 terro,

216 699 307 773 quate
320 695 417 756 hastis
433 693 608 754 velitaribus
624 693 712 754 inest
734 709 791 753 eos
804 692 945 767 singulos
963 692 995 752 ia
1012 705 1108 766 equos
1118 705 1170 749 suu

215 779 401 856 accipientes
415 778 536 854 equites
550 777 788 840 adsueteeerunt
801 783 833 837 et
846 776 917 836 vehi
932 782 1010 852 post
1023 790 1094 836 sese
1102 781 1129 834 et
1137 773 1172 832 de·

215 863 479 940 silireparnieiter,
488 863 541 924 ubi
552 862 657 922 datam
667 860 788 936 siguum
799 867 893 921 esset.
908 866 1079 936 postquam
1089 857 1172 918 adsue

214 949 319 1009 tudine
340 946 518 1022 quotidiana
531 947 606 1007 satis
626 943 777 1020 intrepide
790 943 856 1006 llari
871 944 972 1004 visum
988 950 1052 1016 est,
1073 943 1102 1002 io
1115 956 1173 1000 aaa·

214 1047 302 1109 pum,
326 1031 379 1106 qui
399 1030 519 1092 medius
540 1030 618 1090 inter
630 1035 732 1090 eastra
745 1045 925 1104 murumque
940 1035 1028 1105 erat,
1049 1027 1173 1087 adversus

214 1117 379 1176 instructos
394 1115 618 1191 campanorum
632 1112 1006 1189 equttosproaesserunm
1027 1118 1074 1185 et,
1092 1107 1173 1170 abiud
1191 1143 1192 1184 r

152 1243 158 1254 ,
215 1199 386 1261 uonieetum
407 1198 458 1259 teli
478 1205 600 1258 ventum
621 1204 683 1269 est,
705 1197 795 1271 signo
816 1197 890 1258 dato
913 1197 1026 1258 uelites
1048 1193 1192 1256 desiliunt*

214 1283 369 1360 pedestris
384 1283 456 1344 inde
470 1283 553 1343 acies
568 1297 609 1342 ex
622 1281 759 1355 equitatu
772 1287 900 1357 repente
914 1282 945 1342 in
962 1280 1097 1342 hostium
1110 1275 1171 1351 equ'·
1191 1299 1192 1350 t

215 1377 263 1428 tes
284 1369 421 1439 incurrit,
443 1367 605 1440 iaculaque
624 1381 695 1426 curn
709 1366 825 1441 impetu
842 1365 905 1425 elia
920 1380 1020 1442 super
1035 1363 1093 1426 alia
1112 1359 1172 1420 emit-
1191 1371 1192 1408 t

214 1459 288 1513 tunt
317 1452 429 1525 quibus
442 1451 580 1527 plurimis
595 1449 627 1510 in
640 1465 739 1524 equos
753 1449 902 1526 virosque
915 1444 1172 1526 possimeonioetis

215 1535 383 1615 permultos
399 1535 647 1610 vulneraverunt,
669 1534 796 1610 pavoris
810 1541 911 1596 umen
926 1534 1001 1611 plus
1015 1549 1056 1594 ax
1070 1547 1102 1591 re
1113 1543 1172 1590 nota

213 1629 307 1697 atque
317 1619 474 1698 inopinata
484 1618 694 1693 iniectantest,
710 1625 740 1680 et
749 1619 780 1678 in
792 1619 969 1694 persalsum
981 1619 1101 1680 hasten
1111 1612 1173 1688 aqui

215 1712 262 1766 tes
277 1704 389 1766 invecti
405 1706 507 1780 lugam
521 1711 716 1780 stragemque
736 1717 844 1764 eorum
857 1704 1017 1778 usqae-ad
1033 1707 1129 1779 portas
1144 1697 1171 1756 le·

215 1795 330 1850 aarum.
364 1789 436 1850 inde
455 1788 591 1863 equitata
612 1802 737 1864 qaoque
757 1787 902 1863 superior
913 1785 1057 1850 Romana
1070 1800 1116 1845 res
1128 1780 1172 1842 tut

215 1872 383 1936 institutum
397 1879 429 1933 ut
442 1873 550 1934 velites
565 1873 595 1932 in
610 1870 782 1946 legionibus
797 1878 913 1932 essent.
937 1879 1098 1934 «auctorem
1111 1864 1172 1943 pedi·

216 1964 280 2020 tum
293 1958 385 2033 equiti
400 1957 669 2018 immisoendorum
683 1955 892 2018 oenhuionem
902 1956 937 2031 Q.
949 1957 1081 2018 Navium
1090 1955 1171 2020 lerunt

218 2040 389 2118 labantique
403 2042 435 2102 id
450 2042 478 2102 ei
493 2040 578 2118 apud
591 2041 806 2116 imperatorem
821 2040 927 2102 luisse.

298 2127 338 2188 V.
365 2125 439 2188 (lam
454 2125 483 2186 in
498 2126 559 2188 hoe
573 2131 656 2186 statu
669 2124 708 2186 ad
725 2125 862 2200 capuam
875 2141 927 2185 res
940 2130 1065 2198 essent,
1083 2115 1171 2182 Hanni

216 2205 482 2272 balemdiversum
488 2209 668 2272 'larentinae
682 2208 762 2270 areis
778 2209 945 2284 potiundae
953 2209 1131 2286 capuaeque
1138 2215 1171 2260 rt·

153 2339 157 2346 .
215 2293 359 2356 uaendae
372 2294 532 2356 trahebant
546 2309 646 2354 aurae.
682 2293 755 2354 visit
768 2299 870 2354 amen
885 2302 1048 2370 respectus
1062 2291 1170 2364 capuae,
1190 2293 1191 2360 ἐ

215 2377 246 2438 ln
258 2394 350 2453 quam
363 2377 499 2441 omnimo
513 2379 669 2440 sociorum
679 2377 877 2452 hostiumque
891 2393 1064 2440 conversos
1075 2369 1172 2434 ulmal
1190 2399 1191 2406 ἒ

217 2461 345 2538 animos,
366 2463 550 2524 documento
565 2463 693 2535 laturae,
716 2462 973 2538 qualemcumque
985 2467 1124 2524 evonttlm
1135 2452 1191 2512 det

217 2545 307 2608 lectio
322 2547 362 2608 ab
376 2546 522 2607 Romanis
537 2545 707 2606 habuisset
738 2543 830 2620 igitur
843 2561 954 2621 magna
969 2553 1056 2623 parte
1070 2535 1171 2616 impedi·

216 2636 388 2690 mentorum
401 2629 507 2690 retiola
520 2629 682 2690 inBruttiis
697 2637 728 2691 et
742 2629 825 2692 omni
838 2630 983 2705 graviore
995 2634 1109 2691 armatu
1122 2633 1171 2681 ura
1190 2623 1191 2694 l

216 2712 343 2775 doleatis
358 2713 494 2790 peditum
508 2714 714 2790 equitumque,
734 2730 825 2788 quam
840 2721 961 2790 poterat
976 2700 1171 2791 meministi

216 2799 428 2860 emanandum
442 2797 508 2870 iter,
530 2798 561 2858 in
576 2792 772 2873 Campahiam
786 2798 952 2861 eontendit.
982 2797 1081 2860 secui
1094 2801 1171 2855 uult

215 2887 278 2940 taur
292 2883 405 2959 raptim
419 2889 540 2944 euntem
553 2890 616 2944 tres
632 2889 662 2942 et
675 2881 797 2958 triginta
811 2882 974 2959 elephanti.
1001 2882 1038 2944 in
1051 2879 1123 2943 vale
1134 2883 1170 2965 ⁰.⁰‘

217 2964 299 3028 salba
314 2973 391 3043 quast
408 2966 505 3030 Tifata
523 2975 657 3030 montem
678 2966 883 3028 imminentem
898 2966 1028 3044 ‘capuae
1045 2955 1169 3027 *mussat

216 3047 385 3114 adveniens
400 3067 470 3114 eum
481 3053 641 3114 oastellum
653 3049 804 3112 Galatiam
818 3050 977 3126 praesidio
992 3053 1024 3112 vi
1041 3049 1122 3128 pulso
1133 3053 1165 3133 tt·

216 3133 330 3210 pisoat,
351 3136 382 3199 in
403 3136 661 3219 oireomsedentes
676 3134 811 3212 corruam
828 3150 866 3197 se
879 3137 979 3198 vertit.
1018 3129 1164 3213 praemissit

216 3235 349 3298 namque
364 3221 476 3285 nantis
488 3221 631 3297 Capuam,
647 3235 710 3296 quo
725 3226 864 3296 tempora
878 3228 980 3282 eastra
989 3205 1161 3284 Rouanaad

216 3319 380 3378 gressuum
390 3313 486 3381 esset,
501 3312 535 3368 ut
544 3303 749 3367 eodemetilti
760 3304 802 3365 ad
813 3305 1006 3382 autiphonam
1015 3298 1107 3381 parati
1116 3305 1160 3372 pur

216 3388 255 3448 tls
265 3389 411 3452 eamibus
424 3405 497 3451 sese
511 3388 711 3465 manderent,
726 3389 880 3463 urgentem
890 3389 1159 3467 praebalteatum

216 3486 286 3532 uara
305 3473 366 3534 alia
384 3480 471 3550 parte
492 3471 561 3549 ipse
587 3473 712 3533 adortus
734 3478 796 3544 est,
831 3473 893 3532 alia
912 3472 1057 3551 campani
1075 3473 1159 3529 omntt
