2448 3900
194 203 257 268 294
355 201 471 264 LIBER
481 200 586 262 xxllt.
600 197 683 262 cti).
697 205 740 262 tt.
753 207 796 260 ld·
811 204 850 272 [ι.
862 203 897 258 U.
910 219 935 256 e.
945 202 1012 269 5⁴8]

195 372 399 436 praegressus
424 362 559 416 actutum
578 351 612 414 in
632 352 718 416 ltalia
744 353 812 414 lore
835 350 1054 430 nuntiaverat,
1079 367 1188 414 recem

194 440 320 506 nuntius
334 441 442 502 aderat
454 435 637 500 Tarracinae
650 435 711 498 iam
726 453 809 498 esso.
844 437 928 500 haud
943 452 1072 512 parvae
1086 452 1136 498 ret
1150 455 1188 500 ru-

194 524 308 590 dicium
323 531 463 586 sonatum
478 523 609 595 tenebat,
627 521 679 597 qui
694 518 885 597 viroptimus
899 520 1080 582 incivitate
1092 535 1189 582 esset·

193 627 299 672 veram
320 606 582 670 consolatoriam
602 605 670 668 eius
691 604 736 666 roi
757 604 817 666 sibi
833 605 968 682 quisque
983 605 1086 666 malle
1104 622 1189 680 quarn

193 695 257 757 ullo
275 691 405 770 imperia
424 691 602 753 honoresve
622 689 771 766 suffragio
793 705 850 752 seu
870 698 994 766 patrum
1012 705 1078 752 scu
1096 691 1188 765 plenis

194 779 324 840 delatos.
345 775 379 836 P.
392 774 570 852 Scipionem
584 773 637 836 Gn.
653 771 749 836 lilium
763 775 841 849 eius,
856 773 909 850 qui
923 774 954 836 iu
965 773 1133 848 llispama
1147 791 1188 834 co·

194 861 320 937 uiderat,
337 860 567 922 adolescentem
580 859 718 920 nondum
733 858 952 934 quaestorium,
969 858 1188 920 iudicaverunt

193 948 224 1008 ln
238 954 303 1009 toto
324 943 445 1007 civitate
459 943 559 1006 virum
573 945 726 1006 bonorum
740 943 888 1018 optimum
901 959 986 1004 esse.
1025 942 1062 1003 id
1079 943 1186 1018 quibus

193 1030 356 1093 virtutibus
370 1027 486 1091 inducti
500 1029 542 1090 ita
555 1027 728 1100 iudicarint,
743 1026 823 1090 sicut
836 1027 980 1091 traditum
995 1043 1019 1086 a
1035 1028 1185 1102 proxmus

193 1115 358 1178 memoriae
379 1122 552 1190 temporum
574 1113 695 1174 illorum
710 1112 914 1186 scriptoribus
926 1112 1037 1174 libens
1051 1111 1185 1188 posteris

193 1200 361 1274 traderem,
381 1197 424 1260 itu
445 1213 530 1258 uncas
546 1196 711 1274 opiniones
726 1195 930 1262 coniectando
946 1212 1017 1258 rem
1034 1205 1185 1258 vetustate

193 1285 334 1348 obrutam
348 1299 410 1344 nou
424 1281 628 1357 interponam.
651 1280 683 1340 P.
699 1279 860 1344 cornelius
874 1297 944 1343 curu
957 1279 1114 1342 omnibus
1128 1297 1184 1340 ma·

193 1367 290 1431 uonis
307 1367 422 1430 Ostiam
436 1365 482 1428 ire
496 1365 602 1428 iussus
618 1365 740 1426 obviam
755 1366 842 1438 deae,
858 1365 949 1440 isque
963 1380 1037 1426 eam
1051 1365 1098 1426 de
1113 1380 1185 1426 nave

193 1453 337 1530 accipere
357 1460 388 1514 et
401 1450 433 1512 in
453 1460 566 1512 terram
586 1451 696 1512 elatam
710 1450 833 1512 tradere
847 1450 1010 1512 terendam
1024 1449 1183 1512 matronis

194 1545 360 1613 postquam
381 1536 470 1598 navis
485 1535 527 1596 ad
540 1534 654 1598 ostium
666 1533 765 1596 aronis
780 1533 913 1595 Tiberini
928 1533 1087 1608 accessit,
1110 1532 1184 1595 sicut

194 1629 259 1681 erat
273 1619 395 1693 iussus,
409 1619 441 1680 in
456 1621 556 1682 salum
570 1635 650 1680 aare
663 1625 791 1681 euectus
805 1618 844 1678 ab
860 1618 1084 1680 sacerdotibus
1099 1617 1183 1679 deam

193 1703 314 1779 accepit
328 1704 496 1780 extulitque
511 1703 542 1766 in
557 1711 678 1766 torrem.
701 1709 860 1764 matronae
872 1702 1028 1780 primores
1040 1699 1182 1776 civitatis,

193 1787 273 1849 inter
289 1805 367 1864 quas
382 1786 474 1850 unius
491 1788 636 1851 Claudiae
652 1787 781 1862 Quintae
794 1787 916 1864 insigne
930 1795 978 1848 est
990 1802 1123 1862 nomeu,
1137 1802 1179 1846 oc·
1214 1797 1215 1802 ’

194 1888 323 1948 cepere;
346 1872 397 1934 oui
416 1872 525 1946 dubia,
545 1879 580 1934 ut
600 1872 743 1944 traditur,
764 1879 855 1934 antea
868 1873 950 1932 lama
963 1869 1133 1934 clariorem
1147 1869 1181 1930 ad

193 1965 338 2035 posteros
363 1964 425 2019 tam
445 1955 592 2032 religioso
615 1954 783 2019 ndnistcrio
805 1956 983 2032 pudicitiam
1005 1953 1094 2016 lecit
1128 1971 1181 2016 eae

193 2057 250 2118 per
264 2057 391 2115 manus,
413 2042 618 2102 succedentes
635 2040 747 2102 deinde
763 2039 843 2104 aliae
856 2039 936 2113 eliis,
958 2038 1042 2103 omni
1059 2039 1181 2102 obviam

195 2125 295 2188 cllusa
309 2125 440 2201 civitate,
455 2124 596 2188 turibulis
609 2135 680 2188 ante
691 2125 800 2186 ianuas
812 2124 933 2200 positis,
949 2140 1013 2200 qua
1024 2124 1182 2200 praetere

193 2210 290 2285 batur,
307 2218 398 2286 atque
412 2226 546 2272 accenso
561 2215 638 2285 ture,
653 2209 852 2286 precantibus
865 2215 899 2272 ut
909 2209 1021 2270 voleus
1033 2207 1183 2284 propitia-

195 2311 256 2370 que
276 2294 384 2354 urbem
404 2296 575 2356 Romanam
595 2292 700 2368 iniret,
725 2292 757 2354 iu
778 2295 887 2358 oedem
907 2291 1085 2367 Victoriae,
1105 2308 1182 2368 quae

193 2386 241 2439 est
254 2376 286 2438 in
301 2376 432 2453 Palatio,
455 2379 608 2454 pertrdore
623 2379 712 2440 deam
727 2375 826 2453 pridie
840 2378 910 2441 idrus
925 2375 1070 2452 Apriles3
1094 2375 1182 2453 isque

195 2459 262 2524 dios
276 2463 374 2524 tostus
390 2461 454 2523 luit.
491 2465 626 2538 populus
642 2465 788 2538 frequens
805 2462 886 2524 dona
901 2461 979 2524 deae
996 2460 1084 2532 tulits
1100 2460 1181 2524 leoti-
1213 2458 1214 2519 l

193 2545 404 2622 stcruiumque
419 2553 450 2607 et
463 2545 527 2607 ludi
542 2547 637 2620 luere,
651 2544 820 2623 Megalesia
834 2547 998 2622 appellato.

277 2630 343 2690 XV.
368 2631 442 2690 Cum
456 2631 496 2692 de
511 2634 726 2706 supplemento
740 2629 897 2706 legionum
913 2645 993 2706 quae
1008 2629 1041 2690 ia
1056 2629 1180 2705 provin—

195 2711 251 2774 ciis
267 2720 355 2774 erant
368 2722 519 2788 ageretur,
534 2722 655 2790 tempus
670 2732 744 2776 esso
754 2732 773 2776 a
785 2714 972 2792 quibusdam
983 2713 1179 2774 senatoribus
1193 2715 1197 2724 '

194 2795 365 2858 subiectum
387 2803 448 2872 cst,
471 2814 552 2875 queo
571 2800 672 2862 dubiis
695 2799 726 2860 in
747 2799 843 2860 rebus
861 2807 1032 2874 utcumque
1052 2800 1178 2860 tolerata

194 2886 309 2957 esseut,
324 2898 362 2942 ea
376 2881 500 2958 dempto
513 2881 574 2943 iam
585 2884 710 2945 taudem
721 2885 814 2946 deum
824 2881 1014 2958 benignitate
1024 2889 1113 2944 metu
1124 2899 1177 2944 nou

195 2967 273 3028 ultre
287 2964 359 3042 pati.
385 2968 496 3030 erectis
511 2967 744 3044 exspectatione
759 2967 897 3044 patribus
913 2967 1119 3028 subiecerunt
1132 2983 1176 3028 co·
1212 2999 1213 3004 κ

195 3048 293 3113 lonias
307 3051 431 3113 Latinas
447 3050 619 3126 duodecim,
638 3069 718 3129 quae
734 3053 766 3126 Q.
781 3053 877 3114 Fabio
892 3059 924 3114 et
938 3052 971 3126 Q.
983 3050 1097 3112 Fulvio
1113 3068 1174 3112 con·

194 3136 313 3198 sullbus
339 3136 521 3198 abnuissent
544 3135 655 3199 utilites
676 3138 766 3211 dare,
793 3153 847 3198 eas
868 3153 982 3198 anuum
1003 3135 1068 3198 iem
1090 3138 1174 3198 terme

195 3227 316 3280 sextmu
343 3221 535 3283 vacationem
563 3222 686 3283 militiae
713 3221 803 3298 quasi
828 3221 959 3282 honoris
982 3225 1014 3282 et
1039 3217 1172 3280 beneficii

195 3315 291 3362 causa
310 3302 441 3376 habere,
462 3319 532 3364 cum
545 3302 664 3364 interim
678 3303 752 3366 boni
768 3304 1015 3380 obedientesque
1029 3303 1112 3366 socii
1126 3320 1171 3380 pro
1211 3333 1212 3344 κ

195 3381 257 3444 tlde
284 3391 378 3460 atque
407 3387 559 3462 obsequio
590 3386 621 3445 iu
651 3389 799 3462 populum
826 3390 999 3452 Romanum
1028 3387 1172 3448 continuis

196 3463 329 3526 onmium
350 3483 499 3530 annorum
520 3469 683 3529 dilectibus
705 3470 848 3532 exhausti
868 3477 985 3532 esseut
1022 3473 1084 3534 sub
1104 3472 1172 3532 hano
