2428 3892
251 175 366 237 creua
380 175 486 238 xxvi.
510 175 592 237 cnr.
608 183 651 238 n.
675 177 832 255 [acan]
966 175 1031 240 tao

54 324 186 402 tragisse,
203 332 234 389 et
247 342 287 390 eo
301 328 493 390 redacturum
509 343 589 402 esse,
606 334 641 389 ut
654 342 714 387 non
731 325 768 388 iis
782 328 875 388 modo
892 326 1026 406 urbibus,

51 426 123 486 quas
142 411 282 486 pervim
303 413 492 472 ademissent
504 412 639 486 Aetolis,
661 413 826 485 excedant,
850 413 907 473 sed
927 412 1025 489 ipsam

49 494 258 556 Macedoniam
274 497 416 558 intestam
427 495 575 566 habacum
599 503 628 556 et
635 496 824 570 Acarnanas,
841 510 920 571 quos
935 512 1027 572 aegra

49 579 155 640 teuent
168 579 272 641 Aetoli
294 596 313 640 a
333 595 464 657 corpore
478 595 536 641 suo
559 580 741 654 diremptos,
763 579 970 642 restituturum
991 597 1027 643 sc

49 662 75 720 in
86 662 237 738 antiquam
250 664 410 724 formulam
422 663 560 739 iurisque
573 679 609 723 ac
621 663 752 724 dicionis
763 679 869 725 eorum
880 686 936 720 -=
949 665 1028 727 baec

50 745 122 804 dicta
135 748 354 822 promissaque
369 749 533 808 aRomano
549 749 733 824 imperatore
748 746 878 824 Scopas,
895 747 1026 824 quitum

49 835 163 902 praetor
181 833 285 914 gentis
308 840 386 908 erat,
408 839 438 892 et
458 831 659 894 Dorimachus
681 831 825 908 princeps
845 833 1025 894 Aetolorum

50 912 282 977 adlinnavemmt
296 917 475 978 auctoritate
490 933 558 988 sua,
579 916 697 976 minore
712 931 781 978 eum
794 917 982 977 verecundia
996 924 1027 978 et

50 997 153 1056 maiore
174 1013 245 1060 cum
267 1000 331 1061 fide
352 1001 414 1061 vim
434 1001 686 1075 maiestatemque
700 999 807 1077 populi
820 999 950 1061 Romani
972 1017 1025 1060 ex·
1053 1009 1056 1016 '

50 1080 188 1142 tollentes.
220 1085 356 1144 maxime
369 1091 469 1145 tamen
494 1099 568 1161 spes
583 1084 751 1160 potiundae
772 1084 917 1145 movebat
928 1087 1024 1145 Acar·

51 1164 156 1226 neniae.
188 1166 284 1242 igitur
298 1170 492 1245 conscriptae
506 1169 720 1243 condiciones,
743 1168 854 1244 quibus
869 1168 900 1228 in
921 1169 1025 1230 amici-

51 1247 112 1308 tiam
125 1250 368 1329 societatemque
382 1253 625 1330 populiRomaui
640 1253 792 1323 venirent;
816 1252 1024 1328 additumque,

54 1337 81 1390 ut
92 1332 113 1391 si
124 1334 264 1409 placeret
280 1339 461 1422 vellentque,
478 1337 587 1398 eodem
602 1338 668 1398 iure
684 1337 834 1397 amicitiae
848 1336 915 1396 Elei
928 1337 1023 1397 Lace·

56 1414 254 1495 daemoniique
266 1422 424 1483 etAttalus
436 1421 628 1483 etPleuratus
640 1420 895 1481 etScerdilaedus
907 1427 1021 1496 essent,

52 1498 132 1561 Asiae
143 1505 277 1582 Attalus,
300 1506 331 1566 hi
345 1505 494 1568 Thracum
509 1514 538 1568 et
551 1501 723 1583 illyriorum
739 1519 839 1580 reges.
861 1504 974 1567 bellum
989 1513 1023 1566 ut

52 1588 188 1663 extemplo
204 1590 309 1651 Aetoli
326 1605 395 1652 cum
409 1589 550 1667 Philippo
565 1598 646 1651 terra
660 1597 814 1665 gererent:
837 1589 967 1650 navibus
983 1605 1022 1650 ne

52 1667 137 1729 minas
155 1672 265 1747 viginti
287 1675 422 1752 quinque
441 1673 711 1752 quinqueremibus
732 1674 891 1734 adiuvaret
910 1674 1021 1736 Roma-

51 1765 107 1810 nus.
137 1755 259 1819 urbium
277 1759 430 1838 corcyrae
450 1765 539 1820 tenus
555 1759 593 1818 ab
606 1758 728 1818 Aetolia
747 1758 902 1834 incipienti
920 1760 1021 1820 solum

51 1840 176 1913 tectaque
190 1849 221 1901 et
234 1844 314 1904 muri
330 1859 398 1904 cum
413 1845 495 1918 agris
509 1843 697 1916 Aetolorum,
717 1843 776 1904 alia
791 1843 890 1902 omnis
906 1844 1021 1919 praeda

51 1922 282 1994 populiRomani
297 1936 389 1990 esset.
410 1928 578 2002 darentque
593 1941 719 2003 operam
726 1927 863 2001 Romani,
879 1935 913 1987 ut
925 1928 1020 1988 Acar-

51 2002 157 2067 naniam
166 2011 442 2074 Aetolihaberent
461 2009 487 2072 si
496 2008 597 2071 Aetoli
608 2025 717 2072 oacem
739 2025 807 2071 cum
820 2009 960 2086 Philippo
977 2012 1020 2070 lu·

52 2093 155 2163 carent,
184 2092 304 2153 loederi
328 2093 554 2169 adscriberent,
581 2094 623 2154 ita
642 2109 738 2154 ratam
759 2095 825 2154 lore
847 2109 971 2170 pacem,
993 2095 1021 2155 si

52 2163 194 2260 Pbilippus
218 2193 304 2238 arma
325 2177 364 2237 ab
378 2179 525 2238 Romanis
546 2178 703 2255 sociisque
719 2179 833 2254 quique
853 2191 959 2238 eorum
974 2178 1017 2238 di-

51 2254 135 2315 cionis
149 2269 255 2323 essent
269 2261 483 2324 abstinuisset:
505 2263 585 2337 item,
600 2261 627 2323 si
642 2263 775 2339 populus
782 2263 939 2324 Romanus
954 2263 1022 2323 loe·

51 2332 113 2396 dere
125 2339 299 2419 iungeretur
311 2346 391 2422 regi,
412 2354 446 2408 ut
459 2355 595 2421 caveret,
618 2363 657 2406 ne
672 2347 719 2407 ius
735 2347 762 2406 ei
777 2345 847 2407 belli
869 2345 1018 2406 inserendi

52 2417 154 2484 Aetolis
165 2429 323 2506 sociisque
335 2446 441 2491 eorum
453 2437 545 2492 esset.
565 2431 641 2491 haec
653 2437 868 2506 convenemnt,
883 2429 1016 2492 conscri-

54 2509 151 2582 litque
163 2511 288 2575 biennio
304 2522 376 2592 post
390 2514 550 2594 Olympiae
566 2516 604 2575 ab
619 2517 746 2591 Aetolis,
767 2517 796 2576 in
813 2515 962 2592 Capitolio
978 2514 1016 2575 ab

52 2584 191 2668 Romanis,
206 2605 241 2660 ut
254 2606 365 2661 testata
379 2601 507 2661 sacratis
522 2601 725 2662 monumentis
741 2607 855 2673 essent,
877 2607 948 2661 sunt
961 2615 1018 2677 po·
1127 2659 1131 2675 ,

52 2668 107 2730 sita.
143 2695 248 2766 morae
269 2699 364 2746 causa
386 2686 506 2745 merant
525 2686 633 2746 retenti
653 2685 769 2746 Romae
791 2683 904 2746 diutius
925 2683 1017 2762 legati

51 2755 222 2850 Aetolorum.
267 2784 325 2828 nee
345 2775 446 2829 umen
468 2769 684 2846 impedimento
705 2770 736 2829 id
757 2769 851 2832 rebus
872 2768 1018 2846 gerendis

53 2833 110 2898 lu1t=
123 2849 257 2912 etAetoli
270 2855 423 2929 extemplo
435 2862 597 2916 moverunt
611 2855 762 2916 adversus
770 2853 942 2931 Philippum
952 2853 1018 2915 bel-

51 2915 109 2999 lum,
129 2938 158 2990 et
170 2933 323 2997 Laevinus
338 2937 527 3016 Zacynthum
544 2973 581 2983 -
598 2955 696 3016 parva
714 2940 814 3000 insula
829 2948 876 2999 est
891 2939 1017 3015 propin-

54 3018 103 3076 lut
114 3011 264 3094 Aetoliae,
287 3021 394 3082 urbem
414 3041 505 3084 unam
526 3025 635 3084 eodem
652 3040 713 3100 quo
736 3026 806 3099 ipsa
827 3031 878 3084 est
892 3021 1017 3082 nomine

54 3084 263 3164 labet-021„
278 3113 400 3181 praeter
415 3123 516 3167 arcem
530 3111 560 3168 vi
576 3110 664 3184 cepit,
679 3116 710 3169 et
722 3107 874 3170 Oeniadas
886 3107 1015 3166 Nasum·

54 3179 297 3249 suencamanum
311 3197 417 3267 captas
425 3192 543 3252 Aetolis
559 3192 728 3254 contribuit.
750 3191 922 3266 Philippum
937 3202 1014 3264 quo·

56 3269 102 3328 lle
114 3268 184 3330 satis
198 3271 384 3354 implicatum
399 3275 480 3335 bello
495 3276 621 3338 finitimo
636 3283 730 3346 ratus,
753 3291 792 3334 ne
807 3274 923 3334 ltaliam
937 3271 1013 3331 Poe-

54 3350 153 3420 ¹¹⁰⁸lltle
164 3362 192 3415 et
202 3366 292 3432 pacta
303 3373 372 3420 cum
379 3358 548 3420 Hannibale
557 3368 664 3438 posset
672 3359 836 3436 respicere,
849 3357 1014 3434 Corcyram

56 3415 109 3494 lise
121 3447 153 3495 se
164 3442 289 3518 recepit.

86 3526 107 3569 T·
120 3530 175 3582 ttvr
189 3541 266 3586 onus
281 3526 330 3586 lli.
793 3550 810 3600 9
