2434 3902
102 321 107 332 ,
180 253 244 319 ara
321 256 435 317 omna
451 256 570 317 xxvu.
592 257 675 316 oar.
689 264 734 319 n.
749 265 793 320 rs.
816 265 852 333 [ι.
865 263 900 316 υ.
913 281 936 317 0.
949 265 1015 332 soar

178 411 237 472 alia
252 427 286 471 re
299 412 411 474 tutiora
427 427 520 486 quam
534 399 641 471 errore‘
652 409 765 484 hostis,
789 409 841 486 qui
856 410 965 472 ducem
980 411 1056 472 inde
1071 418 1152 490 atque

178 495 330 556 exercitus
351 501 468 572 partem
489 494 603 556 abesse
621 495 784 570 ignoraret.
818 493 891 569 quid
912 495 1064 574 futurum,
1086 496 1112 556 si
1129 498 1152 558 id

177 580 278 656 palam
293 579 355 652 flat
370 585 401 638 et
413 585 466 638 aut
479 578 600 654 insequi
611 579 763 639 Neronem
774 593 842 638 oum
853 593 911 638 sex
924 579 1050 640 milibus
1067 597 1153 640 arma·

177 669 277 723 tonum
291 663 463 738 prolectum
476 661 627 723 Hannibal
642 668 705 724 toto
729 661 865 722 exercitu
879 663 967 737 velit,
992 671 1049 725 aut
1060 671 1154 725 castra

178 746 324 809 invadere
337 747 473 822 praedae
487 746 594 806 relicta
607 747 674 807 sine
688 745 820 823 viribus,
843 746 910 808 sine
924 747 1075 825 imperio,
1097 749 1154 808 sine

179 830 339 906 auspicio?
357 837 477 891 veteres
493 831 558 891 eius
570 832 642 892 belli
655 831 768 902 clades,
786 831 846 892 duo
861 832 1007 894 consules
1018 834 1154 908 proximo

178 930 258 974 anno
271 914 417 975 interfecti
429 914 589 976 terrebant.
612 920 643 974 et
653 930 690 974 ea
706 914 807 975 omnia
821 916 983 991 accidisse,
1001 932 1075 977 eum
1085 933 1154 978 uuus

178 998 344 1075 imperator
363 1015 444 1059 unus
466 999 618 1060 exercitus
639 997 774 1060 hostium
794 999 826 1057 in
847 1000 935 1060 Italia
956 1007 1060 1060 esset:
1083 1016 1154 1060 nuno

179 1083 241 1144 duo
262 1082 343 1143 bella
362 1082 476 1142 Punica
494 1082 589 1157 lacto,
612 1083 691 1144 duos
712 1082 852 1156 ingentes
877 1083 1053 1159 exereitus,
1083 1085 1154 1144 duos

178 1182 276 1242 prope
289 1166 476 1226 Hannibales
497 1166 526 1226 in
542 1165 627 1226 ltalia
641 1181 722 1226 esse.
755 1165 871 1242 quippe
886 1173 916 1228 et
929 1167 1154 1228 Hasdrubalem

177 1257 264 1326 patre
280 1252 389 1311 eodem
403 1251 574 1310 Hamilcare
588 1250 731 1326 genitum,
747 1265 847 1324 aeque
861 1251 1025 1327 impigrum
1041 1252 1154 1326 ducem,

178 1351 234 1410 per
246 1341 291 1395 tot
306 1351 403 1396 annos
418 1336 447 1394 in
463 1335 612 1410 Hispania
625 1335 763 1395 Romano
780 1335 978 1395 exercitatum
992 1335 1090 1411 bello,
1111 1351 1154 1410 ge·

177 1419 259 1478 mina
272 1419 399 1480 victoria
418 1419 569 1494 insignem
584 1418 704 1478 duobus
726 1417 911 1478 exercitibus
933 1434 1004 1480 eum
1026 1419 1154 1480 clarissi-

177 1504 235 1562 mis
256 1503 386 1564 ducibus
408 1503 526 1563 deletis.
571 1519 642 1561 narn
661 1501 777 1563 itineris
799 1501 924 1578 quidem
945 1503 1154 1563 celeritatem

177 1587 326 1662 Hispania
341 1594 371 1646 et
382 1585 540 1647 concitatis
555 1586 595 1646 ad
608 1584 821 1646 armaGallicis
835 1586 977 1662 gentibus
989 1587 1089 1648 multo
1101 1604 1154 1646 ma-

177 1671 225 1745 gis
241 1685 332 1744 quam
342 1670 541 1730 Hannibalem
556 1672 657 1747 ipsurn
671 1670 794 1746 gloriari
809 1685 921 1746 posse:
945 1671 1066 1746 quippe
1081 1672 1111 1732 in
1124 1671 1154 1730 iis

178 1752 254 1832 lqcis
270 1754 350 1814 bunc
365 1755 506 1830 coegisse
526 1754 707 1828 exercitum,
730 1753 842 1829 quibus
860 1755 911 1814 ille
926 1753 1078 1815 maiorem
1094 1773 1153 1832 par·

179 1844 238 1897 tem
259 1838 385 1900 militum
400 1839 480 1898 tame
498 1854 536 1898 ac
551 1839 679 1914 frigore,
700 1854 779 1914 quae
800 1838 972 1899 miserrima
985 1841 1096 1900 mortis
1110 1855 1152 1914 ge-

179 1937 251 1982 nera
266 1923 334 1996 siut,
350 1923 514 1983 amisisset.
538 1922 710 1983 adiciebant
724 1921 814 1982 etiarn
829 1923 918 1997 periti
931 1939 1034 1982 rerurn
1050 1923 1152 1998 Hispa-

178 2005 255 2080 niae,
270 2005 353 2067 haud
368 2022 436 2068 cum
451 2006 555 2082 ignoto
568 2023 637 2066 eum
649 2006 897 2068 duoeil.Nerone
909 2021 1153 2082 congressurum,

178 2090 234 2150 sed
257 2107 347 2165 quern
369 2091 399 2150 in
415 2092 495 2151 saltu
515 2090 662 2165 impedito
678 2092 851 2166 deprensus
874 2091 953 2150 lorte
967 2090 1053 2151 baud
1071 2105 1153 2151 secus

179 2190 269 2248 quarn
284 2191 413 2250 puerum
429 2174 660 2236 conscribendis
676 2173 836 2234 fallacibus
853 2173 1092 2236 condicionibus
1107 2190 1153 2250 pa·

178 2256 223 2317 eis
238 2259 399 2320 frustratus
415 2259 566 2320 elusisset.
600 2259 701 2318 omnia
715 2257 832 2318 maiora
845 2259 937 2319 etiarn
950 2273 1027 2318 vero
1043 2255 1155 2335 praesi-

179 2341 230 2401 dia
243 2342 392 2420 hostium,
415 2342 535 2404 minora
550 2358 620 2417 sua,
640 2348 721 2402 metu
736 2341 902 2417 interprete
916 2357 1042 2417 semper
1061 2342 1151 2402 iride·

178 2426 289 2486 teriora
303 2425 454 2501 inclinato,
478 2427 638 2487 ducebant.

260 2509 349 2570 XLV.
376 2511 455 2572 Nero
471 2517 635 2586 postquam
656 2515 772 2570 tantum
791 2509 942 2588 intervalli
957 2509 997 2570 ab
1011 2509 1103 2570 hoste
1117 2507 1143 2567 le

178 2599 269 2667 cerat,
284 2600 317 2653 ul
331 2594 431 2668 detegi
447 2593 607 2654 consilium
622 2593 697 2653 satis
707 2600 802 2655 tutum
818 2599 911 2670 esset,
925 2594 1035 2671 paucis
1049 2592 1153 2652 milites

178 2675 361 2749 adloquitur.
383 2684 474 2752 negat
487 2678 578 2738 ullius
593 2675 754 2738 eonsilium
769 2678 962 2754 imperatoris
977 2677 1008 2738 in
1023 2676 1153 2754 speciem

179 2759 336 2833 audacius,
350 2775 385 2819 re
398 2760 467 2836 ipsa
478 2761 570 2822 tutius
586 2761 683 2821 luisse
694 2777 786 2837 quarn
800 2778 898 2823 suum.
921 2762 962 2823 ad
976 2767 1090 2822 certam
1104 2773 1153 2818 eos

180 2857 215 2902 se
228 2843 386 2903 victoriam
401 2845 528 2905 ducere:
550 2845 666 2922 quippe
680 2845 720 2904 ad
735 2845 820 2921 quod
834 2845 947 2906 bellurn
963 2845 1083 2920 collega
1096 2857 1152 2911 nou

181 2932 264 3001 unte,
288 2944 379 3002 quarn
394 2929 434 2989 ad
458 2930 625 2990 satietatem
640 2929 739 3005 ipsius
754 2929 891 3005 peditum
912 2935 1004 3006 atque
1023 2928 1152 3004 equiturn

181 3010 270 3072 datae
284 3011 323 3071 ab
338 3019 446 3074 senatu
460 3012 568 3089 copiae
583 3013 714 3074 luissent
728 3013 860 3075 maiores
875 3011 1153 3085 instructioresque,

180 3095 313 3169 quamsi
334 3096 486 3157 adversus
501 3098 603 3171 ipsum
616 3096 817 3158 Hannibalern
837 3098 909 3172 iret,
931 3097 1088 3173 protectus
1109 3092 1152 3168 sit,

180 3193 218 3237 eo
240 3178 327 3254 ipsos
350 3188 628 3256 quantuncumque
643 3181 751 3241 virium
771 3187 956 3242 momentum
976 3178 1152 3251 addiderint

180 3276 243 3319 rem
265 3278 385 3323 ornnem
405 3262 611 3324 inclinaturos.
645 3264 779 3324 nuditum
793 3265 886 3325 modo
901 3265 932 3324 in
952 3263 1072 3324 acle-
1086 3276 1151 3322 nam

181 3359 220 3401 ne
235 3352 304 3404 onte
319 3347 483 3420 audiretur,
505 3343 646 3407 daturum
661 3362 786 3422 operam
800 3380 843 3392 —-
857 3349 982 3408 alterurn
998 3346 1152 3408 consulem

183 3431 212 3483 et
232 3427 358 3488 alterurn
378 3429 544 3489 exercitum
564 3428 730 3488 advenisse
750 3428 834 3491 baud
855 3431 978 3492 dubiam
998 3429 1150 3490 victoriam

185 3505 341 3568 iacturum.
371 3511 480 3571 lamam
495 3509 607 3572 bellurn
622 3510 783 3588 conticere,
806 3519 837 3574 et
851 3529 949 3591 parva
961 3517 1109 3574 momenta
1123 3509 1150 3568 in
