2466 3900
106 277 151 320 χιι
501 260 697 312 PRAEFATIO.

105 412 133 466 (i.
150 411 195 467 31.
219 429 277 464 eum
300 415 326 464 in
341 415 365 463 A
381 416 428 464 sit:
454 417 540 464 consui
559 415 591 464 de
612 417 722 465 victurae
744 415 856 480 tegetur,
881 413 967 464 Aiseh.
992 415 1083 472 edidttz

104 484 211 549 „oanni
227 484 259 532 de
276 484 302 533 ri
317 479 457 550 dietana“,
476 485 524 533 sed
541 499 650 534 errorem
668 485 753 549 potius
765 484 859 534 librarii
870 498 936 548 esse,
953 498 1030 546 quum
1043 484 1085 532 Li·

105 553 174 602 vium
192 553 225 602 rie
241 553 266 602 ri
276 551 423 602 Marcellum
431 561 577 602 recusatum
594 553 675 603 tuisse
694 553 817 603 dicturum
835 554 986 618 putaverim,
1003 567 1086 616 neque

104 629 163 686 epte
180 635 293 670 connexe
310 621 435 682 ridentur,
452 623 521 684 quod
536 622 568 671 de
584 623 688 672 crimine
702 623 846 688 ambigitur,
866 621 924 672 nolo
942 622 974 671 de
984 622 1009 671 vi
1026 637 1086 672 eeu-

103 705 159 739 sem
177 691 269 740 dieere.
297 690 333 739 ib.
347 698 410 756 aptt.
423 691 648 742 edd.deeciaencnt
658 699 750 754 portae
767 694 871 756 legator.
902 691 1028 740 excidisse
1040 691 1085 740 ali-

104 759 166 822 quid
183 758 376 825 significandum
392 767 454 820 eret,
471 760 615 810 uersatum
631 777 648 810 a
660 774 721 824 pop.
733 761 803 813 Rom.
821 761 943 810 omissum
956 768 1003 825 est,
1016 761 1086 823 quod

102 825 187 877 tinch.
212 835 237 876 et
254 828 329 877 Fabri
351 829 412 878 eddi
429 828 576 889 voluerunt,
599 830 741 882 sedetiam
761 831 880 890 verbum,
904 830 972 879 uude
994 837 1086 892 partas

103 910 255 960 suspensum
273 905 320 946 est.
352 897 430 962 paula
454 907 511 947 ente
535 913 592 948 cum
616 899 642 948 iu
661 899 719 949 edd.
745 915 801 948 nam
824 899 946 963 quidquid
962 899 1007 958 sit,
1033 913 1085 948 non
1177 929 1179 938 ι
1231 926 1232 936 1

102 965 248 1030 quampuid,
272 971 339 1015 reete
358 967 466 1016 sortasse
483 967 600 1016 Birttcher
617 983 682 1030 quae
701 969 726 1016 iu
745 969 764 1018 p
781 968 869 1018 additu
885 975 943 1016 sunt
960 967 1083 1022 defendit.

102 1035 136 1087 ib.
156 1040 288 1084 aversatur
304 1037 349 1084 eim
366 1035 391 1084 in
409 1034 431 1084 Ι)
450 1044 497 1096 est,
514 1037 561 1086 sed
579 1045 681 1101 propter
689 1035 767 1088 trata
782 1037 852 1103 vulg.
867 1037 965 1088 redimi.
993 1037 1028 1087 ib.
1048 1038 1082 1086 vi·

100 1104 147 1152 atis
161 1118 243 1154 sectam
259 1105 347 1154 iustius
366 1104 451 1166 Gron.;
468 1105 527 1157 edd.
543 1109 620 1154 victos
636 1107 766 1164 κωπίω
780 1119 816 1155 uu
834 1106 882 1156 init
899 1108 976 1156 uictor
990 1107 1085 1155 seilicet

100 1173 206 1222 aetius?
232 1172 267 1224 ib.
286 1187 333 1223 nee
346 1188 378 1223 ae
393 1173 499 1238 reduxi,
522 1175 591 1236 quod
607 1191 639 1224 ne
655 1191 715 1224 num
731 1174 807 1224 huius
827 1175 875 1225 ioci
892 1175 925 1224 sit
940 1176 992 1223 iure
1010 1176 1083 1224 dubi·

100 1250 182 1305 tetur,
205 1240 239 1291 ei.
258 1240 355 1308 Reisig.
375 1239 459 1295 Schol.
483 1258 589 1308 gramm.
612 1259 639 1308 p.
657 1241 720 1296 379.
757 1243 849 1297 (1.32.
872 1245 907 1293 A:
930 1251 1082 1307 patresctam

99 1311 219 1371 marcelli,
233 1313 344 1361 correxit
361 1309 552 1371 Alschefskius3
571 1313 658 1362 neseio
677 1329 709 1363 un
721 1321 780 1364 acta
797 1313 882 1365 lateat.
902 1315 936 1363 ib.
951 1313 1009 1367 edd.
1020 1326 1081 1375 pro·

99 1382 210 1430 ieeerrrnt
230 1386 256 1430 et
269 1380 444 1446 obsecrantes,
464 1381 572 1431 tortasse
589 1383 752 1432 scribendum
770 1391 838 1431 erat:
858 1397 918 1447 „pn
937 1390 1041 1432 arantes
1058 1389 1083 1431 et

99 1446 288 1501 obsecrantes&
327 1451 362 1499 tb.
386 1451 408 1498 Α
429 1452 647 1511 petendarum,
675 1453 699 1500 in
724 1467 774 1514 quo
791 1451 851 1515 quid
870 1451 947 1501 istest
965 1451 1081 1500 dubitans

99 1517 197 1583 vulget.
216 1518 327 1576 servari;
353 1517 442 1566 Alselr.
459 1527 549 1580 potens
566 1521 608 1568 eui
623 1523 723 1574 consui:
747 1521 897 1585 suspicabar
921 1528 1028 1585 ,patene
1042 1536 1077 1569 se·

98 1594 172 1636 natas
189 1585 334 1652 aanadta“‚
360 1586 395 1636 ci.
417 1586 441 1646 l,
454 1585 497 1638 33.
529 1589 564 1637 ib.
584 1604 616 1637 ex
633 1590 657 1637 Α
674 1589 731 1639 dedi
748 1605 857 1655 quaequae
873 1605 924 1639 rata
941 1605 1021 1640 serram
1038 1590 1081 1638 de-

98 1656 187 1706 didere
210 1669 323 1719 puaeque
346 1655 468 1705 dedidere
491 1657 545 1706 satu
562 1673 604 1708 vv.
622 1673 673 1708 aaa
689 1653 771 1708 secam
787 1674 836 1709 non
854 1667 922 1708 recte
939 1659 979 1708 bis
998 1660 1082 1722 posite

98 1732 175 1783 retus,
191 1723 223 1773 ei.
241 1723 314 1772 Fabri
331 1725 364 1774 ud
382 1724 409 1774 li.
428 1725 446 1774 i.
484 1727 520 1776 ib.
545 1726 578 1776 A.
595 1729 832 1793 ‚,qaiadsideaeid“,
852 1743 898 1792 pra
916 1743 966 1790 quo
983 1728 1080 1791 dubito,

98 1807 158 1842 num
173 1800 240 1842 reete
259 1795 321 1858 „qui
337 1793 424 1844 adsint
437 1794 483 1844 td‘
502 1796 631 1856 dederim
650 1798 737 1847 Alsch.
757 1799 820 1863 „qui
832 1797 951 1846 adsidens
967 1796 1011 1846 id“
1028 1811 1081 1846 ser·

97 1863 173 1912 ravit.
205 1859 233 1911 0.
252 1857 296 1912 34.
321 1877 418 1927 „apros
430 1863 497 1914 niei“
514 1865 612 1929 Aisah„
629 1866 675 1915 sed
693 1867 762 1930 quod
775 1868 801 1915 in
819 1866 893 1916 Aest
910 1881 988 1931 aprus
1007 1866 1080 1914 terite

97 1931 288 1994 esequentibus
305 1933 417 1998 praecipi
429 1935 521 1999 potuit.
549 1935 584 1984 ib.
605 1934 666 1986 inA
687 1938 793 1986 venirent
810 1936 929 2001 seriptum
942 1943 989 1998 est,
1007 1934 1080 1984 litere

96 2017 118 2050 m
135 2009 163 2049 ut
181 2015 256 2066 saepe
275 2001 383 2053 adiecta.
414 2001 441 2057 G.
460 2000 504 2054 36.
524 2012 597 2066 „tuoe
612 2006 635 2053 si
652 2005 725 2066 ipre“
744 2005 853 2068 servavi,
873 2006 919 2054 etsi
936 2005 962 2054 in
979 2004 1039 2054 edd.
1057 2005 1082 2054 ei

96 2084 146 2119 nou
164 2068 266 2135 legitur.
303 2070 380 2135 paulo
399 2072 756 2136 post‚,eiasseesi}1abere“
776 2072 865 2123 Alseh.
886 2074 969 2138 (ledit,
996 2074 1038 2122 ubi
1056 2075 1081 2123 si

96 2153 146 2188 nan
163 2140 198 2188 ite
223 2141 396 2189 necessarium
411 2140 520 2191 videtur.
551 2143 619 2191 idem
642 2158 731 2206 „arnae
747 2139 811 2194 aee“
835 2143 928 2200 edidit3
957 2143 1002 2192 sed
1021 2158 1077 2192 eum

96 2216 230 2271 sequetur:
256 2216 367 2258 ceterum
390 2224 463 2259 omne
487 2224 546 2270 ues;
569 2219 645 2274 etque
663 2213 739 2275 quiue
757 2211 827 2260 milia
845 2211 938 2277 singuli
954 2212 1005 2261 sibi
1020 2214 1079 2261 reti-

95 2286 184 2336 neant,
202 2279 287 2328 neseio
305 2293 337 2326 un
355 2293 452 2343 amnes,
471 2280 539 2342 quod
557 2281 614 2331 edd.
632 2281 727 2331 hubent
742 2281 838 2330 servari
858 2281 949 2344 possit.
985 2280 1013 2336 G.
1031 2278 1077 2331 33.

95 2349 250 2410 „exearplrerr
268 2346 358 2412 qraam“
371 2349 445 2410 edd,
458 2348 545 2402 Alseh.
568 2351 716 2413 „damaraffl
735 2349 841 2408 eddidit,
857 2349 964 2399 tortasse
975 2352 1078 2414 ,pemi-

95 2414 165 2465 eies“
188 2425 246 2464 ante
267 2416 411 2478 pertinebat
427 2418 549 2468 amissum
566 2427 613 2470 est.
651 2419 678 2469 (i.
697 2416 741 2473 39.
761 2418 872 2484 „efficit‘
891 2419 915 2467 in
934 2418 955 2468 D
973 2428 1028 2484 est,
1050 2427 1078 2468 ut

96 2485 169 2533 Fabri
186 2492 306 2548 testetur,
331 2487 449 2549 suspicor
466 2489 543 2536 etiem
561 2488 587 2535 in
605 2489 626 2536 Α
645 2487 706 2552 legi.
741 2489 775 2541 ib.
800 2486 914 2552 „ciarri‘
934 2487 1005 2541 Grev.
1022 2489 1077 2539 iure

94 2553 224 2602 abundare
242 2563 336 2604 censet.
373 2555 408 2607 ib.
428 2554 515 2606 Alsch.
535 2553 749 2620 ,‚Saprtpartrau“
768 2559 856 2606 nescio
874 2557 942 2607 unde
958 2573 1076 2622 sumpse·

93 2623 142 2684 rit,
164 2621 233 2684 quod
253 2637 310 2671 aum
327 2620 498 2685 Sacriportum
515 2638 565 2673 nou
582 2636 670 2690 aptum
688 2635 769 2692 esset,
794 2628 904 2677 servavi.
942 2626 977 2676 ib.
997 2641 1077 2689 „com-

91 2692 170 2754 pam,
188 2705 234 2740 nee
249 2693 345 2741 muleram
361 2693 427 2755 asait
442 2691 518 2756 qain“
535 2692 623 2746 Alsch.
640 2696 760 2753 coniecit3
785 2695 812 2744 in
831 2696 888 2746 edd.
909 2705 947 2745 est
963 2698 1077 2758 compulit

92 2775 133 2825 ne,
152 2767 177 2808 et
195 2759 244 2808 hoc
262 2760 346 2824 ipsum
364 2769 439 2810 aeut
457 2761 508 2812 aliu
527 2763 622 2813 omissa
639 2779 696 2814 esse
714 2765 815 2815 credam
834 2765 902 2816 iecit.
933 2765 968 2816 ib.
987 2773 1076 2828 „terra

95 2827 254 2878 Tarentinis“
272 2829 298 2878 iu
316 2831 379 2880 Hev.
397 2830 483 2880 addita
501 2840 568 2885 sunt.
600 2833 627 2884 0.
642 2831 685 2886 40.
702 2834 788 2884 neseio
807 2849 839 2883 un
857 2833 1075 2898 „Syraeasaurir“,

92 2897 160 2960 quod
178 2897 238 2947 inD
255 2896 359 2964 legitur,
376 2899 560 2951 restituendum
578 2901 663 2952 iuerit.
694 2901 721 2952 0.
737 2901 782 2954 41.
799 2904 988 2967 superfuerant,
1007 2903 1076 2966 quod
1105 2935 1111 2948 .

92 2967 168 3016 etiam
187 2965 208 3014 D
227 2967 311 3031 hehet,
329 2969 441 3033 paenitet
458 2972 605 3022 mutavisse.
633 2973 669 3023 ib.
690 2971 890 3033 ‚,aata-eors“
907 2973 933 3022 in
951 2973 1009 3022 edd.
1028 2980 1075 3036 est,

92 3043 116 3084 et
132 3036 264 3100 probatum
277 3035 447 3088 Alsrireiskio.
467 3041 502 3089 ib.
523 3048 585 3105 aptt.
598 3043 664 3091 laeta
683 3057 755 3107 quam
771 3049 916 3091 amaverat
933 3057 985 3091 eam
1003 3050 1075 3092 terra

90 3107 212 3170 marique.
225 3114 353 3170 postrema
372 3122 413 3156 vv.
435 3108 506 3158 initia
523 3125 545 3158 e.
565 3106 600 3159 44
619 3110 749 3176 teguntur;
769 3125 833 3172 quae
851 3111 1000 3175 interpositu
1017 3118 1075 3160 suut

91 3174 116 3221 in
137 3189 201 3223 rere.
226 3175 377 3237 quibusdem
401 3176 459 3226 add.
481 3177 612 3245 leguntur,
636 3187 661 3228 et
684 3194 745 3228 num
763 3179 794 3228 ab
814 3181 871 3242 ipso
886 3179 960 3230 Livio
983 3181 1075 3245 scripta

90 3242 140 3290 sint
157 3242 271 3293 dubitare
287 3244 354 3307 lieet,
372 3244 405 3293 ei.
424 3246 580 3296 Alschefskii
599 3249 694 3312 disput.
722 3247 805 3297 Ueber
820 3247 863 3296 die
874 3249 934 3299 krit.
949 3247 1073 3299 Behaudl.

90 3309 135 3358 tier
146 3308 387 3362 Gesehiehtsbiruher
405 3314 450 3364 des
462 3316 492 3363 Τ.
509 3315 605 3364 Livius.
615 3318 641 3364 in
650 3315 709 3366 aliis
724 3316 784 3365 edd.
799 3315 889 3367 laeuus
906 3333 987 3380 usque
1001 3317 1034 3366 ud
1044 3332 1074 3366 ea

89 3386 184 3427 tantum
202 3381 320 3445 pertinet,
340 3397 404 3444 quae
421 3398 443 3430 c.
457 3380 501 3432 43.
516 3384 644 3448 leguntur:
662 3384 711 3434 red
726 3387 854 3449 quoniam
871 3385 896 3435 in
913 3387 985 3450 Lips.
1005 3393 1073 3435 totus

90 3445 159 3494 loeus
177 3447 278 3499 vitietur
295 3459 404 3500 exstare.
443 3449 470 3503 G.
490 3448 534 3500 41.
556 3450 651 3511 „dari‘
668 3454 722 3502 iure
736 3453 823 3503 Duker
841 3454 918 3504 deleri
936 3455 1016 3503 iubet.
1036 3455 1070 3502 ib.

88 3514 256 3576 „Hispaniam
271 3516 350 3582 fore“
368 3519 483 3582 suspicor
501 3520 662 3571 scribendum
682 3537 748 3571 esse.
768 3521 795 3572 G.
812 3520 856 3574 45.
876 3519 949 3572 (irer.
969 3529 1071 3572 secutur
