2448 3900
161 157 227 223 ³44
317 157 433 220 LIBER
447 157 538 219 XXX.
561 157 644 220 CAP.
660 167 704 221 22.
720 167 764 222 ld
788 165 824 232 [a.
838 163 874 217 U.
890 181 913 216 c.
928 161 994 230 sla]

162 309 304 371 adduxit=
325 308 436 386 quibus
457 307 559 369 vetitis
581 306 700 382 ingredi
719 306 826 368 urbem
840 305 1010 383 hospitium
1031 307 1069 366 in
1084 307 1163 367 villa

161 392 293 470 publica,
308 398 434 462 senatus
448 391 489 453 ad
503 391 613 452 eedem
619 391 765 451 Bellonae
781 391 870 452 datus
885 396 942 452 est
963 389 1066 451 XXII.
1084 390 1161 450 Ora·

162 477 275 538 tionem
294 475 423 537 eandem
444 477 540 536 terme
561 491 653 551 quam
668 475 751 550 apud
766 473 943 550 Scipionem
965 474 1163 548 habuerunt,

161 561 284 637 culpam
309 575 430 622 ornnem
454 557 525 619 belli
546 575 565 619 a
587 558 711 635 publico
737 558 866 620 oonsilio
890 559 922 618 in
942 557 1163 618 Hannibalem

162 651 325 706 vertentes.
357 658 427 704 cum
448 643 567 704 iniussu
583 648 708 704 senatus
723 658 785 703 non
800 643 897 719 Alpes
912 641 1010 702 modo
1027 641 1095 702 sed
1109 642 1163 701 Hi-

161 729 268 790 berum
289 742 416 803 quoque
434 732 676 802 transgressum,
701 742 759 786 nec
779 725 926 787 Romanis
948 727 1080 799 solum,
1103 727 1162 786 sed

160 817 231 875 ante
251 813 341 872 etiam
362 809 538 886 Saguntinis
559 811 678 886 privato
700 811 829 871 consilio
850 811 964 876 bellum
993 809 1160 871 intulisse·

160 895 280 957 senatui
300 911 337 956 ac
357 897 473 971 populo
490 893 755 970 camarinensi,
768 894 796 956 si
818 895 887 970 quis
900 910 979 954 vere
998 895 1161 967 aestimet,

160 980 273 1043 foedus
293 981 334 1040 ad
355 995 422 1039 cum
438 979 519 1039 diem
538 979 716 1039 inviolatum
731 993 803 1040 esse
817 994 886 1039 cum
898 978 1071 1039 Romanis
1106 977 1159 1037 ita-

161 1079 222 1140 que
236 1064 310 1124 nihil
325 1063 408 1124 aliud
423 1062 482 1124 sibl
496 1063 673 1124 mandatum
687 1072 761 1123 esse'
773 1061 816 1124 uti
831 1068 985 1140 peterent,
1009 1077 1115 1137 quam
1128 1069 1161 1122 ut

159 1149 190 1207 in
205 1163 351 1224 capace,
373 1162 452 1222 quae
467 1153 624 1223 postremo
640 1161 708 1208 cum
723 1148 850 1208 consule
863 1145 986 1208 Lutatio
1003 1146 1097 1206 lacta
1112 1161 1159 1206 es-

160 1237 216 1306 set,
232 1247 356 1292 manere
370 1231 484 1291 liceret.
516 1246 586 1291 cum
599 1245 685 1291 mora
698 1230 808 1291 tradito
823 1248 843 1292 a
856 1229 997 1307 patribus·
1012 1236 1158 1306 potesta·

159 1321 219 1376 tem
240 1314 462 1391 interrogandi,
485 1314 597 1390 siquis
613 1315 687 1392 quid
701 1315 808 1390 vellet,
829 1316 947 1390 legatos
962 1321 1101 1390 praetor
1114 1316 1156 1374 le

159 1400 269 1476 cisset,
292 1400 503 1476 senioresque,
526 1399 579 1474 qui
594 1399 772 1461 foederibus
786 1399 1000 1471 interfuerant,
1023 1399 1091 1458 alla
1105 1399 1154 1457 alii

158 1483 387 1559 interrogarent,
400 1498 458 1544 nec
468 1482 644 1544 meminisse
656 1499 712 1560 per
723 1489 852 1544 aetatem
862 1483 1030 1544 -etenim
1044 1499 1155 1543 omnes

160 1566 255 1626 lerme
276 1567 404 1628 iuvenes
426 1574 513 1628 erent
525 1599 568 1612 --
588 1567 725 1629 dicerent
738 1569 846 1644 legati,
868 1569 1103 1629 conclamatum
1117 1583 1154 1625 ex

161 1651 242 1710 omni
262 1656 350 1726 parte
362 1651 465 1712 curiae
486 1657 534 1712 est
546 1650 660 1712 Punica
682 1652 790 1713 lreude
811 1653 926 1713 electos
942 1651 996 1727 qui
1012 1658 1152 1710 veterem

158 1748 268 1809 pacem
274 1739 454 1810 repeterent,
468 1734 555 1796 cuius
563 1734 624 1811 ipsi
636 1750 698 1796 non
706 1735 925 1796 meminissent.
939 1735 1153 1794 XXlllAEme
1215 1737 1216 1796 l

158 1816 197 1876 tis
225 1816 337 1878 deinde
362 1817 446 1878 curia
470 1818 578 1894 legatis
604 1817 773 1880 sententiae
797 1818 978 1894 interrogari
1003 1825 1151 1894 coeptae.
1215 1847 1216 1854 ι

157 1899 198 1961 Μ.
214 1900 318 1961 Livius
334 1901 365 1962 C.
381 1900 543 1962 Servilium
565 1904 739 1976 consulem,
763 1903 815 1978 qni
830 1903 957 1979 propior
977 1909 1082 1977 esset,
1105 1918 1152 1961 ar·

161 1986 356 2061 cessendum,
371 1991 405 2045 ut
418 2001 521 2046 coram
537 2001 574 2046 eo
587 1986 627 2046 de
637 2001 717 2062 pace
731 1994 880 2062 ageretur,
897 1984 1057 2046 censebat
1080 2002 1150 2046 cum
1215 2023 1216 2048 2

160 2069 200 2129 de
214 2085 248 2129 re
261 2070 385 2144 maiore,
409 2085 501 2144 quam
516 2075 629 2145 quanta
644 2086 682 2130 ea
696 2077 787 2144 esset,
810 2069 992 2132 consultatio
1008 2069 1150 2140 incidere

159 2168 221 2213 non
237 2159 359 2229 posset,
381 2169 443 2213 non
458 2153 555 2214 videri
573 2153 632 2214 sibi
654 2153 780 2215 absente
796 2155 955 2214 consulum
969 2154 1069 2214 altero
1085 2169 1148 2213 am·
1215 2201 1216 2206 1

158 2233 298 2298 bobusve
319 2253 387 2297 enm
405 2253 470 2297 rem
492 2237 542 2312 agi
563 2237 639 2298 satis
660 2253 699 2297 ex
720 2239 864 2313 dignitate
885 2237 993 2314 populi
1013 2237 1145 2298 Romani
1215 2298 1216 2316 χ

158 2334 240 2381 esso.
275 2321 308 2394 Q
329 2321 484 2396 Metellus,
508 2320 559 2397 qui
580 2320 709 2382 triennio
731 2329 801 2382 ante
820 2321 929 2383 consul
950 2321 1145 2397 dictatorque
1215 2327 1216 2360 l

159 2403 271 2464 luerat.
294 2420 363 2466 cum
382 2403 414 2484 P.
431 2368 535 2481 Sciplb
557 2405 715 2466 caedendo
738 2406 906 2480 exercitus,
930 2421 1023 2480 agros
1046 2420 1145 2481 popu·

159 2487 252 2547 lando
267 2488 297 2548 in
312 2504 379 2548 eam
394 2489 608 2550 necessitatem
622 2489 728 2550 hostes
745 2489 953 2565 compulisset,
978 2497 1013 2550 ut
1027 2489 1143 2564 suppli-

158 2585 212 2631 ces
227 2586 335 2647 pacem
358 2579 508 2648 peterent,
531 2579 562 2633 et
574 2588 664 2633 nemo
687 2573 822 2634 omnium
842 2575 946 2634 'verius
967 2573 1144 2633 existimare

159 2661 283 2730 posset:
305 2672 366 2730 qua
377 2663 480 2716 mente
495 2672 533 2717 ea
547 2673 609 2732 pax
623 2663 792 2733 peteretur,
815 2664 983 2732 quamtum
999 2658 1052 2732 qui
1074 2664 1142 2716 ante

160 2737 462 2814 portasCarthaginis
478 2739 590 2802 bellum
604 2749 731 2817 gereret,
746 2741 858 2802 nullius
876 2734 1000 2802 alterius
1013 2741 1141 2802 consilio

159 2837 251 2897 quam
266 2821 420 2898 Scipionis
443 2824 653 2900 accipiendam
675 2825 908 2886 abnuendamve
929 2841 1038 2902 pacem
1060 2840 1139 2884 esse.

157 2905 199 2965 Μ.
214 2906 356 2968 Valerius
370 2907 534 2982 Laevinus,
551 2909 602 2984 qui
619 2908 665 2970 bis
681 2911 788 2970 consul
806 2911 913 2983 luerat,
929 2908 1139 2989 speculatores

159 3005 221 3052 non
241 2990 359 3066 legatos
380 2992 505 3052 venisse
527 2993 688 3068 arguebat,
711 2993 925 3070 iubendosque
945 2991 1032 3052 ltalia
1052 3008 1138 3052 exce-

157 3074 233 3135 dere
248 3081 279 3135 et
292 3076 437 3136 custodes
454 3093 521 3137 cum
537 3077 574 3136 iis
590 3093 689 3151 usque
705 3079 744 3137 ad
759 3093 855 3138 naves
871 3077 1053 3150 mittendos,
1075 3075 1138 3136 Sci-

158 3158 306 3234 pionique
320 3159 525 3234 scribendum,
548 3175 587 3220 ne
602 3160 714 3220 bellum
728 3161 902 3221 remitteret.
933 3159 1056 3221 Laelius
1070 3158 1136 3218 Ful-

109 3251 114 3259 ·
159 3239 291 3315 viusque
306 3243 492 3317 adiecerunt,
513 3250 543 3303 et
558 3243 734 3318 Scipionem
748 3244 777 3303 in
793 3260 830 3304 eo
847 3245 978 3319 positam
993 3243 1137 3304 habuisse

158 3335 247 3393 spem
261 3325 357 3400 pacis,
376 3327 403 3384 si
417 3324 566 3384 Hannibal
581 3331 611 3383 et
620 3325 711 3399 Mago
727 3343 767 3386 cx
782 3327 867 3386 ltalia
881 3343 942 3386 non
956 3341 1136 3387 revocaren-

157 3411 217 3460 tur.
248 3407 349 3466 omnia
370 3407 564 3467 simulaturos
581 3407 847 3483 Carthaginienses
863 3410 958 3470 duces
974 3423 1030 3470 eos
1052 3424 1135 3470 exer-
