2434 3902
238 174 813 289 nmnnxxv'rr.om›.1s.n.n.c
837 215 901 291 eoo]
998 210 1062 278 177

65 365 137 428 dari
159 363 265 436 iussit,
287 363 546 440 centurionesque
563 363 803 440 manipulorum,
825 379 956 439 quorum
970 365 1059 442 signu

62 449 187 510 amissa
198 449 327 522 lucrant,
343 446 496 509 destrictis
509 446 620 524 gladiis
635 447 803 511 discinctos
815 446 937 510 destitui
951 447 1056 522 iussitt

62 541 98 596 ct
113 540 147 595 ut
161 540 288 611 postero
303 531 354 592 die
368 547 486 606 ornnes,
502 532 622 609 equites
637 532 768 609 pedites,
789 532 896 594 armati
910 532 1058 596 adessent

62 618 175 681 edixit.
209 617 252 679 ita
272 616 374 679 contio
396 616 525 678 dimissa
545 616 701 678 latentium
720 616 788 678 iure
805 631 842 678 ac
861 617 969 678 merito
985 633 1058 680 sese

63 702 254 780 increpitos,
276 717 378 778 neque
397 702 449 762 illo
472 700 522 762 die
538 699 637 762 virum
658 717 842 778 quemquam
862 702 893 762 in
914 701 980 763 acie
994 703 1056 764 ito·

64 803 162 848 mana
182 786 279 847 luisse
293 791 416 862 praeter
430 801 525 846 unum
539 785 667 861 ducem,
687 787 736 847 cui
758 791 810 846 aut
822 792 920 848 morte
934 785 1057 848 satista-

64 873 213 934 ciendum
233 877 286 931 aut
309 870 434 946 egregia
456 870 585 932 victoria
605 876 699 931 esset.
738 877 864 946 postero
886 869 937 932 die
959 872 1057 932 ornati

70 955 244 1031 armatique
264 956 305 1016 cd
326 954 459 1016 edictum
479 955 617 1016 aderant
651 954 886 1030 imperatoreos
902 955 1058 1018 collaudat

66 1040 317 1118 pronuntiatque,
339 1055 359 1100 a
374 1038 486 1115 quibus
503 1046 569 1101 orta
583 1038 683 1115 pridie
697 1039 771 1115 luga
784 1047 878 1114 essct,
898 1039 1056 1102 cohortes·

66 1139 142 1202 quc,
158 1140 239 1202 quae
253 1123 342 1200 signa
354 1123 541 1200 amisissent,
564 1139 599 1186 se
614 1123 644 1184 in
660 1123 789 1198 primam
803 1124 901 1186 aciem
915 1124 1055 1187 inductu·

65 1225 148 1272 rum.
169 1209 291 1271 edicere
302 1208 363 1268 iarn
374 1223 446 1270 sese
460 1208 603 1270 omnibus
614 1207 812 1284 pugnandum
825 1208 1056 1270 revincendum

65 1310 159 1371 esse,
181 1302 211 1356 et
230 1292 428 1355 adnitendum
443 1293 573 1370 singulis
594 1291 826 1369 universisque,
849 1308 888 1352 ne
903 1293 988 1370 prius
1002 1293 1056 1354 he·

68 1385 194 1440 eternae
204 1379 295 1454 iugae
309 1393 402 1454 quam
413 1377 583 1439 hodiernae
596 1376 744 1438 victoriae
755 1376 836 1440 loma
843 1378 973 1439 Romam
988 1392 1055 1453 per-

67 1463 182 1525 ueniat
214 1462 287 1523 inde
301 1462 371 1524 cibo
388 1478 521 1539 corpora
536 1463 658 1525 tirmure
673 1461 759 1536 iussi,
774 1469 809 1524 ut
822 1461 849 1522 si
863 1461 986 1537 longior
999 1478 1055 1537 pu-

67 1563 131 1623 gna
150 1553 250 1622 osset,
272 1547 389 1608 viribus
404 1547 590 1609 sufficerent
623 1546 676 1607 ubi
695 1546 797 1607 omnia
812 1546 894 1608 dicta
914 1547 1056 1622 laetaque

69 1639 148 1708 sunt,
173 1631 284 1707 quibus
300 1630 505 1693 excitarentur
519 1631 612 1692 animi
625 1631 767 1705 militum,
790 1631 819 1692 in
835 1633 933 1693 aciem
947 1645 1055 1708 proce·

72 1717 154 1778 dunt
197 1716 278 1776 XIV.
300 1716 384 1791 quod
399 1716 450 1777 ubi
465 1717 628 1778 Hannibali
642 1717 810 1779 nuntiatum
828 1723 889 1792 esi,
911 1732 1001 1791 „eum
1017 1731 1053 1778 co

69 1800 229 1862 nimirum“
244 1800 342 1876 inquit
361 1799 472 1875 „hoste
483 1817 534 1861 res
546 1808 603 1878 est,
620 1801 671 1877 qui
683 1801 865 1862 nechoram
877 1802 1055 1862 necmalam

68 1886 155 1946 terre·
170 1885 457 1961 tonunampossitr
486 1900 544 1946 seu
563 1886 651 1962 vicit,
673 1886 815 1947 ferociter
836 1886 929 1947 instat
948 1884 1055 1945 victis:

66 1986 124 2031 seu
139 1970 240 2032 victus
254 1977 310 2046 est,
330 1970 480 2031 instaurat
494 1984 562 2031 cum
576 1969 743 2032 victoribus
760 1973 943 2031 certamen“.
967 1969 1056 2044 signe

65 2054 141 2116 inde
156 2070 268 2115 canere
278 2054 377 2128 iussit,
394 2054 501 2131 copias
516 2055 628 2116 educit.
651 2062 818 2130 pugnatum
833 2054 985 2129 utrimque
1001 2052 1054 2112 ali-

65 2145 186 2216 quanto
209 2156 301 2217 quam
321 2138 420 2216 pridie
441 2139 544 2200 acrius
565 2146 627 2215 est,
655 2139 767 2200 Poenis
789 2139 829 2198 ad
857 2137 1055 2199 obtinendum
1139 2139 1141 2144 '

63 2224 245 2285 hesternum
269 2223 365 2285 decus
390 2222 611 2298 adnitentibus,
638 2223 785 2284 Romanis
811 2223 852 2283 ad
873 2221 1055 2283 demendam

66 2308 277 2385 ignominiam.
309 2308 433 2370 sinistra
454 2309 502 2369 ala
522 2309 562 2369 ab
577 2307 725 2370 Romanis
746 2314 777 2368 et
793 2307 951 2382 cohortes,
975 2322 1055 2382 quae

64 2392 237 2454 amiserant
251 2393 354 2469 signa,
376 2394 407 2452 in
426 2393 524 2470 prima
538 2393 605 2453 acie
619 2391 810 2470 pugnabant,
834 2388 958 2467 attegio
973 2391 1054 2451 viee-

66 2477 150 2539 sima
163 2477 202 2537 ab
218 2479 326 2538 dextro
342 2493 438 2540 cornu
453 2473 616 2538 instructas
641 2478 674 2536 L.
692 2477 850 2538 Cornelius
863 2475 1010 2538 Lentulus
1025 2481 1055 2535 et

66 2563 101 2624 C.
124 2561 271 2624 claudius
291 2562 371 2622 Nero
392 2563 485 2638 legati
513 2561 658 2623 cornibus
680 2567 858 2638 praeerant;
891 2560 1054 2621 Marcellus

64 2645 204 2707 mediam
223 2647 320 2706 aciem
341 2645 479 2708 hortator
499 2646 649 2723 testisque
663 2660 813 2722 praesens
834 2645 983 2706 finnabat.
1016 2644 1055 2706 ab
1150 2649 1157 2658 “

64 2729 242 2792 Hannibale
253 2730 383 2807 Hispani
398 2732 525 2807 primam
541 2731 718 2792 obtinebant
732 2731 878 2806 frontem,
902 2737 932 2791 ct
952 2729 985 2790 id
1004 2745 1054 2790 ro-

64 2815 156 2877 boris
170 2816 200 2875 in
216 2816 298 2876 omni
314 2815 451 2877 exercitu
465 2822 539 2876 erat.
561 2832 630 2878 cum
645 2831 761 2892 anceps
777 2816 829 2876 diu
845 2831 948 2892 pugna
962 2821 1054 2886 esset,

65 2899 222 2962 Hannibal
245 2900 427 2976 elephantos
448 2900 479 2960 in
500 2900 629 2976 primam
649 2901 746 2961 aciem
767 2899 870 2961 induci
892 2897 996 2971 iussit,
1027 2897 1054 2959 si

66 2999 163 3060 quern
189 2984 304 3046 inicere
329 3001 366 3045 ea
386 3001 437 3046 res
461 2986 618 3046 tumultum
640 3000 677 3045 ac
698 3001 847 3062 pavorem
867 2989 984 3061 posset.
1025 2988 1055 3042 et

66 3069 170 3145 primo
190 3068 351 3130 turbarunt
371 3069 459 3146 signa
479 3070 681 3146 ordinesque,
710 3077 740 3130 et
760 3070 868 3146 partim
895 3065 1054 3129 occultatis

68 3153 182 3229 partim
197 3152 356 3230 dissipatis
371 3159 496 3229 terrore,
513 3153 565 3230 qui
580 3155 662 3214 circa
679 3161 774 3231 erant,
789 3155 981 3216 nudaverant
994 3165 1055 3209 una

66 3244 157 3314 parte
172 3237 285 3310 aciem3
301 3239 453 3316 latiusque
468 3240 539 3315 luga
553 3245 717 3312 manasset,
733 3239 765 3300 ni
777 3233 1054 3300 c.·tiecimtusF1a-

66 3339 128 3383 vus
148 3322 289 3385 tribunus
310 3323 438 3384 militum
459 3326 547 3399 signo
573 3331 694 3399 arrepto
717 3322 805 3400 primi
827 3321 938 3383 hastati
958 3317 1054 3380 mani-

68 3409 175 3481 pulum
196 3407 264 3468 eius
282 3407 362 3483 signi
377 3408 467 3484 sequi
484 3425 520 3469 se
541 3408 694 3469 iussisset.
727 3407 829 3480 duxit,
850 3407 902 3467 ubi
922 3402 1055 3464 maxime

67 3490 228 3553 tumultum
250 3492 452 3566 conglobatae
471 3492 581 3554 beluae
603 3489 771 3564 faciebant,
797 3491 922 3565 pilaque
943 3487 973 3548 in
997 3502 1054 3548 eas

111 3591 137 3634 r.
153 3591 216 3635 crvr
230 3592 307 3636 rins
322 3577 371 3636 lli.
812 3581 845 3634 12
