2466 3900
94 249 98 254 ·
214 291 220 298 „
244 241 483 304 urssaxxiv.
507 239 700 304 caerem.
722 243 877 324 [acen]
1019 245 1060 310 ts

85 409 181 470 neque
195 394 323 454 morbus
338 407 434 454 eausa
447 392 565 454 luisset
587 399 619 453 et
633 407 671 453 aa
683 410 780 470 supra
794 396 857 457 duo
871 396 954 462 mdia
963 399 1058 460 nonai·

83 491 149 538 tum
164 478 196 537 in
211 477 350 538 serenos
363 477 460 536 relata
473 475 615 552 tribuque
629 491 736 538 onmes
750 481 842 550 motis
861 479 1059 560 additumque

80 571 137 622 um
153 561 280 622 meritae
292 561 455 622 censoriae
469 567 560 622 notae
573 560 801 624 maecenates
817 566 1005 642 consutum,
1026 578 1059 628 ut

79 648 106 706 ei
127 659 253 718 amnes,
275 657 356 720 qaus
378 659 526 705 cursores
547 649 723 721 notusent,
743 647 876 722 pedibus
896 657 1057 728 mererent,

77 731 328 804 mitterenturque
353 729 384 788 in
406 728 540 789 Siessiam
559 729 600 788 ad
622 729 791 791 Cannensis
811 733 966 794 exercitus
986 737 1056 796 reli-

78 816 182 890 quias,
204 814 255 874 cui
276 813 403 873 militnm
417 813 600 888 generiam
615 813 717 888 prius,
740 829 833 889 quam
847 818 958 891 pulsas
972 818 1058 881 Italia

75 898 173 959 hostis
189 904 283 972 esset,
299 897 417 958 linitam
431 895 654 972 stipendiorum
668 905 789 974 tempus
800 907 876 960 erat.
898 900 973 962 dum
985 917 1056 963 cen-

77 999 163 1044 sores
186 983 227 1044 ob
241 981 378 1056 mopiam
400 980 510 1040 aerarii
523 993 563 1040 se
575 981 636 1040 itan
650 981 854 1044 locationibus
869 984 1057 1048 abstinerent

75 1067 196 1128 aedium
209 1079 367 1126 sacrarum
381 1065 564 1126 tueudmam
579 1064 790 1142 curuliumque
803 1081 954 1144 equarum
967 1081 1055 1146 prae

73 1147 246 1212 bandorum
267 1164 305 1210 ac
320 1149 464 1210 simillimi
478 1149 526 1210 his
541 1163 658 1223 rerum,
680 1165 856 1212 convenere
870 1153 910 1212 ad
925 1166 980 1214 eos
997 1156 1052 1216 ire-

75 1243 202 1312 qusntes
219 1234 272 1310 qui
287 1235 396 1294 bastae
406 1233 498 1294 huius
510 1233 634 1308 genens
646 1234 862 1312 adsueverant,
877 1237 1054 1315 hortarique

78 1335 236 1394 censores,
253 1324 287 1378 ut
301 1318 404 1380 omnia
416 1317 544 1394 perinde
559 1325 686 1393 agerent
700 1318 851 1394 locarant,
867 1335 905 1380 ac
919 1321 946 1380 si
960 1337 1053 1397 pecu-

79 1404 127 1465 nia
146 1403 177 1463 in
197 1403 315 1464 aerario
337 1409 438 1463 esseae
457 1402 609 1464 neminem
629 1401 688 1462 nisi
703 1402 784 1463 bello
800 1404 940 1466 mnieeto
960 1421 1053 1482 peca-

73 1488 152 1548 niam
167 1489 205 1548 ab
219 1487 340 1548 aerario
354 1487 611 1563 petiturumesse·
632 1501 805 1548 convenere
817 1488 929 1550 deinde
941 1489 1054 1552 domini

71 1586 187 1646 eorum,
205 1587 287 1648 quos
301 1571 366 1632 Tib.
383 1569 585 1647 Sempronius
600 1571 639 1630 ad
653 1571 861 1633 Beneventum
875 1587 967 1634 manu
982 1575 1054 1636 emi·

71 1665 162 1733 serat,
179 1657 413 1732 arcessitosque
428 1671 464 1716 se
476 1655 517 1715 ab
529 1655 695 1716 muniaris
707 1657 868 1718 mensariis
881 1673 954 1719 esse
967 1659 1054 1720 dixe-

69 1748 154 1817 runt,
179 1748 212 1802 ut
232 1742 330 1817 pretia
350 1753 513 1801 servorum
532 1740 722 1814 acciperenu
745 1747 879 1802 ceterum
899 1757 961 1804 nen
983 1749 1053 1805 ante

70 1841 163 1902 quam
177 1827 259 1886 bello
275 1826 417 1887 coniecto
430 1831 613 1900 accepturos
624 1837 706 1884 esse.
731 1840 799 1885 enm
810 1825 887 1887 haec
899 1826 1053 1890 inclinatio

70 1911 241 1971 animorum
262 1910 362 1986 plebis
384 1909 425 1968 ad
446 1909 657 1970 sustinendam
678 1909 812 1984 inopiam
833 1911 942 1971 aerarii
956 1913 1052 1989 fleret,

68 1995 220 2070 pecuniae
248 2007 374 2070 quoque
401 1993 569 2070 pupillares
598 1992 713 2068 primo,
751 1994 864 2054 deinde
891 1995 1052 2058 viduarum

67 2086 200 2156 coeptae
222 2078 368 2152 conferri,
391 2091 544 2154 nusquam
565 2093 619 2138 eas
634 2077 727 2138 tutius
742 2078 942 2154 sanctiusque
957 2080 1052 2156 depo

67 2179 140 2225 nere
166 2163 365 2224 credentibus
392 2163 444 2238 qui
471 2161 651 2223 deserebant
676 2175 767 2238 quam
787 2163 817 2221 iu
839 2163 961 2238 publica
980 2165 1051 2225 fide.

66 2249 137 2309 inde
154 2247 182 2308 si
198 2247 273 2322 quid
288 2253 423 2322 emptum
438 2253 640 2322 paratumque
655 2246 780 2322 pupillis
796 2261 832 2306 ac
846 2247 948 2308 viduis
964 2249 1050 2322 leret,

66 2349 84 2392 a
104 2338 274 2409 quaestore
289 2329 546 2408 perscribebatur.
583 2331 719 2391 manavit
739 2345 776 2390 ea
790 2332 979 2406 privatorum
999 2333 1051 2392 be

66 2418 202 2492 nignitas
219 2432 258 2474 ex
273 2417 349 2476 urbe
364 2416 455 2475 etiam
469 2415 500 2474 in
516 2420 631 2491 saara,
645 2421 679 2476 at
695 2431 758 2477 non
773 2429 888 2492 eques,
903 2431 965 2478 non
981 2431 1051 2477 een·

64 2502 144 2562 turio
160 2495 349 2576 stipendium
360 2499 522 2575 acciperet,
539 2499 845 2575 mercennariumque
857 2499 1051 2577 increpantes
1111 2567 1115 2573 ,

64 2593 216 2647 vocarent
231 2585 285 2661 qui
300 2585 484 2660 accepisset.

148 2669 229 2732 XIX.
253 2669 286 2744 Q.
301 2669 415 2730 Fabius
437 2668 601 2731 consulati
617 2668 781 2729 Casilinum
797 2675 898 2729 castra
911 2667 1052 2745 habebat,

65 2755 151 2830 quod
175 2754 270 2814 duum
285 2753 400 2814 milium
416 2753 638 2827 Campanorum
654 2759 686 2813 et
699 2752 960 2828 septingentorum
975 2755 1051 2814 mili-

62 2846 124 2900 tum
139 2839 324 2899 Hannibalis
338 2838 500 2898 tenebatur
515 2837 680 2912 praesidio.
702 2843 844 2912 praeerat
859 2835 973 2899 Statius
988 2837 1051 2898 Me-

62 2924 123 2984 tius
145 2924 262 2984 missus
284 2924 322 2982 ab
345 2921 398 2982 Cn.
413 2921 514 2996 Magio
534 2921 692 2996 Atellano,
714 2920 765 2996 qui
786 2936 823 2982 eo
846 2937 926 2982 anuo
949 2923 1051 2982 medix

62 3009 176 3071 tuticus
193 3014 267 3081 erat,
283 3007 470 3082 servitiaque
485 3012 515 3065 et
528 3007 651 3080 plebem
665 3004 844 3082 promiscue
859 3015 1000 3079 armarat,
1017 3016 1050 3066 ut

62 3101 168 3154 castra
187 3093 328 3153 Romana
352 3091 513 3152 invaderet
533 3089 649 3150 intento
671 3091 799 3152 consule
821 3090 860 3150 ad
886 3091 1049 3152 Casilinum

63 3177 319 3255 oppugnandum.
343 3175 417 3236 nihil
433 3174 804 3236 eorunilabiumlerellit.
829 3175 932 3250 itaque
943 3175 1050 3232 Nolam

62 3265 101 3322 ad
124 3265 278 3337 collegam
299 3261 401 3337 mittit,
420 3261 514 3320 altero
537 3259 688 3334 exercitu,
712 3259 784 3319 dum
806 3259 971 3318 casilinum
995 3271 1050 3330 op·

63 3354 233 3422 pugnatur,
252 3361 332 3422 opus
348 3361 434 3420 esse,
458 3345 509 3420 qui
526 3344 688 3419 campanis
708 3348 897 3417 opponaturz
918 3341 967 3399 vel
982 3339 1051 3414 ipse

63 3431 168 3492 relicto
185 3431 282 3492 Nolae
299 3429 456 3506 praesidia
471 3427 595 3490 modico
609 3427 740 3498 veniret,
764 3427 829 3498 vel,
849 3423 875 3481 si
890 3438 959 3482 eum
974 3423 1049 3482 Nola
1142 3463 1146 3474 .

64 3521 181 3577 tenemt
195 3515 329 3576 necdum
344 3528 474 3576 securae
487 3528 538 3572 res
554 3512 593 3571 ab
607 3509 777 3570 Hannibale
791 3511 911 3645 οξξεηι.
934 3519 969 3564 se
983 3504 1048 3566 Tib.
