2448 3900
228 155 343 216 LIBER
356 155 460 216 XXIX.
483 156 565 216 CAP.
580 166 607 220 S·
622 166 648 219 4.
670 165 707 232 [t.
721 165 754 218 C.
769 166 831 232 205]
959 159 1022 225 28³

18 305 253 382 carthaginem
267 313 383 366 terrore
404 305 517 381 ingenti
532 309 741 383 complevere,
764 310 896 369 classem
910 311 1020 372 Roma-

18 406 109 452 nam
127 389 365 465 Scipionemque
378 389 592 465 imperatorem
610 423 653 434 —
667 392 792 452 etfama
806 394 977 454 lucretiam
990 395 1022 455 in

18 475 174 536 Siciliam
195 480 422 549 transgressum
439 503 475 516 -
493 474 668 534 advenisse.
705 491 762 535 nee
777 483 852 551 quot
866 493 962 538 naves
977 478 1022 538 vi-

19 559 168 630 dissent,
191 571 248 617 nec
260 563 374 632 quanta
387 573 495 617 manus
510 573 602 633 agros
616 559 825 634 popularetur,
846 561 920 621 satis
935 561 1021 636 gnari

19 643 144 703 emnia
162 641 193 700 in
214 641 313 702 maius
329 647 409 702 metu
423 647 554 716 augente
574 641 774 718 accipiebant.
805 644 909 720 itaqua
922 646 1020 722 primo

18 734 138 788 terror
158 740 319 801 pavorque
339 724 582 786 dein·maestitia
601 725 721 786 animos
743 727 884 788 incessia
906 735 1022 789 tantum

21 812 192 871 lomunam
206 816 356 882 mutasse,
377 816 411 870 ut
423 811 476 886 qui
491 810 583 871 modo
598 808 659 885 ipsi
674 810 839 871 exercitum
854 819 925 873 ante
938 828 1021 873 moe·

20 894 82 956 nia
107 894 250 954 Romana
269 893 618 968 habuissentvictores,
641 895 805 970 stratisque
826 902 870 955 tot
888 895 1022 958 hostium

23 977 224 1040 exercitibus
245 993 352 1040 omnes
367 977 471 1038 ltaliae
490 977 624 1054 populos
637 984 690 1039 aut
704 979 734 1038 vi
756 985 808 1040 aut
820 979 976 1041 voluntate
990 979 1022 1040 in

23 1062 226 1123 deditionem
240 1062 442 1138 accepissent,
465 1061 486 1120 ii
499 1077 591 1122 verso
602 1062 698 1122 Marte
711 1063 834 1123 Airicae
849 1064 1021 1140 populatio·

25 1162 90 1207 nes
116 1151 150 1205 et
170 1145 363 1208 obsidionem
379 1145 566 1221 carthaginis
581 1146 677 1206 visuri
697 1147 804 1220 forent,
826 1162 1020 1228 nequaquam

26 1230 102 1307 pari
118 1229 162 1290 ad
177 1230 321 1306 patienda
336 1246 373 1289 ca
387 1229 500 1292 robore
519 1246 556 1290 ac
570 1230 700 1291 Romani
715 1230 854 1291 inissent
886 1231 945 1292 illis
960 1233 1021 1294 Ro·

25 1330 161 1374 menam
174 1314 305 1389 plebem,
324 1313 383 1374 illis
397 1314 515 1374 Latium
530 1313 716 1375 iuventutem
730 1315 912 1391 praebuisse
925 1315 1020 1376 maio-

28 1415 98 1458 rem
122 1413 249 1473 semper
269 1397 567 1474 frequentioremque
581 1415 637 1474 pro
652 1405 698 1460 tot
712 1400 812 1460 caesis
835 1399 1020 1460 exercitibus

28 1482 301 1542 subolescentem=
323 1497 409 1543 suam
423 1481 544 1558 plebem
559 1481 709 1544 imbellem
724 1482 755 1542 in
768 1482 854 1560 urbe,
870 1484 1020 1544 imbellem

31 1564 63 1626 in
79 1565 167 1642 agris
184 1581 270 1637 esse;
293 1565 435 1626 mercede
451 1566 552 1643 parari
571 1567 686 1627 auxilia
700 1583 740 1628 ex
753 1568 853 1641 Ainis,
876 1575 965 1644 gente
979 1568 1021 1630 ad

33 1665 160 1711 omnem
182 1664 286 1710 auram
307 1649 375 1726 spei
389 1649 493 1710 mobili
515 1658 606 1728 atque
623 1651 726 1717 infida.
759 1651 820 1712 iam
833 1667 939 1728 reges,
961 1652 1019 1730 Sy-

35 1733 169 1809 phacem
183 1741 256 1810 post
269 1734 456 1810 colloquium
476 1751 546 1795 cum
561 1733 707 1811 Scipione
726 1735 904 1810 alienatum,
928 1737 1012 1796 Masi·

33 1816 155 1878 nissam
170 1824 276 1894 aperta
290 1818 462 1878 deiectione
476 1818 707 1879 infestissimum
720 1819 850 1880 hostem.
879 1819 953 1879 nihil
967 1836 1017 1881 us·
1080 1891 1083 1898 ,

35 1917 130 1977 quam
156 1903 224 1978 spei
248 1901 322 1962 nihil
347 1902 450 1962 auxilii
476 1917 556 1962 esse.
598 1917 656 1963 nec
677 1901 839 1977 Magonem
864 1918 904 1963 ex
924 1903 1029 1967 Gallia,

35 2001 164 2066 movere
185 1989 329 2047 tumultus
345 1986 521 2063 quicquam,
543 2001 601 2046 nec
618 1984 803 2061 coniungere
821 2003 893 2047 sese
906 1987 1019 2048 Hanni-

36 2069 112 2142 oali3
130 2077 163 2131 et
169 2069 368 2131 Hannibalem
379 2069 480 2147 ipsum
490 2071 550 2129 iam
561 2076 591 2130 et
598 2070 679 2129 lama
685 2084 849 2131 senescere
857 2077 888 2130 et
894 2070 1017 2133 viribus

37 2153 86 2212 lv.
116 2155 149 2214 in
165 2153 242 2215 haec
258 2151 402 2215 deflenda
417 2153 638 2230 prolapsos‘ab
652 2155 766 2214 recenti
781 2154 885 2216 nuntio
901 2155 1019 2217 animos

37 2252 144 2298 rursus
156 2245 256 2298 terror
269 2238 387 2298 instans
398 2238 557 2299 revocavit
570 2237 611 2297 ad
625 2239 869 2311 consultandum,
887 2254 1020 2314 quonam

37 2322 130 2384 modo
155 2321 278 2384 obviam
299 2322 512 2397 praesentibus
528 2322 671 2398 periculis
692 2322 795 2383 iretur.
829 2323 958 2384 dilectus
971 2338 1019 2383 ra-

38 2405 111 2480 ptim
132 2408 165 2467 in
186 2405 262 2467 urbe
283 2406 427 2482 agrisque
447 2405 553 2466 baberi
574 2407 689 2482 placet,
712 2406 828 2468 mittere
842 2406 882 2467 ad
903 2407 1019 2468 condu-

39 2491 138 2550 cenda
151 2491 296 2575 Algorum
315 2489 443 2564 auxilia,
463 2489 580 2550 munire
600 2489 723 2564 urbem,
746 2491 926 2552 frumentum
948 2506 1019 2552 con·

42 2571 169 2650 vehere,
190 2576 251 2635 tela
273 2591 357 2634 arma
377 2590 500 2650 parare,
522 2575 670 2635 instruere
685 2590 781 2636 naves
796 2590 833 2634 ac
847 2574 965 2636 mittere
980 2575 1021 2636 ad

40 2653 211 2735 Hipponem
226 2659 376 2719 adversus
390 2659 558 2720 itomanam
573 2659 713 2720 classem.
741 2659 801 2719 iam
815 2658 891 2720 haec
906 2659 1020 2736 agenti·

41 2737 95 2800 bus
116 2742 241 2804 nuntius
261 2742 385 2802 tandem
405 2743 487 2804 venit
500 2741 650 2816 Laelium,
671 2758 733 2804 non
754 2742 946 2820 Scipionem,
968 2760 1020 2806 co·

42 2823 180 2902 piasque,
198 2833 330 2904 quantae
342 2826 382 2886 ad
394 2827 585 2889 incursiones
595 2841 738 2902 agrorum
750 2829 825 2889 satis
837 2828 905 2901 sint,
921 2835 1018 2888 trans-

42 2915 161 2981 vectas;
183 2926 319 2972 summae
340 2911 412 2971 helli
432 2912 541 2972 molem
564 2910 664 2970 adhuc
683 2909 714 2971 in
735 2910 840 2971 Sicilia
859 2927 941 2973 esse.
980 2911 1020 2972 ita

42 2993 238 3069 respiratum,
268 2995 405 3071 mittique
425 2996 465 3055 ad
487 2995 662 3072 Syphacem
682 2994 852 3071 legationes
880 2996 1020 3070 aliosque

42 3079 162 3151 regulos
176 3079 345 3140 firmandae
358 3078 513 3140 societatis
528 3095 622 3158 causa
637 3086 775 3156 coeptae.
798 3078 838 3139 ad
849 3078 1020 3154 Philippum

45 3175 165 3238 quoque
179 3163 282 3236 missi,
305 3162 358 3240 qui
380 3163 510 3222 ducenta
528 3162 644 3238 argenti
659 3164 772 3223 talenta
793 3162 1018 3238 pollicerentur,
1092 3227 1095 3233 ¹

44 3249 75 3302 ut
93 3245 124 3306 in
138 3247 272 3309 Siciliam
292 3254 345 3308 aut
365 3247 396 3307 in
410 3247 526 3307 Italiam
545 3245 695 3307 traiceret.
727 3246 812 3306 missi
834 3246 922 3304 etad
944 3261 1018 3306 suos

47 3322 241 3403 imperatores
256 3332 287 3391 in
302 3331 425 3404 ltaliam
448 3337 481 3390 ut
495 3330 576 3390 omni
590 3336 706 3390 terrore
721 3329 896 3405 Scipionem
911 3328 1018 3389 retine·

48 3420 122 3482 rent3
142 3417 181 3476 ad
195 3417 357 3492 Magonem
373 3431 434 3475 non
450 3413 539 3490 legati
554 3413 664 3486 modo,
686 3412 744 3472 sed
758 3411 863 3486 viginti
884 3413 1019 3488 quinque
