2448 3900
162 201 226 268 boa
264 201 480 266 Llssltltxxx.
497 200 580 262 cap.
591 206 634 264 so.
646 207 691 261 46
707 205 744 274 [ι.
752 204 788 258 6.
797 207 890 262 esso.
903 220 928 259 ι.
937 203 1046 270 esea]

161 357 292 420 insanos
317 359 437 416 montes
463 353 558 414 multo
582 357 613 412 et
633 349 756 413 saevior
777 357 808 412 et
827 351 1045 414 infestioribus
1073 349 1152 414 locis

160 447 328 508 tempestas
350 437 458 500 adorta
473 435 594 497 disiecit
608 438 749 500 classem.
785 437 898 498 multae
913 443 1088 511 quassatae
1106 451 1148 495 ar·

158 523 382 599 mamentisque
393 522 543 597 spoliatae
554 535 660 594 naves,
672 520 824 596 quaedam
835 522 959 582 tractae.
979 521 1025 582 ita
1037 525 1153 580 vexata

159 625 196 670 ac
220 610 352 670 lacerata
377 605 489 668 classis
510 604 635 665 Carales
659 605 764 666 tenuit.
799 603 852 665 ubi
877 605 949 666 dum
971 605 1153 666 subductae

158 691 337 754 reficiuntur
354 706 461 764 naves,
476 689 575 750 hiems
591 689 757 766 oppressit
775 688 1061 764 circumactumque
1077 689 1152 748 anni

158 785 288 852 tempus,
305 781 335 836 et
349 775 431 836 nullo
447 779 633 850 prorogante
648 771 809 850 imperium
824 773 961 848 privatus
976 772 1046 834 Tib.
1060 771 1153 832 Clau·

158 860 227 922 dius
250 860 383 920 classem
392 859 526 920 {tonnam
539 858 670 920 reduxit.
705 857 747 917 Μ.
763 855 926 930 Servilius,
949 871 990 916 ne
1003 856 1152 918 comitio·

156 960 224 1004 rum
241 959 336 1004 causa
350 941 391 1003 ad
404 943 513 1006 urbem
527 947 739 1016 revocaretur,
760 939 910 1002 dictatore
924 940 1007 1002 dicto
1026 939 1059 1000 G.
1076 939 1151 1000 Ser·

156 1028 229 1089 vilio
253 1027 378 1089 Gemino
401 1027 432 1088 in
449 1025 637 1102 provinciam
658 1033 706 1087 est
726 1025 893 1101 proiectus.
928 1024 1064 1085 dictator
1085 1041 1150 1084 ma-

157 1111 285 1188 gistrum
305 1110 441 1188 equitum
455 1109 488 1170 P.
503 1109 624 1171 Aelium
636 1109 761 1170 Paetum
782 1109 868 1171 dixit.
900 1125 997 1185 saepe
1022 1108 1149 1170 comitia

157 1195 270 1260 indicta
284 1195 391 1272 perlici
406 1199 606 1270 tempestates
621 1194 852 1270 prohibuerunt
874 1192 980 1270 itaque
993 1208 1069 1254 cum
1085 1194 1149 1270 pn'·

157 1279 208 1340 die
218 1281 288 1342 idus
296 1279 421 1342 Martias
432 1283 554 1340 veteres
565 1279 762 1354 magistratus
775 1276 922 1352 abissent,
934 1278 1009 1339 uovi
1020 1275 1148 1340 suffecti

157 1379 219 1426 non
234 1371 348 1436 essent,
363 1380 414 1424 res
429 1362 553 1440 publica
567 1361 634 1422 sine
649 1362 806 1424 curulibus
820 1361 1053 1438 magistratibus
1069 1368 1147 1422 erut.

239 1448 272 1508 T.
286 1448 418 1510 Manlius
433 1449 606 1524 Torquatus
627 1447 766 1523 pontifex
782 1461 819 1508 eo
835 1463 916 1508 anno
931 1453 1095 1508 mortuus=
1117 1446 1146 1506 in

155 1533 257 1594 locum
278 1531 345 1592 eius
367 1531 515 1594 suffectus
538 1531 568 1592 C.
591 1528 746 1606 Sulpicius
769 1531 874 1592 Galba.
910 1530 949 1591 ab
968 1531 1002 1590 L.
1024 1529 1146 1591 Licinio

154 1617 282 1678 Lucullo
304 1625 335 1678 et
348 1615 382 1689 Q.
398 1615 505 1676 Fulvio
527 1615 678 1678 aedilibus
699 1614 857 1676 curulibus
872 1614 936 1676 ludi
949 1614 1086 1676 Romani
1101 1622 1146 1674 ter
1221 1626 1222 1647 ¹

155 1700 210 1760 toti
231 1699 400 1760 instaurati.
434 1701 595 1774 pecuniam
611 1714 651 1760 ex
671 1700 790 1760 aerario
806 1699 927 1759 scribae
941 1699 1147 1776 viatoresque

156 1783 285 1844 aedilicii
307 1785 385 1844 clam
407 1783 564 1860 egessisse
585 1799 641 1860 per
660 1783 793 1844 indicem
815 1782 948 1844 damnati
969 1791 1058 1858 sunt,
1082 1800 1146 1844 non

156 1867 225 1930 sine
238 1867 361 1928 infamia
373 1868 491 1930 Luculli
511 1867 629 1928 aedilis.
664 1867 696 1926 Ρ.
711 1867 819 1928 Aelius
834 1867 954 1928 Tubero
970 1874 1001 1930 et
1016 1869 1051 1928 L.
1066 1867 1146 1928 Lae-

154 1953 252 2013 torius
275 1951 390 2014 aediles
411 1951 510 2028 plebis
530 1951 604 2012 vilio
620 1952 713 2014 creati
732 1951 911 2027 magistratu
925 1967 961 2012 se
976 1951 1146 2014 abdicave-

155 2042 232 2111 runt,
250 2053 319 2098 cum
332 2036 423 2098 ludos
438 2035 642 2114 ludorumque
656 2051 752 2098 causa
767 2037 890 2112 epulmn
900 2036 966 2098 lovi
982 2035 1144 2112 iecissent,

155 2127 186 2182 et
200 2121 289 2196 signa
308 2121 366 2182 tria
379 2137 419 2181 ox
439 2120 604 2183 multaticio
624 2127 751 2196 argento
773 2119 854 2180 lacta
870 2119 900 2179 in
918 2119 1070 2196 capitolio
1087 2137 1143 2196 po·

155 2204 301 2266 suissent.
335 2203 463 2268 cerialia
482 2205 573 2266 ludos
592 2204 724 2266 dictator
744 2209 774 2264 et
788 2203 933 2278 magister
947 2206 1091 2284 equiturn
1106 2220 1143 2264 ex
1220 2267 1221 2282 ἢ

156 2295 281 2350 senatus
298 2289 440 2350 consulto
455 2290 603 2350 iecerunt.

238 2371 299 2434 XL.
321 2373 425 2449 Legati
450 2387 490 2434 ex
513 2373 618 2433 Airioo
642 2371 771 2434 Romani
796 2371 886 2433 simul
912 2371 1143 2449 carthaginien-

155 2471 270 2532 sesque
291 2472 361 2518 cum
380 2457 540 2520 venissent
552 2458 696 2530 Romam,
717 2463 844 2518 senatus
859 2455 899 2516 ad
914 2457 1025 2518 aedem
1039 2457 1143 2518 Bello·

154 2555 212 2602 nae
226 2539 347 2600 habitus
363 2547 420 2600 est.
438 2539 490 2602 ubi
506 2556 574 2600 cum
586 2541 619 2600 L.
630 2541 778 2600 Veturius
788 2539 874 2600 Philo
888 2547 1057 2620 pugnatum
1070 2557 1141 2601 cum

154 2623 325 2686 Hannibale
345 2639 418 2686 essa
432 2640 577 2700 suprema
592 2623 894 2698 carthaginiensibus
912 2640 1019 2700 pugna
1033 2625 1141 2686 linem-

155 2723 217 2784 que
251 2708 374 2770 landem
408 2708 529 2784 lugubri
558 2709 639 2769 bello
673 2707 850 2783 impositum
882 2708 996 2784 ingenti
1025 2709 1140 2770 medua

153 2795 275 2868 patrum
298 2792 511 2868 exposuisset,
538 2792 649 2854 adiecit
668 2792 844 2853 Verminam
869 2792 958 2854 etiam
982 2791 1139 2872 Syphacis

153 2875 256 2950 illium,
274 2890 354 2950 quae
365 2891 461 2952 parva
471 2876 550 2936 bene
561 2883 668 2952 gestae
678 2877 723 2938 rei
734 2876 873 2938 accessio
886 2883 960 2950 erat,
972 2876 1137 2938 devictum.

152 2957 183 3018 in
205 2960 379 3021 conbanem
399 2959 524 3036 prodire
544 2961 649 3022 iussus
670 2959 875 3036 gaudiumque
897 2960 929 3021 id
949 2962 1068 3036 populo
1084 2961 1137 3020 im-

151 3044 275 3126 pertire.
310 3051 374 3108 turn
401 3051 507 3120 patere
535 3046 616 3104 lacta
643 3044 845 3119 gratulatione
873 3040 977 3110 omnia
1003 3044 1036 3104 in
1060 3044 1136 3104 urbe
1219 3071 1220 3080 ¹

151 3129 274 3202 templa,
300 3128 605 3206 supplicationesque
626 3129 656 3188 in
681 3129 814 3190 triduum
839 3129 991 3190 decretae.
1028 3129 1135 3203 legatis

152 3211 445 3286 Carthaginiensium
459 3220 490 3272 et
501 3212 633 3290 Philippi
647 3213 856 3288 regis-nam
870 3211 890 3272 ii
906 3227 1033 3290 quoque
1044 3227 1135 3276 vene-

150 3295 471 3369 rant-petentibus,
498 3301 532 3356 ut
551 3303 677 3356 senatus
702 3295 761 3356 sibi
787 3298 925 3371 daretur,
949 3312 1134 3372 responsum

153 3375 240 3435 iussu
255 3383 375 3451 patrum
390 3378 429 3438 ab
444 3378 591 3440 dictatore
607 3384 655 3438 est
669 3380 814 3439 eonsules
829 3396 929 3442 novos
942 3378 981 3440 iis
994 3386 1132 3441 senatum

153 3453 278 3518 daturos
299 3473 380 3519 esse.
418 3460 539 3520 comitia
559 3461 630 3520 inde
650 3461 762 3524 habita.
798 3463 892 3524 creati
914 3465 1059 3524 consules
1081 3461 1130 3524 cn.
