2428 3892
252 191 369 258 Llett
382 193 488 258 xxvl.
512 193 594 256 cal.
609 204 654 258 at.
675 201 713 270 [ι.
728 200 762 254 c
775 202 839 271 rto]
968 195 1030 260 tho

46 349 132 428 capti
149 356 243 425 erant,
259 348 289 409 ln
304 365 415 410 navem
428 348 580 425 impositis
596 349 732 410 nuntium
746 348 892 410 victoriae
903 349 1031 410 Romam

45 433 148 495 mittit.
180 432 248 511 ipsc
267 447 386 510 paucos
407 432 490 508 dies,
511 431 622 509 quibus
641 432 752 494 morari
768 431 948 508 Carthagine
969 440 1030 494 sta·
1078 478 1083 490 .

45 523 164 590 tuerat,
193 516 375 578 exercendis
398 516 557 577 navalibus
578 515 838 593 pedestribusque
858 517 956 593 copiis
978 517 1029 578 ab·

45 601 191 678 sumpsit.
234 601 333 677 primo
354 599 405 661 die
426 599 564 676 legiones
585 600 615 659 in
642 599 734 660 armis
757 606 899 677 quattuor
918 601 1029 661 milium

45 685 153 762 spatio
172 684 388 757 decurrendum
409 684 546 746 secundo
568 683 619 744 die
637 698 723 744 anna
744 699 852 746 curare
868 690 899 746 et
912 691 1030 761 tergere

46 775 120 830 ante
135 768 266 829 tentoria
285 766 377 839 iussi;
398 767 485 830 tertio
501 767 551 828 die
564 767 693 829 rudibus
714 767 793 829 inter
807 783 843 830 se
862 768 892 828 in
907 769 1029 832 modum

46 855 151 914 iustae
171 866 294 929 pugnae
309 857 526 913 concurrerunt
545 851 787 928 praepilatisque
806 851 973 913 missilibus
988 853 1029 912 ia-

49 937 144 998 culati
153 941 240 1006 sunta
257 937 364 1011 quarto
380 935 430 995 die
445 935 532 1011 quies
547 936 633 1006 datm
651 935 755 1013 quinto
770 935 878 997 iterum
892 935 924 996 iu
938 937 1031 997 armis

49 1023 216 1082 decursum
237 1025 293 1080 est
325 1018 406 1080 bunc
427 1018 565 1081 ordinem
586 1019 699 1081 laboris
717 1019 905 1097 qtrietisque,
928 1021 1029 1096 quoad

48 1103 233 1180 Carthagine
246 1104 354 1164 morati
369 1109 455 1179 sunt,
476 1109 646 1164 servarunt
674 1103 833 1180 remigium
847 1103 1032 1181 classicique

47 1189 163 1250 milites
178 1187 338 1264 tranquillo
353 1186 385 1246 in
400 1187 492 1248 altum
506 1186 605 1248 evecti
619 1187 782 1264 agilitatem
792 1189 916 1249 navium
939 1188 1032 1251 simu·

46 1271 272 1335 lacrisnavalis
293 1286 417 1348 pugnae
437 1271 682 1349 experiebantur.
718 1271 796 1332 hacc
817 1277 905 1332 extra
925 1271 1030 1332 urbem
1117 1329 1119 1335 .

48 1366 133 1418 terra
147 1355 284 1433 marique
298 1371 431 1432 corpora
445 1356 535 1416 simul
555 1355 738 1432 animosque
752 1356 792 1416 ad
806 1353 920 1416 bellum
941 1370 1029 1417 acue

48 1443 143 1502 bant:
166 1440 239 1502 urbs
261 1439 331 1516 ipsa
350 1438 506 1516 strepebat
525 1446 675 1517 apparatu
688 1438 761 1500 belli
782 1439 877 1500 labris
897 1439 1030 1501 omnium

49 1540 198 1602 generum
208 1524 239 1585 in
251 1522 374 1601 publica
388 1523 512 1584 officina
526 1523 662 1586 inclusis.
685 1525 750 1586 dux
761 1529 870 1585 cuncta
881 1525 948 1601 pari
959 1539 1031 1585 oute

52 1609 170 1671 obibat:
191 1623 272 1669 nuno
285 1611 317 1670 in
327 1611 422 1670 classe
433 1611 668 1684 maquenaoao·
675 1616 750 1684 crat,
768 1626 848 1670 nuno
858 1611 1030 1684 comisato-

55 1695 136 1756 mbas
147 1693 333 1768 damnabat,
349 1709 430 1754 nunc
441 1691 585 1769 operibus
596 1691 784 1768 aspiciendis
797 1700 916 1770 tempus
931 1691 1031 1767 dabat,

55 1793 195 1854 quaeque
210 1776 241 1837 in
261 1776 393 1838 cilicinis
409 1791 552 1853 quaeque
568 1776 597 1836 in
619 1777 913 1854 mmnmcntarioque
928 1792 964 1838 ac
979 1793 1031 1836 na-

53 1861 173 1922 valibus
187 1861 343 1923 labrorum
356 1860 515 1922 multitudo
531 1859 660 1936 plurima
680 1861 710 1921 in
726 1862 863 1936 singulos
879 1861 946 1921 dies
968 1875 1032 1919 cen

52 1945 164 2006 tamine
180 1944 292 2020 ingenti
307 1943 447 2006 iaciebat.
479 1944 527 2004 his
542 1944 756 2022 liniamentis,
772 1945 957 2020 relectisque
972 1959 1033 2018 qua

51 2029 191 2106 quassati
212 2034 298 2089 erant
318 2029 428 2104 muris,
451 2027 673 2104 dispositisque
693 2028 855 2105 praesidiis
877 2027 917 2087 ad
932 2033 1033 2089 custo·

50 2115 133 2174 diam
145 2112 232 2174 urbis
247 2113 449 2176 Tarraconem
470 2120 518 2173 est
531 2112 704 2188 protectus,
726 2112 860 2172 amultis
875 2111 1033 2192 legationi-

50 2198 108 2259 bus
125 2193 265 2274 protinus
282 2197 311 2257 in
327 2198 378 2258 via
391 2197 502 2273 aditus,
524 2211 601 2272 quas
616 2195 726 2273 partim
740 2195 811 2257 dato
826 2209 979 2271 responso
994 2209 1034 2255 ex

50 2283 159 2359 itinere
176 2281 298 2356 dimisit,
322 2281 430 2358 partim
446 2281 563 2342 distulit
574 2279 791 2354 Tarraconem,
814 2295 875 2356 quo
892 2275 1034 2340 omnibus

49 2365 141 2427 novis
157 2365 378 2440 veteribusque
392 2366 487 2426 sociis
509 2365 648 2425 edixerat
667 2370 859 2426 conventum.
892 2369 921 2424 et
935 2362 1034 2423 cuncti

51 2451 115 2511 tere
131 2448 186 2526 qui
202 2449 247 2508 cis
263 2448 409 2511 iliberum
423 2449 559 2510 incolunt
572 2448 686 2524 populi,
709 2448 792 2508 multi
807 2447 898 2508 etiam
911 2447 1034 2508 ulterio-

50 2535 90 2595 ris
104 2531 286 2610 provlnciae
299 2538 514 2594 convenerunt.
530 2531 822 2607 Carthaginiensium
834 2531 930 2592 duces
937 2531 1036 2608 primo

50 2633 89 2679 ex
112 2617 267 2678 industria
287 2617 398 2678 sarnam
426 2621 534 2692 captae
555 2615 743 2692 carthaginis
771 2622 1034 2692 compresserunt;

50 2701 183 2777 deinde,
203 2708 237 2761 ut
257 2700 369 2761 clarior
389 2715 439 2760 res
461 2705 540 2775 erat,
564 2715 655 2774 quam
676 2707 709 2760 ut
723 2701 783 2776 tegi
799 2716 836 2761 ao
851 2700 1036 2762 dissimulari

51 2791 178 2864 posset,
201 2783 364 2846 elevabant
383 2782 501 2844 verbiss
524 2783 707 2861 necopinato
729 2784 864 2846 adventu
884 2800 921 2846 ac
938 2799 1037 2862 prope

51 2873 132 2934 tauto
144 2869 236 2930 unius
249 2867 310 2932 diei
322 2867 427 2930 urbem
441 2883 533 2929 unam
539 2867 706 2944 Hispaniae
720 2869 933 2945 interceptam
951 2870 1036 2930 cuius

50 2955 95 3016 rei
108 2961 170 3016 tam
182 2968 299 3030 parvae
309 2952 445 3029 praemio
457 2954 569 3015 elatum
581 2952 762 3014 insolentem
775 2953 916 3016 iuvenem
930 2954 1035 3014 immo-

52 3041 124 3102 dico
138 3038 252 3114 gaudio
269 3037 405 3115 speciem
420 3053 549 3113 magnae
559 3037 706 3099 victoriae
720 3037 917 3114 imposuisse.
941 3031 976 3097 at'
985 3034 1037 3097 ubi

52 3121 308 3201 appropinquare
319 3128 382 3183 tres
394 3121 499 3198 duces,
515 3127 577 3183 tres
592 3121 725 3184 victores
737 3120 872 3183 hostium
886 3119 1037 3182 exercitus

54 3207 204 3284 audisset,
221 3222 419 3268 occursuram
434 3205 462 3266 ei
477 3207 631 3284 extemplo
647 3205 885 3268 domesticorum
900 3204 1038 3264 lunarum

54 3291 242 3352 memoriam.
266 3291 345 3352 haec
362 3291 392 3351 in
410 3292 522 3368 vulgus
540 3289 702 3368 iactabant,
719 3289 957 3365 haudquaquam
978 3284 1037 3362 ipsi

54 3375 337 3522 ἰᾰςέιοῖιξέἰεὲιέἰηωω
352 3373 410 3437 sibl
425 3377 465 3438 ad
480 3375 589 3452 'omnia
603 3374 710 3438 virium
725 3371 906 3447 Carthagine
927 3369 1038 3430 amissa

457 3549 649 3561 ...-----
