2434 3902
203 243 320 305 LIBER
335 242 456 304 XXVII.
480 242 565 303 CAP.
581 251 625 305 ill.
642 237 686 305 23.
701 251 746 306 al.
768 246 805 323 [a.
817 251 849 305 0.
865 251 928 329 208]
999 247 1061 314 let

57 400 140 462 bern
155 400 285 460 Romam
307 399 441 474 fuerant,
463 397 635 473 legionibus
650 397 724 459 nihil
745 405 902 462 mutatum.
935 406 1049 481 supple·

55 490 214 560 mentum,
230 498 292 559 quo
307 499 388 560 opas
403 488 495 556 esset,
518 481 687 542 scriberent
701 484 847 546 consules
862 487 1059 562 permissum.

55 585 130 632 una
139 574 177 653 ,et
190 568 297 644 viginti
312 567 485 643 legionibus
500 581 538 628 eo
554 581 635 627 anno
651 567 812 629 defensum
825 568 986 646 imperium
998 575 1059 635 Ro-

56 669 194 716 manum
217 659 275 714 est.
308 658 339 713 et
359 651 391 711 P.
409 651 526 712 Licinio
541 653 625 713 Varo
646 654 780 728 praetori
800 653 885 714 urbis
903 658 1060 732 negotium

57 741 189 815 datum,
209 745 243 798 ut
264 753 361 797 naves
381 737 491 812 longas
510 734 634 812 triginta
653 742 774 796 veteres
795 737 950 816 reliceret,
979 757 1060 817 quac

58 823 175 886 Ostiae
195 827 297 897 erant,
321 827 351 882 et
366 819 471 896 viginti
485 834 585 881 novus
601 835 697 880 naves
713 820 807 882 sociis
822 823 983 886 navalibus
1004 826 1059 887 im-

59 909 176 985 pleret,
192 913 226 968 ut
237 904 598 982 quinquagintanavium
609 905 712 966 classe
726 921 812 965 oram
823 907 916 968 maris
927 909 1060 971 vicinam

62 991 137 1052 urbi
152 993 312 1053 Romanae
327 989 403 1052 tueri
418 996 536 1067 posset.
570 987 600 1050 0.
617 989 799 1066 Calpurnius
820 992 932 1053 vetitus
948 993 986 1053 ab
1001 996 1060 1054 Ar·

62 1077 146 1138 retia
159 1091 287 1138 movere
301 1075 476 1150 exercitum,
491 1073 551 1134 nisi
563 1088 633 1134 cum
644 1089 811 1136 successor
822 1075 972 1138 venisseta
987 1077 1059 1140 item

60 1168 96 1222 et
111 1160 232 1222 Tubulo
248 1159 444 1236 imperatum,
465 1164 500 1220 ut
513 1157 586 1218 inde
600 1159 768 1234 praecipue
783 1167 920 1236 caveret,
942 1177 982 1223 ne
998 1179 1058 1242 qua

61 1261 152 1306 nova
168 1244 298 1306 consilia
312 1249 504 1320 caperentur.

154 1329 261 1390 Xlilll.
283 1328 443 1389 Praetores
459 1327 490 1387 in
502 1325 680 1404 prouincias¹
690 1327 836 1404 prolecta
851 1329 996 1392 consules
1011 1347 1059 1392 re-

62 1415 142 1492 ligio
158 1414 296 1489 tenebat,
320 1413 406 1488 quod
420 1411 569 1489 prodigiis
590 1411 707 1488 aliquot
726 1412 870 1474 nuntiatis
886 1429 948 1474 non
970 1415 1059 1476 lacile

62 1498 205 1561 litabunt.
247 1505 277 1558 ct
297 1513 337 1557 ex
358 1496 522 1572 Campania
542 1495 679 1556 nuntiata
699 1504 800 1571 erant,
835 1497 960 1574 capuae
980 1500 1058 1561 duas

63 1585 182 1656 aedes,
206 1582 359 1644 Fortunae
373 1588 404 1643 et
416 1581 538 1657 Martis,
560 1587 591 1643 et
605 1581 770 1658 sepulchra
785 1581 903 1658 aliquot
916 1583 956 1644 do
971 1586 1057 1645 eaelo

64 1674 165 1743 tucta3
189 1667 291 1728 Cumis
306 1699 352 1713 -
373 1666 452 1727 adeo
473 1665 604 1727 minimis
620 1667 710 1728 eliam
724 1664 817 1728 rebus
833 1683 930 1743 prava
949 1669 1057 1746 religio

67 1752 177 1814 inserit
191 1752 269 1812 deos
283 1785 326 1796 -
340 1765 442 1811 mures
457 1751 488 1810 in
504 1751 582 1811 aede
592 1750 675 1812 lovis
690 1767 796 1812 aarum
810 1753 938 1829 rosisse,
955 1753 1069 1816 Casini.

64 1851 200 1898 examen
216 1836 318 1912 apium
334 1835 443 1911 ingens
455 1834 485 1894 in
498 1835 565 1896 foro
581 1835 778 1896 comedisses
794 1842 825 1896 et
832 1835 924 1899 Ostiis
937 1853 1057 1900 murum

64 1929 254 1999 portamque
268 1921 314 1980 'de
336 1918 423 1980 caelo
443 1924 569 1992 mcum,
593 1918 688 1980 Caere
701 1919 864 1980 vulturium
878 1922 1005 1983 volasse
1026 1923 1057 1982 in

63 2007 179 2067 aedem
194 2003 291 2078 laus,
313 2002 463 2064 Vulsiniis
479 2003 629 2079 sanguine
642 2004 742 2064 lacum
756 2019 910 2066 manasse.
947 2005 1055 2066 horum

63 2089 283 2168 prodigiorum
305 2103 399 2150 causa
413 2086 494 2168 diem
514 2105 608 2148 unum
622 2086 807 2164 supplicatio
823 2088 887 2150 luit.
919 2103 976 2165 per
989 2089 1057 2152 dies

63 2175 188 2250 aliquot
202 2173 323 2235 hostiae
336 2171 469 2234 maiores
484 2171 552 2234 sine
567 2171 702 2234 litatione
716 2187 842 2250 caesae,
865 2173 980 2249 diuque
993 2189 1055 2234 non

63 2261 230 2336 impetrata
245 2273 306 2335 pax
323 2257 423 2318 deum.
452 2257 484 2317 in
499 2257 601 2334 capita
616 2257 776 2319 consulum
789 2257 958 2334 republica
972 2257 1056 2320 ineo-

64 2343 143 2405 lumi
165 2342 328 2406 exitiabilis
345 2340 554 2418 prodigiorum
576 2348 705 2403 eventus
719 2341 818 2402 vertit.
846 2341 924 2404 Ludi
937 2342 1056 2418 Apolli-

63 2444 161 2489 nares
178 2429 212 2502 Q.
226 2427 334 2488 Fulvio
349 2427 543 2503 Apelaudio
558 2425 738 2488 consulibus
753 2426 809 2486 aP.
819 2426 960 2487 cornelio
972 2426 1057 2487 Sulla
1103 2421 1105 2426 ’

66 2519 214 2590 praetore
235 2511 302 2572 urb.
324 2511 454 2588 primum
478 2512 549 2572 iacti
571 2518 667 2572 erant.
698 2511 771 2572 inde
786 2525 893 2572 ornnes
908 2510 1056 2588 deinceps

66 2603 231 2674 praetores
246 2596 356 2657 urbani
372 2597 524 2668 lecerant;
540 2596 642 2656 sedin
657 2612 751 2657 unum
766 2611 877 2656 annum
893 2596 1057 2672 vovebant,

66 2681 185 2757 dicque
199 2682 316 2742 incerto
332 2679 494 2742 iaciebant.
526 2695 564 2742 co
581 2697 663 2742 anno
678 2679 850 2757 pestilentia
865 2679 968 2756 gravis
983 2681 1056 2742 inci-

68 2766 115 2826 dit
128 2767 159 2826 in
175 2765 282 2827 urbem
298 2781 469 2846 agrosquc;
487 2780 568 2841 quae
580 2771 680 2826 minen
692 2765 790 2841 magis
805 2766 835 2824 in
851 2765 976 2827 morbos
991 2767 1056 2828 lon·

69 2866 129 2926 gos
145 2866 237 2926 quam
252 2849 282 2910 in
297 2848 513 2926 perniciabiles
534 2849 642 2910 evasit.
675 2849 741 2910 eius
757 2849 949 2926 pestilentiae
963 2867 1057 2912 causa

68 2941 99 2996 et
120 2935 326 3012 supplicatum
347 2949 403 3010 per
417 2934 551 3011 compita
567 2939 631 2995 tota
650 2933 729 2994 urbe
750 2939 812 3010 est,
834 2941 864 2995 et
876 2934 908 2993 P.
924 2935 1057 2996 Licinius

67 3019 172 3080 Varus
189 3026 313 3095 praetor
326 3018 394 3079 urb.
417 3019 516 3094 legem
531 3019 611 3080 lerrc
627 3019 665 3078 ad
682 3020 828 3095 populum
850 3020 968 3093 iussuS,
989 3018 1057 3080 ulii

69 3103 134 3164 ludi
144 3103 175 3163 in
188 3109 370 3180 perpetuum
381 3103 411 3164 in
424 3109 533 3166 statam
545 3103 625 3164 diem
637 3109 833 3164 voverentur.
861 3103 868 3161 i
873 3118 929 3178 pse
941 3103 1056 3178 primus

68 3187 110 3249 ita
126 3187 222 3262 vovit,
245 3187 378 3263 lecitque
392 3195 463 3250 ante
478 3188 559 3249 diem
573 3188 694 3250 tertium
709 3203 807 3249 nonas
817 3186 1000 3262 Quinctiles.
1029 3186 1055 3245 is

70 3272 137 3333 dies
153 3271 267 3333 deinde
283 3271 442 3334 sollemnis
457 3278 611 3334 seruatus.

153 3357 261 3417 XXIV.
289 3357 335 3416 De
348 3357 498 3418 Arretinis
521 3362 551 3417 ct
565 3358 646 3418 lama
661 3357 691 3416 in
707 3355 774 3415 dies
789 3353 914 3430 gratior
932 3360 962 3413 et
982 3367 1056 3415 cura

70 3455 212 3502 crescere
227 3440 375 3516 patribus.
402 3441 505 3516 itaque
520 3441 551 3503 0.
567 3440 696 3502 Hostilio
713 3438 857 3513 scriptum
873 3435 983 3512 estne
998 3436 1056 3498 dii-

70 3525 163 3586 lerret
174 3523 300 3586 obsides
312 3523 350 3585 ab
358 3525 507 3586 Arretinis
521 3525 670 3602 accipere,
686 3529 716 3582 et
727 3521 775 3581 cui
786 3521 920 3582 traderet
926 3521 1001 3582 lior
1007 3534 1052 3544 .,..
