2448 3900
257 222 475 285 arenarum.
499 225 695 288 cananea.
719 231 876 301 [acam
997 226 1059 290 aaa

73 391 145 438 rum
163 375 196 434 in
216 380 298 434 terra
317 373 403 434 ltalia
422 389 473 434 res
495 381 615 450 gestas,
640 382 685 437 tot
705 377 801 438 duces
821 379 994 455 Romanos,
1017 387 1059 442 tot

73 459 230 522 exercitus
246 458 407 540 occidione
422 459 555 534 occisos,
571 466 601 520 ct
616 475 673 520 sua
688 461 799 536 cuique
815 463 937 538 decora,
952 464 1005 524 ubi
1020 467 1059 525 ad

73 544 227 619 insignem
241 541 371 604 alienius
387 557 509 618 pugnae
526 544 673 604 memorIa
686 544 810 605 militem
824 555 959 621 venerat
979 551 1059 609 reie-

73 627 178 696 rebat;
202 627 307 702 Scipio
320 627 494 702 ,Htspemas
516 633 547 688 et
565 629 700 688 recentia
720 627 750 688 in
764 629 869 691 Africa
891 631 1010 706 proelia
1030 639 1060 693 et

74 711 304 774 consessionem
328 711 478 788 hostium,
505 712 590 787 qnod
615 727 718 788 neque
740 729 803 774 non
823 722 930 790 petere
950 730 1060 791 pacem

43 859 47 865 ,
75 802 204 872 propter
228 801 342 856 metum
366 811 469 872 neque
490 795 664 856 manerem
685 812 723 856 ea
743 813 819 872 prae
838 798 930 860 insita
950 800 1059 860 animis

74 879 207 956 perfidia
230 877 414 954 potuissent.
447 879 573 940 adhoc
599 879 785 955 colloquium
809 881 1002 959 Hannibalis,
1028 884 1058 944 ln

74 970 196 1025 secreto
222 963 357 1024 habitum
378 979 416 1024 ao
441 963 570 1024 liberum
596 964 721 1038 fingenti
743 979 823 1040 qnae
842 967 921 1039 vult,
947 965 1058 1038 llectit;

75 1047 241 1120 ominatur,
270 1048 383 1123 quibus
410 1048 566 1124 quondam
592 1047 741 1122 auspiciis
767 1053 870 1124 patres
891 1065 998 1110 eorum
1019 1052 1057 1115 ad

71 1135 208 1207 Aegates
224 1129 427 1207 pugnaverint
440 1131 569 1205 insulas,
590 1147 627 1192 ea
642 1131 700 1192 illis
715 1133 898 1193 exeuntibus
914 1134 946 1192 in
961 1134 1058 1195 solem
1128 1135 1130 1140 '

73 1217 273 1292 portendisse
287 1217 375 1277 deos.
399 1216 512 1276 adesse
526 1215 619 1276 llnem
633 1216 705 1276 belli
720 1231 757 1276 ac
771 1216 896 1279 laboris.
918 1217 948 1276 in
963 1219 1058 1278 mani·

72 1301 134 1362 bus
149 1315 221 1362 esse
236 1300 384 1376 praedam
395 1299 594 1375 Carthaginis,
609 1300 739 1361 reditum
750 1300 875 1362 domum
886 1302 916 1361 in
928 1303 1057 1378 patriam

73 1386 115 1445 ad
140 1391 283 1462 parentes
304 1385 418 1444 liberos
444 1383 592 1459 coniuges
617 1389 808 1461 penatesque
829 1385 916 1446 deos
954 1389 1056 1448 ¹celsus

72 1470 151 1529 hacc
166 1483 307 1544 corpore,
328 1470 476 1545 vultuque
489 1469 531 1530 ita
545 1470 635 1543 lacto,
652 1475 684 1529 ut
697 1468 811 1530 vicisse
825 1468 894 1528 iam.
902 1471 1056 1546 crederes,

71 1553 204 1616 dlecbat.
240 1553 360 1614 instruit
381 1552 492 1613 deinde
507 1552 624 1628 primos
638 1553 794 1626 hastatos,
816 1560 889 1628 post
903 1569 958 1614 eos
975 1555 1056 1629 prin-

71 1638 169 1713 cipes,
197 1637 308 1698 triariis
336 1645 523 1713 postremam
552 1637 648 1697 aclem
677 1637 795 1698 clausit.
829 1637 962 1699 XXXIII.
995 1655 1057 1700 non
1150 1631 1152 1636 ’

73 1722 230 1782 coniectas
256 1728 357 1782 aulem
383 1721 527 1782 cohortes
555 1730 624 1783 ante
650 1737 707 1782 sua
728 1737 883 1798 quamque
904 1722 993 1796 signa
1012 1722 1056 1781 in-

70 1806 219 1882 struebat
240 1805 298 1866 sed
312 1804 486 1882 manipulos
502 1806 691 1881 aliquantum
705 1806 784 1868 inter
798 1821 834 1866 se
848 1805 1008 1879 halantes,
1024 1812 1057 1868 ut

70 1896 158 1951 esset
182 1891 317 1966 spatium
341 1906 402 1965 qua
423 1889 577 1965 elephanti
598 1890 733 1951 hostium
754 1890 813 1950 acti
835 1889 909 1949 nihil
930 1890 1055 1950 ordines

72 1975 237 2035 turbarent.
257 1973 409 2048 Lashom,
427 1974 514 2035 cuius
529 1980 601 2035 ante
614 1974 714 2050 legati,
731 1989 768 2033 eo
784 1989 865 2034 anno
881 1973 1055 2051 quaestorIs

72 2064 159 2120 extra
173 2066 286 2119 sortem
301 2075 341 2118 ex
356 2064 482 2120 senatus
497 2062 638 2120 consulto
651 2073 748 2134 opera
756 2057 906 2133 utebatur,
919 2074 988 2118 cum
999 2058 1056 2117 Ila-

71 2145 132 2204 lieo
154 2143 290 2218 equitatu
310 2142 349 2202 ab
364 2143 488 2206 sinistro
504 2159 616 2218 cornu,
637 2142 834 2204 MasinIssam
847 2141 1056 2216 Numidasque

71 2227 112 2288 ab
133 2227 241 2288 dextro
263 2227 418 2303 opposuit.
452 2229 520 2288 vias
536 2235 676 2304 patentes
691 2229 768 2288 Inter
781 2226 956 2300 manipulos
972 2231 1056 2285 ante-

71 2313 273 2386 sIgnanorum
297 2312 544 2373 velitibus-ea
567 2320 640 2374 tuno
660 2311 739 2372 levis
760 2316 914 2371 armatura
935 2314 1001 2370 erat
1013 2339 1056 2353 -

72 2396 252 2472 complevit,
275 2395 354 2462 dato,
363 2403 544 2473 praecepto,
563 2403 596 2457 ut
610 2397 650 2456 ad
664 2397 810 2471 Impetum
824 2393 1056 2470 elephantorum

71 2486 125 2542 aut
138 2487 210 2555 post
225 2480 360 2541 directos
376 2481 552 2555 relegerent
567 2481 704 2551 ordines,
727 2485 780 2540 aut
794 2478 824 2537 ln
841 2479 980 2538 dextram
994 2479 1055 2538 lae-

72 2580 205 2640 vamque
225 2565 371 2625 discursu
393 2565 584 2640 applicantes
599 2579 634 2624 se
649 2562 857 2638 antesignanis
872 2562 970 2636 viam,
994 2578 1055 2637 qua

69 2650 222 2710 irruerent
235 2648 266 2708 in
281 2649 424 2724 ancipitIa
438 2649 506 2722 tela,
522 2647 621 2709 beluis
637 2647 754 2711 darent.
775 2645 927 2706 Hannibal
941 2647 981 2706 ad
997 2652 1054 2706 ter·
1129 2658 1131 2663 ·

69 2749 174 2795 rorem
194 2732 311 2809 primos
327 2733 561 2808 elephantos-
572 2732 729 2806 octoginta
743 2737 843 2792 autom
858 2736 958 2802 erant,
982 2734 1056 2805 quot

70 2818 155 2878 nulla
174 2833 319 2892 umquam
341 2816 371 2876 in
387 2818 453 2877 acie
468 2823 538 2878 ante
552 2816 754 2876 habuerat-
765 2814 921 2888 instruxit,
944 2814 1055 2874 deinde

70 2901 185 2963 auxilia
208 2901 353 2976 Ligurum
376 2901 592 2976 Gallormnque
612 2900 783 2963 Baliaribus
803 2898 980 2972 Maurisque
1002 2899 1055 2956 ad-

70 2984 190 3055 mixtis;
214 2985 244 3044 in
267 2985 405 3044 secunda
419 2985 485 3046 acle
500 2984 766 3059 carthaginienses
780 2984 937 3057 Afrosque
952 2987 982 3040 et
992 2979 1054 3039 lIa-

71 3068 226 3130 oedonum
260 3067 428 3142 legionem
470 3069 592 3130 modico
622 3068 734 3129 deinde
762 3067 920 3126 intervallo
948 3064 1054 3123 relicto

71 3152 289 3214 subsidiariam
304 3151 401 3212 aciem
414 3151 589 3214 italicorum
603 3153 730 3212 militnm
739 3183 783 3196 -
792 3148 901 3209 Bruttii
916 3148 1056 3223 plerique

70 3243 173 3312 erant,
194 3237 225 3296 vi
240 3251 278 3296 ac
292 3236 477 3296 necessitato
495 3240 598 3312 plures
616 3251 707 3311 quam
722 3250 780 3295 sua
792 3234 949 3293 voluntate
965 3232 1054 3291 dece·

71 3323 193 3382 dentem
219 3336 261 3380 ex
285 3321 373 3380 ltalia
398 3321 495 3381 secuti
508 3319 709 3380 -Instruxit
746 3317 913 3393 equitatum
937 3324 968 3376 et
987 3314 1056 3390 ipsc

72 3405 273 3466 circumdedit
284 3404 439 3476 cornibus,
456 3404 597 3466 dextrum
610 3400 885 3477 carthaginienses,
900 3400 1055 3462 sInistrum

73 3490 221 3550 Numidae
234 3493 405 3554 tenuerunt
421 3488 516 3549 Vario
528 3487 699 3550 adhortatio
712 3494 776 3548 eret
788 3486 818 3547 in
830 3485 967 3602 exercitu
978 3487 1054 3545 inter
