2448 3900
279 203 397 265 LIBER
410 203 501 264 XXX.
525 201 607 264 CAP.
618 210 662 266 38.
674 211 719 266 39.
743 210 779 278 [a.
792 211 824 262 C.
837 212 900 278 202]
1022 204 1084 270 361

98 360 163 420 alio
183 371 317 432 usquam
338 369 429 430 quam
442 319 572 414 Romam
585 355 738 415 mitterent
751 357 885 435 legates,
906 368 936 420 et
950 361 1085 436 quierun-

98 459 164 520 qne
179 439 272 517 legati
286 437 498 512 cathaginem
512 437 680 514 venissent,
694 455 734 498 ne
748 447 819 500 ante
834 441 1018 504 dimitterent
1030 461 1086 506 eos

98 541 196 604 quam
215 525 386 585 Romanum
409 521 638 598 imperatorem,
665 521 739 598 quid
759 531 899 599 petentes
920 528 1085 602 venissent,

100 609 265 670 certiorem
277 609 422 668 lacerent.
444 621 513 667 cum
524 605 633 680 legatis
645 607 946 682 carthaginiensibus
957 613 1087 674 Romam

99 694 191 754 missi
210 693 245 752 L.
259 691 405 752 Veturius
426 689 511 751 Philo
532 696 564 750 et
576 689 617 750 Μ.
631 689 766 754 Marcius
780 693 868 753 Ralla
888 701 918 756 et
930 695 963 755 L.
980 695 1085 772 Scipio

99 776 296 856 imperatoris
322 777 424 835 irater.
460 791 516 850 per
541 789 597 834 eos
624 775 691 835 dies
712 785 900 838 commeatus
923 795 962 838 ex
984 779 1087 841 Sicilia

101 861 309 937 Sardiniaque
335 865 447 920 tantam
471 859 614 920 vilitatem
634 875 776 920 annonae
797 844 949 939 iecerunt,
976 872 1009 924 ιιι
1028 881 1085 941 pro

100 953 230 1008 vectura
244 947 427 1006 trumentum
442 943 544 1004 nautis
559 950 711 1005 mercator
724 945 919 1021 relinqueret.

187 1031 304 1091 Rornae
319 1029 359 1090 ad
373 1029 511 1090 nuntium
526 1027 657 1104 primum
666 1028 843 1091 rebellionis
859 1028 1085 1106 Carthaginien·

101 1115 184 1176 sium
197 1115 383 1190 trepidatum
397 1114 505 1186 iuerat,
524 1112 691 1188 iussusque
705 1119 772 1172 erat
784 1112 848 1174 Tib.
863 1113 1008 1176 Claudius
1024 1133 1086 1176 ma·

102 1209 171 1262 ture
196 1200 328 1260 classem
348 1198 379 1257 in
401 1196 535 1258 Siciliam
556 1196 671 1256 ducere
695 1203 788 1272 atque
808 1197 881 1258 inde
900 1198 931 1258 in
951 1199 1087 1260 Africam

101 1283 247 1356 traicere,
274 1289 305 1344 et
324 1283 401 1343 alter
422 1282 531 1342 consul
549 1279 590 1340 Μ.
607 1279 754 1341 Servilius
775 1281 817 1342 ad
835 1281 944 1342 urbem
963 1285 1086 1358 morari,

102 1369 206 1431 donec
227 1383 289 1442 quo
310 1373 391 1427 statu
411 1381 462 1426 res
477 1365 508 1425 in
528 1364 634 1425 Attica
652 1371 759 1426 essent
778 1365 918 1426 sciretur.
953 1368 1087 1444 segniter

104 1451 209 1514 omnia
221 1451 252 1512 in
267 1450 475 1527 comparanda
490 1449 736 1525 deducendaque
750 1450 850 1510 classe
866 1451 904 1510 ab
918 1451 983 1512 Tib.
999 1452 1086 1512 Clau-

104 1537 156 1597 dio
178 1537 307 1596 consule
328 1537 407 1596 iacta
426 1541 527 1611 erant,
549 1533 633 1610 quod
653 1539 758 1609 patres
779 1535 818 1594 de
839 1550 918 1610 pace
932 1533 1086 1612 Scipionis

104 1620 209 1697 potius
238 1619 392 1680 arbitrium
421 1635 507 1694 esse,
537 1617 649 1694 quibus
677 1616 798 1693 legibus
827 1619 965 1695 daretur,
995 1636 1087 1696 quarn

105 1705 242 1766 consulis
260 1710 452 1765 censuerant.
474 1701 616 1777 prodigia
631 1717 756 1776 quoque
771 1704 907 1764 nuntiato
917 1703 976 1764 sub
987 1704 1087 1780 ipsam

104 1791 217 1850 lamam
235 1787 411 1849 rebellionis
432 1795 581 1848 terrorem
595 1787 771 1847 attulerant:
794 1787 896 1848 cumis
911 1787 987 1849 solis
1003 1788 1087 1850 orbis

104 1872 200 1933 minui
218 1873 306 1932 visus
327 1877 358 1932 et
376 1871 453 1948 pluit
473 1870 596 1947 lapideo
617 1868 719 1943 imbri,
740 1877 771 1931 et
788 1871 820 1930 in
833 1872 991 1932 Veliterno
1012 1888 1088 1948 agro

105 1965 188 2018 terra
211 1955 385 2033 ingentibus
411 1955 550 2016 cavernis
572 1953 728 2028 consedit,
753 1955 943 2030 arboresque
964 1955 996 2014 in
1016 1972 1087 2032 pro-

106 2041 233 2102 tundum
253 2041 399 2110 haustae;
430 2039 552 2100 Ariciae
573 2040 672 2099 lorum
690 2042 721 2097 et
735 2040 817 2099 circa
830 2039 991 2115 tabernae,
1012 2039 1088 2101 Fru-

106 2126 216 2187 sinone
236 2141 340 2186 murus
361 2123 479 2199 aliquot
498 2122 575 2185 locis
591 2129 622 2183 et
642 2129 732 2198 porta
745 2123 785 2183 de
799 2125 885 2185 caelo
900 2129 993 2192 tactam
1014 2132 1045 2186 et
1058 2125 1090 2183 in

105 2209 221 2271 Palatio
235 2209 390 2285 lapidibus
405 2207 490 2284 pluit.
515 2207 548 2269 id
562 2206 736 2283 prodigium
750 2222 836 2267 more
850 2207 948 2283 patrio
963 2223 1088 2268 novem-

107 2295 179 2355 diali
194 2310 301 2368 sacro,
324 2299 426 2354 cetera
440 2291 549 2354 hostiis
564 2291 731 2352 maioribus
748 2291 880 2367 expiata.
915 2291 993 2352 inter
1010 2307 1089 2366 quae

107 2379 197 2438 etiam
218 2393 369 2453 aquarum
389 2376 512 2438 insolita
532 2376 708 2450 magnitudo
729 2375 760 2435 in
781 2375 961 2451 religionem
981 2392 1089 2436 versas

107 2478 178 2522 narn
192 2462 234 2522 ita
249 2459 415 2522 abundavit
426 2459 553 2532 Tiberis,
567 2467 603 2520 ut
615 2459 679 2520 ludi
690 2459 887 2535 Apollinares
904 2459 985 2522 circo
1001 2459 1088 2521 inun-

107 2546 178 2607 dato
197 2553 283 2606 extra
303 2551 421 2622 portam
438 2544 584 2604 Collinam
605 2545 645 2605 ad
668 2543 775 2604 aedem
788 2543 940 2604 Erucinae
953 2544 1087 2604 Veneris

107 2630 204 2708 parati
227 2630 296 2690 sint.
331 2636 466 2690 ceterum
487 2629 630 2690 ludorum
650 2627 721 2702 ipso
737 2627 787 2688 die
809 2627 911 2689 subita
925 2628 1089 2690 serenitate

108 2720 174 2776 orta
198 2729 313 2789 pompa
339 2714 410 2774 duci
436 2721 546 2789 coepta
569 2713 610 2773 ad
635 2721 754 2788 portam
776 2712 922 2782 collinam
945 2719 1091 2774 revocata

108 2799 261 2873 ductaque
275 2798 306 2858 in
321 2798 436 2859 circum
451 2805 507 2872 est,
530 2813 599 2856 cnm
612 2797 784 2857 recessisse
798 2796 871 2858 inde
886 2813 998 2872 aquam
1012 2814 1089 2858 nun·

109 2883 211 2944 tiatum
233 2891 331 2943 essetz
364 2882 568 2958 laetitiamque
590 2881 707 2956 populo
729 2881 860 2942 alludis
884 2881 1089 2941 celebritatem

109 2965 225 3027 addidit
238 2966 332 3028 sedes
348 2983 406 3027 sua
420 2965 560 3028 sollemni
576 2967 753 3040 spectaculo
767 2965 896 3026 reddita.

189 3049 322 3112 XXXIX.
347 3050 505 3111 Claudium
526 3050 700 3123 considam,
722 3050 894 3125 proiectum
914 3047 1037 3109 tandem
1051 3047 1090 3107 ab

108 3135 198 3210 urbe,
227 3135 306 3194 inter
333 3140 441 3208 portus
468 3136 621 3196 cosanum
648 3133 896 3208 Loretanumque
924 3138 1015 3192 atrox
1041 3131 1090 3190 vis

108 3218 299 3295 tempestatis
323 3219 432 3279 adorta
446 3218 477 3277 in
493 3225 606 3279 metum
627 3217 780 3292 ingentem
794 3217 931 3278 adduxit.
956 3214 1089 3290 Populo·

108 3303 190 3363 nium
211 3303 284 3364 inde
306 3319 375 3363 cunr
397 3303 605 3378 pervenisset,
631 3299 829 3374 stetissetque
847 3299 903 3376 ibi,
927 3299 1000 3360 dum
1021 3299 1089 3358 reli

111 3405 203 3465 quum
226 3387 415 3463 tempestatis
438 3386 626 3456 exsecaret,
651 3384 747 3465 liram
767 3385 899 3445 insulam
920 3391 951 3445 et
972 3383 1014 3482 ab
1025 3383 1091 3442 llva

111 3471 274 3548 corsicam,
291 3471 446 3532 acorsica
460 3471 491 3530 in
504 3468 677 3531 Sardiniam
690 3467 817 3530 traiecit.
838 3467 882 3528 ibi
895 3471 1091 3544 superantem
