2428 3892
248 191 466 254 tlBEltlttv.
488 194 681 257 causato.
705 199 741 269 [ι.
754 199 787 252 c.
798 200 863 268 nte]
1007 195 1049 261 llll

54 345 142 406 milia
163 361 259 406 caesa
278 345 429 418 hostiam
453 349 549 411 altero
565 350 684 426 proelio
699 350 861 428 eruptione
877 362 1044 429 pugnatam

57 445 127 490 cum
142 430 354 505 Hasdrubale,
370 431 477 494 decern
492 433 575 494 milia
589 433 709 508 occisa,
733 441 879 511 quattuor
892 437 975 498 milla
988 445 1047 499 tre-

56 521 174 576 centos·
183 514 307 590 triginta
315 522 440 592 captos.
461 516 534 579 Piso
550 519 689 595 quinquo
702 519 962 596 mllia‘lrominum,
979 537 1047 584 eum

51 599 149 674 aergo
171 599 318 660 cedentes
340 608 465 664 nostros
480 601 579 663 effuse
593 609 790 679 sequeretur,
813 619 907 668 caesa
921 623 962 667 ex
975 607 1047 668 insi-

51 684 115 744 diis
131 683 249 744 scribit.
271 684 477 760 apudomnes
491 703 635 761 magnam
647 699 760 750 nomen
773 687 878 750 Marcii
890 691 978 752 ducis
990 699 1039 752 est

50 775 83 830 et
96 783 196 830 verae
216 769 334 842 gloriae
354 769 419 831 elus
435 770 525 832 etiam
539 772 686 833 miracula
699 773 830 848 addunt,
852 773 1006 836 flammam
1020 777 1047 836 ei

49 849 253 914 contionanti
264 853 363 922 laeam
379 869 397 914 e
413 856 513 932 capite
534 855 603 916 sine
623 856 722 932 ipsias
743 857 921 919 sensa³cum
935 875 1047 936 magno

51 953 175 1014 pavore
197 936 459 1001 circumstantiam
479 940 621 1001 militum:
643 949 937 1020 monumentumque
951 946 1046 1005 victo-

51 1022 120 1084 riae
134 1023 213 1083 eius
226 1021 266 1083 dc
279 1022 392 1084 Poenis
413 1040 514 1100 usque
529 1026 567 1086 ad
583 1025 743 1087 incensum
758 1025 937 1104 capitolium
953 1028 1048 1089 luisse

51 1106 83 1168 in
98 1108 219 1182 templo
236 1108 368 1184 clipeum
381 1108 530 1170 lllarcianr
543 1111 731 1186 appellatum
746 1127 815 1172 curn
829 1112 960 1188 imagine
969 1113 1048 1172 Hos-

51 1192 207 1254 drubalis.
244 1191 379 1266 Quietae
406 1193 518 1254 deinde
547 1195 735 1271 aliquamdiu
764 1197 794 1256 in
819 1196 970 1272 Hispania
995 1213 1046 1258 res

55 1277 157 1350 lucre,
180 1276 324 1352 utrisque
345 1285 418 1352 post
437 1284 535 1339 tantas
556 1278 702 1340 invicem
720 1286 867 1356 acceptas
882 1281 1047 1357 illatasque

59 1361 162 1422 clades
178 1361 397 1424 cunctantibus
413 1363 583 1438 periculam
599 1379 738 1426 summae
749 1363 853 1425 rernm
870 1364 981 1424 lacere.

139 1445 204 1506 XL.
226 1447 306 1508 Dum
317 1445 395 1508 haec
407 1447 760 1525 inHispaniagsruntur,
773 1447 936 1509 Marcellus
947 1449 1048 1526 captis

52 1529 242 1610 Syracusis,
265 1545 334 1592 cunr
356 1539 460 1594 cetera
479 1533 509 1593 in
527 1532 631 1594 Sicilia
644 1541 727 1594 tanta
742 1533 807 1594 lide·
819 1539 911 1609 atquc
926 1533 1048 1609 integri-

52 1622 114 1678 tate
135 1615 384 1691 composuisset,
396 1624 440 1678 -ut
454 1633 516 1679 non
530 1619 624 1680 modo
640 1630 729 1678 snam
743 1618 873 1694 gloriam
886 1618 943 1678 scd
958 1617 1048 1678 etiam

49 1699 246 1762 maiestatem
259 1702 367 1777 populi
374 1702 504 1764 Romani
516 1709 650 1778 augeret,
662 1709 841 1764 ornamento
851 1702 946 1777 urbis,
959 1703 1048 1778 signa

49 1784 244 1862 tabulasque
269 1784 382 1862 quibas
408 1786 607 1849 abundabant
628 1786 820 1866 Syracusae,
845 1788 974 1850 Romam
994 1786 1048 1846 de-

47 1870 145 1944 vexit,
162 1869 299 1932 hostium
315 1871 443 1947 quidem
454 1872 506 1934 illo
519 1873 621 1948 spolia
635 1879 665 1932 et
679 1879 768 1948 parta
780 1871 853 1932 belli
864 1871 945 1932 iure=
967 1876 1048 1930 cete·

47 1972 118 2016 rum
134 1954 209 2016 inde
224 1955 354 2030 primam
365 1955 483 2018 initium
494 1956 623 2018 mirandi
636 1956 821 2018 Graecarum
830 1956 943 2016 artium
952 1967 1046 2030 opera

49 2040 262 2115 licentiaeque
271 2039 348 2102 bule
363 2056 454 2103 secra
466 2042 660 2118 profanaque
672 2040 775 2102 omnia
784 2041 879 2122 vulgo
892 2037 1046 2114 spoliandi

51 2126 174 2186 iactum
189 2130 246 2199 cst,
258 2132 518 2202 -quaepostremo
534 2125 565 2186 in
579 2127 738 2187 Romanos
754 2124 840 2199 deos,
856 2122 1002 2198 templum
1017 2121 1049 2179 id

50 2210 157 2285 ipsum
187 2208 334 2285 primum,
365 2211 450 2287 quod
470 2227 488 2270 a
508 2210 654 2271 lllarcello
684 2207 795 2271 eximie
824 2211 963 2268 ornatam
992 2211 1048 2264 est.

50 2293 153 2355 vertit.
189 2293 472 2356 visebanturenim
492 2294 531 2355 ab
553 2295 689 2356 externis
703 2293 744 2354 ad
760 2291 879 2368 portam
893 2291 1048 2365 capenam

50 2378 198 2439 dedicata
220 2377 300 2440 alll.
321 2378 469 2440 Marcello
492 2381 608 2455 templa
628 2383 756 2456 propter
778 2374 961 2437 excellentia
980 2372 1048 2460 clus

50 2463 178 2538 generis
208 2469 401 2538 ornamenta,
433 2479 563 2540 qnorum
588 2463 758 2539 perexigua
783 2475 855 2536 pars
882 2464 1047 2535 comparet.

50 2548 240 2624 Legationes
256 2547 391 2610 omnium
406 2549 503 2609 terme
517 2547 684 2608 civitatium
695 2544 819 2608 Siciliae
834 2543 874 2604 ad
889 2551 960 2603 elnn
975 2554 1048 2602 eona

50 2632 229 2694 veniebant
258 2632 415 2708 disparat
428 2639 525 2693 eausa
539 2645 660 2706 earum,
676 2631 717 2691 ita
732 2627 873 2690 condicio
890 2633 964 2687 erat.
997 2625 1048 2700 arri

52 2723 124 2778 ante
148 2723 258 2793 captas
274 2715 453 2796 Syracusas
475 2723 604 2779 autnon
620 2715 814 2777 desciverant
829 2720 880 2774 aut
892 2711 1049 2772 redierant

51 2801 81 2861 in
97 2800 274 2878 amicitiam,
289 2809 323 2863 ut
336 2801 415 2862 socii
430 2801 539 2862 lideles
555 2800 673 2876 accepti
686 2797 835 2875 cultique=
858 2812 938 2874 quos
949 2802 1048 2855 metus

52 2893 127 2961 post
141 2892 252 2962 captas
272 2885 450 2964 Syracusas
466 2884 641 2959 dediderat,
663 2889 697 2944 ut
709 2882 781 2943 victi
799 2881 948 2942 avictore
961 2880 1047 2952 leges

53 2977 252 3047 acceperunt,
273 2970 371 3032 Erant
384 2976 484 3031 tamen
499 2969 583 3030 haud
599 2981 713 3044 parvae
723 2966 873 3042 reliquiae
883 2963 956 3025 belli
967 2962 1049 3054 cirea

52 3055 258 3131 Agrigentum
278 3054 444 3130 Romanis,
465 3052 624 3131 Epicydes
646 3058 677 3113 et
689 3051 798 3110 Hanno
820 3050 917 3110 duces
937 3045 1047 3115 rellqar

53 3140 167 3215 prioris
190 3139 264 3200 belli
285 3139 439 3202 ettertius
457 3153 558 3198 novus
574 3137 613 3197 ab
626 3134 798 3196 Hannibale
811 3133 841 3192 in
857 3133 959 3222 lacurn
973 3125 1046 3197 liip-

54 3225 194 3300 pocratis
215 3225 349 3300 missas,
370 3220 636 3302 Libyphoenicum
657 3216 940 3294 generis-Hippana
957 3212 1047 3266 natus

53 3342 95 3355 -
109 3309 263 3371 illuttinen
289 3309 460 3384 populares
484 3301 756 3366 vocabant-vir
780 3297 909 3372 impiger
935 3295 973 3387 et·
990 3289 1048 3348 sub

55 3393 230 3455 Hannibale
250 3393 399 3468 magistro
422 3405 530 3451 omnes
551 3388 623 3448 belli
644 3392 727 3446 artes
749 3382 888 3442 edoctas.
923 3373 994 3432 huto
1009 3371 1047 3430 ab

55 3476 198 3558 lipicyde
211 3484 244 3539 et
256 3477 412 3540 Hannone
421 3473 571 3534 Numidae
586 3470 648 3531 dati
663 3464 839 3604 auxiliare*
853 3473 920 3519 eam
937 3454 1047 3530 quibus
