2448 3900
241 245 358 308 LlssuR
370 245 461 308 xxx.
485 245 568 308 cnr.
584 253 627 310 ιτ.
644 226 685 312 ra
708 253 746 321 [a.
762 254 794 308 c.
810 254 874 322 aas]
986 249 1049 317 339

58 396 359 474 Cardnagiuierrsium
373 397 548 472 *exercitum
569 398 723 464 deviatum
737 407 767 462 et
781 409 902 478 captum
917 403 1047 480 ingentis

57 482 331 556 nammisuegem
352 481 523 547 Numidiam
537 497 659 554 omnem
678 485 803 559 ceresia
814 486 1048 564 uiatmiapara-

58 578 197 643 gramm,
217 564 342 629 maltam
363 566 686 642 contineregauatuun
705 583 768 636 ann
788 577 945 646 poterant.
974 573 1047 648 quin

59 649 249 724 clamoribus
270 648 532 724 quibusquealiis
553 651 712 716 multitudo
735 654 815 716 solet
828 655 973 722 laetitiam
994 657 1047 716 im·

59 734 216 800 modicam
236 732 454 806 significarent
492 733 596 808 itaque
613 741 742 810 praetor
761 738 915 814 extempio
942 739 1047 814 edixit,

59 819 110 880 uti
121 817 236 882 ,aeditui
250 815 346 880 aedes
361 832 468 882 sacras
483 823 547 880 tota
560 816 638 881 orbe
652 819 815 894 abennem,
837 821 1044 888 circumeundi

62 900 278 976 salutandique
299 900 376 962 deos
398 899 691 976 agendiquegrates
706 917 763 978 per
776 909 872 968 totum
886 906 968 968 diem
990 923 1046 982 po-

63 986 140 1062 puto
161 990 300 1060 potestas
321 983 417 1048 uarat
453 991 580 1060 postero
600 985 653 1050 die
672 987 791 1061 lagatos
807 986 996 1056 *Masinissae
1015 989 1046 1050 in

42 1097 44 1100 ·
60 1075 204 1134 senatum
217 1067 394 1132 inundauit.
408 1068 567 1143 -qratulati
581 1069 711 1146 primum
726 1073 845 1138 sauaui
860 1079 939 1148 sunt,
961 1073 1047 1150 quod

59 1153 95 1214 P.
101 1153 208 1229 Scipio
222 1167 373 1228 prospere
387 1167 438 1214 aas
453 1151 484 1216 in
497 1152 604 1218 ulrice
616 1154 782 1228 gessissem
806 1155 919 1218 deinde
931 1157 1046 1231 gratias
1127 1228 1130 1236 ,

63 1243 206 1312 egerunt,
229 1236 313 1312 quod
325 1234 524 1302 Masinissam
544 1251 607 1301 non
624 1239 820 1314 appellasset
832 1240 927 1310 modo
941 1255 1045 1316 regem

62 1321 121 1382 sed
136 1321 262 1382 iecisset
274 1319 464 1384 restituendo
479 1321 511 1380 in
521 1326 683 1396 paternum
696 1336 834 1396 regnum,
848 1322 880 1384 in
896 1339 958 1397 quo
974 1332 1042 1399 pos·

63 1404 240 1482 Syphacem
260 1403 429 1478 sublatum,
457 1403 486 1464 si
506 1403 548 1464 ita
568 1404 707 1480 patribus
729 1406 831 1469 visum
851 1413 950 1482 osset,
975 1408 1047 1478 ¹sino

63 1496 146 1554 ructu
159 1496 190 1550 et
204 1488 368 1568 commus
382 1493 467 1548 esset
479 1495 671 1563 regnaturus,
682 1487 758 1551 *dein
774 1490 978 1555 collaudatum
990 1508 1045 1567 pro

63 1573 206 1638 contione
219 1571 417 1648 amplissimis
432 1571 614 1634 decorasset
626 1571 803 1644 baneam
825 1575 930 1650 pauc
942 1591 981 1636 ne
994 1579 1046 1636 ἐκ·

62 1659 260 1732 curros-esset
271 1661 301 1716 et
314 1655 431 1716 &duaa
452 1671 579 1730 operam
592 1655 789 1724 Masinissam
805 1664 836 1718 et
849 1673 942 1733 porro
959 1658 1046 1722 datu-

61 1753 130 1803 rum
151 1755 232 1802 esse.
265 1745 370 1814 petere
389 1744 422 1800 ut
441 1738 559 1813 regium
578 1755 691 1803 nomen
711 1747 877 1816 ceteraque
892 1741 1046 1818 Scipionis

61 1824 262 1888 bonauciaat
281 1836 408 1886 munere
429 1830 555 1886 senatus
577 1823 702 1890 decreto
725 1825 935 1889 confirmarem
955 1833 986 1885 et
1006 1827 1046 1886 ad

59 1909 157 1982 baec,
172 1906 238 1976 ,nisi
252 1906 416 1972 molestum
429 1913 529 1981 esset,
550 1906 627 1966 illud
642 1923 767 1983 quoque
782 1913 890 1982 petere
903 1907 1046 1970 Masinis-

60 2008 141 2067 sam,
154 1997 187 2053 ut
198 1991 345 2053 Numidas
361 1987 510 2065 captivos,
529 1988 582 2066 qui
596 1990 714 2052 Romae
728 1991 760 2050 in
773 1991 918 2053 custodia
932 2000 1045 2065 essent,

60 2076 264 2140 remittamus
279 2073 311 2138 'td
322 2072 381 2134 sibi
396 2073 530 2148 amplum
540 2074 624 2150 apud
636 2074 803 2149 populares
816 2074 949 2142 tutorum
964 2091 1046 2142 csse.

59 2159 103 2220 ad
127 2175 168 2229 ea
187 2174 372 2235 responsum
391 2157 516 2232 togatis:
548 2173 650 2221 rerum
670 2163 825 2233 gestarum
841 2173 996 2234 prospere
1016 2158 1047 2218 in

58 2243 169 2307 Atrida
182 2257 373 2308 communem
388 2239 448 2303 sibi
459 2256 528 2302 curn
541 2256 615 2317 roge
628 2241 863 2316 gratulationem
872 2257 964 2312 essm
981 2241 1047 2304 Soi-

59 2327 186 2404 pionam
196 2332 279 2390 reete
288 2334 382 2402 mque
396 2322 504 2388 ordine
515 2324 613 2386 videri
625 2325 746 2399 iecisse,
764 2325 848 2400 quod
863 2340 932 2389 eum
943 2341 1047 2400 regern
1127 2330 1131 2338 '

59 2411 279 2491 appellaverit,
301 2418 331 2470 et
346 2408 496 2485 quidquid
517 2408 600 2472 miud
614 2409 735 2484 iecerit,
758 2409 843 2484 quod
863 2409 949 2470 cordi
970 2410 1048 2469 soret

59 2495 264 2571 Masinissae,
290 2493 324 2554 id
339 2501 448 2568 'potres
461 2493 671 2568 ‚comprobare
692 2508 730 2557 ec
749 2492 885 2555 laudare
923 2509 1048 2555 munera

60 2594 144 2655 quae
157 2579 249 2654 legati
262 2576 460 2652 sumatrapi,
476 2576 678 2641 decreverunt
692 2577 800 2652 sagula
814 2591 969 2652 purpurea
983 2576 1045 2638 duo

59 2661 250 2732 oumiibulis
266 2661 395 2744 singulis
410 2667 441 2723 et
454 2661 516 2722 lato
531 2661 621 2726 olavo
635 2659 756 2734 tunicis,
778 2675 878 2736 equos
894 2660 956 2722 duo
971 2660 1048 2738 pha·

58 2748 193 2822 leratos,
217 2746 291 2806 bina
305 2743 460 2821 equestria
474 2761 641 2809 eumaeum
656 2743 778 2821 laricis,
801 2752 831 2804 et
850 2743 1048 2807 tabernacula

58 2831 284 2904 militaremque
298 2828 528 2906 supellectilem,
551 2827 832 2905 quatampraeberi
847 2829 965 2888 consuli
980 2845 1048 2890 mos

58 2923 156 2976 esset.
188 2915 266 2976 baec
279 2915 344 2989 regi
358 2920 484 2989 praetor
496 2912 614 2975 mittero
627 2912 742 2977 iussus.
775 2911 883 2988 legatis
898 2912 928 2972 in
943 2913 1047 2988 singu-

58 3002 112 3062 tas
126 2998 211 3061 dona
224 3014 264 3059 ne
284 2997 385 3062 miuus
400 2997 526 3073 quinum
539 2995 669 3069 milium,
692 2993 854 3061 comitibus
875 3010 981 3057 eorum
993 2997 1049 3056 mi-

57 3083 136 3146 lium
150 3081 247 3155 aeris,
269 3088 300 3143 et
313 3081 493 3148 vestimenta
511 3077 584 3140 bina
598 3080 723 3156 legatie,
744 3079 867 3154 singula
887 3079 1048 3140 comitibus

57 3166 265 3240 Numidisque
286 3165 337 3242 qui
357 3181 398 3225 eu
412 3163 679 3232 custodiaemissi
692 3163 894 3230 redderentur
906 3162 988 3238 regi:
1010 3165 1048 3226 ad

58 3252 124 3312 hoc
138 3250 233 3312 aedes
246 3249 362 3311 liberae
375 3248 445 3314 looa
458 3249 553 3308 lautia
564 3248 820 3324 legatisdeoreta.

147 3333 255 3399 XVlll.
282 3333 399 3395 Eadem
418 3337 551 3404 aestate,
576 3349 637 3408 qua
655 3333 733 3398 baec
751 3331 876 3394 decreta
889 3331 1006 3392 Romae
1020 3339 1050 3390 et

60 3419 94 3478 in
120 3417 228 3478 ulrice
249 3423 339 3493 gesta
363 3423 449 3489 sunt,
481 3414 514 3475 P.
540 3413 719 3492 Quinctilius
744 3414 847 3477 Varus
872 3420 996 3492 praetor
1021 3421 1051 3476 et

62 3502 95 3562 M
120 3501 281 3564 Cornelius
302 3501 470 3578 proconsul
490 3499 520 3560 in
542 3515 617 3574 agro
632 3496 795 3561 Insubrum
810 3499 965 3560 Gallorum
980 3514 1049 3560 amn

788 3586 846 3644 Ἠ*
