2448 3900
263 238 378 300 alena
391 240 482 300 xllx.
506 240 699 304 (lakes-35.
724 246 880 316 [aem]
914 333 923 342 .
1000 239 1059 306 357

87 395 171 455 velut
185 395 269 455 nullo
282 393 445 454 resistente
462 393 633 467 incessere,
648 393 827 468 urgentibus
842 401 873 454 et
887 393 1064 457 novissimis

84 476 213 554 primm,
228 483 262 538 ut
276 478 371 538 semel
385 483 497 537 motam
512 475 607 536 aciem
622 492 766 547 sensere,
789 478 874 553 quod
888 478 990 554 ipsum
1003 478 1063 541 vina

84 577 229 637 magnam
256 561 297 621 ad
321 561 497 636 pellendum
524 560 645 622 hostem
673 561 815 623 addebat.
850 562 934 638 apud
957 563 1065 626 hostes

85 645 250 706 auxiliares
263 639 408 706 cedentes
420 645 558 706 secunda
568 645 661 719 acies,
673 644 739 704 Alri
751 651 780 705 et
792 645 1065 725 Carthaginienses,

83 729 164 790 adeo
178 745 240 790 non
255 727 455 804 sustinebant,
469 735 623 790 utcontra
636 729 734 803 etiam,
749 745 788 790 ne
802 730 981 793 resistentes
996 748 1065 808 per·

82 813 222 873 tinaeiter
236 811 352 890 primos
367 813 525 874 caedendo
541 813 580 874 ad
595 827 630 874 se
644 814 818 889 perveniret
830 813 938 890 hostis,
954 816 1065 890 pedem

83 897 242 957 referrent.
264 895 355 971 igitur
369 897 533 958 auxiliares
548 903 634 971 terga
648 897 722 957 dant
735 905 876 974 repente,
898 905 928 958 et
938 899 972 960 in
988 915 1064 962 suos

83 979 169 1040 versi
182 979 291 1056 partim
304 981 446 1055 reingere
461 981 490 1041 in
506 981 674 1041 secundam
688 978 801 1056 aciem,
817 983 925 1058 partim
940 1000 1002 1044 non
1016 1000 1063 1045 re-

85 1064 234 1139 cipientes
250 1064 396 1140 caedere,
411 1071 444 1125 ut
458 1072 489 1126 et
502 1066 595 1141 paulo
610 1071 680 1126 ante
694 1080 756 1125 non
771 1065 865 1126 adiuti
880 1073 911 1128 et
924 1073 996 1128 tunc
1011 1083 1063 1128 ex-

84 1148 170 1208 clusi.
195 1154 225 1210 et
236 1163 336 1224 prope
350 1150 412 1209 duo
428 1148 488 1210 iam
502 1149 654 1225 permixta
666 1149 784 1225 proelia
798 1157 892 1226 erant,
909 1166 977 1212 oum
993 1150 1060 1212 car·

83 1230 293 1307 thaginienses
317 1232 407 1293 simul
432 1249 501 1294 cum
523 1231 664 1294 hostibus
685 1233 774 1294 simul
795 1249 864 1294 cum
885 1234 951 1295 suis
974 1250 1062 1310 coge·

82 1321 188 1376 rentur
202 1332 310 1377 manus
325 1315 499 1378 conserere.
531 1324 708 1378 nontamen
723 1317 765 1378 ita
778 1319 940 1393 perculsos
955 1319 1062 1380 iratos-

84 1414 147 1476 que
167 1399 197 1460 in
217 1400 314 1461 aciem
328 1401 484 1476 accipere,
505 1402 562 1461 sed
577 1402 713 1463 densatis
729 1402 886 1463 ordinibus
902 1403 932 1463 in
948 1417 1063 1464 cornua

82 1499 279 1559 vacuumque
299 1484 381 1545 circa
402 1499 544 1560 campum
565 1492 653 1547 extra
667 1487 817 1562 proelium
831 1485 939 1562 eicere,
955 1503 994 1547 ne
1009 1503 1062 1562 pa-

80 1566 156 1628 vido
177 1568 250 1643 iuga
269 1569 446 1630 vulneribus
465 1569 558 1631 milite
578 1569 730 1630 sinceram
751 1577 782 1631 et
800 1569 948 1646 integram
967 1571 1064 1631 aciem

81 1650 257 1713 miscerent.
294 1660 428 1715 ceterum
447 1659 531 1714 tanta
545 1661 664 1730 strages
678 1654 834 1716 hominum
848 1671 1063 1731 armorumque

81 1738 201 1811 locum,
221 1735 252 1796 in
273 1753 334 1812 quo
355 1743 504 1798 steterant
523 1738 615 1812 paulo
637 1744 706 1798 ante
726 1739 907 1816 auxiliares,
929 1741 1063 1815 comple-

81 1826 185 1893 verat,
205 1826 239 1880 ut
253 1836 351 1897 prope
366 1820 520 1882 difficilior
533 1820 679 1904 transitus
694 1829 792 1896 esset,
814 1839 906 1897 quam
921 1839 976 1900 per
992 1839 1063 1884 con-

82 1904 180 1964 lenos
201 1903 307 1965 hostes
329 1905 435 1966 iuerat.
471 1905 576 1981 itaque
592 1907 644 1981 qui
658 1906 748 1982 primi
763 1912 862 1978 erant,
884 1907 993 1968 hastati
1009 1924 1065 1983 per
1170 1979 1172 1984 ¹

84 1989 223 2048 cumulos
245 2004 410 2064 corporum
430 2005 646 2066 armorumque
660 1995 691 2050 et
709 1990 811 2050 tabem
830 1991 1065 2068 sanguinisque

85 2072 218 2147 quisque
242 2079 362 2148 poterat
386 2079 552 2149 sequentes
577 2073 698 2135 hostem
722 2079 753 2134 et
772 2073 861 2149 signa
885 2082 916 2136 et
941 2076 1064 2136 ordines

84 2155 298 2217 confuderunt.
321 2157 493 2234 principum
509 2173 634 2234 quoque
646 2159 734 2234 signa
745 2157 886 2220 fluctuari
899 2167 1066 2236 coeperant

82 2255 194 2314 vagam
209 2247 278 2301 ante
292 2257 327 2301 se
342 2243 495 2303 cernendo
509 2243 614 2303 aciem.
638 2242 722 2318 quod
734 2241 838 2318 Scipio
852 2243 905 2304 uhi
919 2244 1002 2318 vidit,
1016 2260 1063 2304 re·

84 2323 186 2400 ceptui
200 2340 334 2401 propere
350 2341 460 2386 canere
473 2325 600 2387 hastatis
612 2327 718 2396 iussim
739 2333 771 2386 et
779 2327 894 2388 sauciis
904 2328 935 2388 in
946 2334 1064 2403 postre-

82 2423 165 2468 mam
185 2408 281 2469 aciem
300 2407 459 2472 subductis
474 2409 630 2486 principes
644 2409 830 2487 triariosque
843 2411 875 2470 in
890 2426 1006 2473 cornua
1020 2411 1064 2470 in·
1161 2431 1166 2436 ·

85 2489 178 2565 ducit,
195 2509 256 2568 quo
271 2493 363 2554 tutior
376 2493 553 2570 firmiorque
564 2495 665 2568 media
674 2495 864 2557 hastatorum
876 2495 959 2556 acies
971 2500 1064 2557 esset.

82 2576 126 2636 ita
149 2592 263 2637 novum
289 2576 329 2637 de
348 2577 467 2652 integro
491 2579 640 2654 proelium
666 2585 764 2640 ortum
789 2585 852 2640 est:
889 2580 1005 2655 quippe
1025 2578 1066 2638 ad

85 2674 177 2721 veros
198 2660 305 2722 hostes
326 2668 507 2737 perventum
522 2669 602 2737 erat,
623 2668 654 2723 et
667 2678 819 2724 armorum
835 2678 947 2738 genere
962 2671 992 2725 et
1005 2679 1066 2723 usu

82 2743 207 2804 militiae
226 2751 257 2806 et
270 2745 352 2806 iarna
372 2761 474 2806 rerum
493 2751 648 2822 gestarum
669 2753 700 2807 et
712 2747 920 2822 magnitudine
934 2749 983 2808 vel
998 2747 1065 2823 spel

82 2830 133 2888 vel
148 2827 275 2903 periculi
289 2845 393 2905 pares.
415 2829 472 2891 sed
487 2835 517 2890 et
530 2845 658 2892 numero
670 2831 812 2907 superior
822 2831 979 2892 Romanus
991 2836 1064 2904 erat,

84 2919 115 2971 et
128 2912 245 2988 animo,
268 2914 426 2990 quodiam
441 2914 561 2990 equites
576 2913 636 2974 iarn
652 2914 833 2989 elephantos
849 2917 984 2989 luderet,
1005 2915 1065 2974 iam

83 2996 183 3073 prima
198 2996 265 3058 acie
279 2999 371 3072 pulsa
385 2997 415 3056 in
429 2997 597 3059 secundam
612 2999 777 3074 pugnabat.
803 2997 923 3058 XXXV.
946 2999 976 3057 in
991 3004 1064 3058 tem·

84 3095 162 3156 pore
175 3081 298 3142 Laelius
320 3096 357 3142 ec
370 3081 550 3158 Masinissa,
571 3084 681 3157 pulsos
702 3097 758 3158 per
773 3083 961 3158 aliquantum
974 3081 1065 3156 spatii

84 3166 182 3226 secuti
203 3164 339 3242 equites,
359 3171 546 3227 revertentes
562 3165 592 3226 in
608 3181 747 3226 aversam
761 3165 895 3226 hostium
910 3164 1006 3225 aciem
1021 3165 1065 3224 in-

84 3265 218 3310 currere.
253 3249 280 3311 is
296 3249 417 3314 demum
438 3261 578 3324 equrtum
587 3249 719 3325 impetus
734 3249 811 3310 ludit
824 3248 953 3310 hostem.
981 3248 1066 3310 multi

85 3333 284 3401 circumventi
305 3333 336 3394 iu
357 3333 423 3394 acie
438 3334 538 3404 caesi;
570 3349 626 3409 per
647 3340 801 3410 patentem
823 3333 905 3394 circa
925 3347 1066 3408 campum
1094 3396 1096 3400 ,

84 3417 159 3493 iuga
182 3417 285 3495 sparsi
310 3424 431 3480 tanente
455 3415 558 3478 omnia
583 3416 719 3494 equitatu
742 3417 859 3492 passim
879 3415 1065 3477 interierunt.

86 3492 378 3580 Carthaginiensium
400 3500 620 3578 sociorumque
640 3517 731 3564 caesa
752 3516 790 3563 eo
806 3501 856 3563 die
877 3517 971 3578 supra
985 3497 1065 3560 milia
