2434 3902
157 148 219 214 aaa
296 141 770 206 uraaaxxvn.ca1³.ar.sa.
794 151 831 212 [a.
848 117 927 198 use.
943 142 1011 209 ste]

156 301 315 364 saevitiam
329 297 501 374 sicpatriae
514 294 659 371 patiendo
676 308 714 353 ac
730 293 861 354 ferendo
877 292 1060 354 leniendum
1076 307 1149 352 esse.

156 385 257 448 adnisi
269 397 375 444 omncs
389 375 814 442 cenomannensium
827 376 994 438 consulem
1007 377 1151 436 lecerunt.

240 467 359 527 XXXV.
381 464 454 524 Post
468 463 549 524 diem
564 462 684 522 tertium
699 460 766 520 eius
782 460 846 520 diei
862 467 1050 536 praetorum
1067 461 1151 519 comi-
1169 498 1173 507 -

156 554 197 612 tia
211 550 323 609 habita.
347 554 504 622 praetores
520 546 614 606 creati
624 546 659 606 L.
672 544 801 604 Porcius
813 543 942 604 Licinus
957 543 989 604 C.
1003 543 1153 604 Mamilius

157 636 188 694 c.
202 641 231 693 et
241 631 556 692 A.HostiliiCatones.
587 629 719 690 comitiis
736 628 886 704 perlectis
902 627 1058 701 ludisque
1074 627 1154 687 lactis

157 717 287 777 dictator
307 721 337 774 et
351 714 495 789 magister
510 713 646 789 equitum
660 711 844 786 magistratu
865 711 1024 772 abierunt.
1060 712 1095 772 C.
1109 712 1155 770 Te-

158 799 273 860 rentius
288 799 386 858 Varro
408 798 439 856 in
452 797 602 858 Etruriam
624 811 680 872 pro
697 802 843 871 praetore
857 796 995 868 missus,
1021 803 1056 854 ut
1072 810 1114 854 ex
1128 811 1158 854 ea

159 882 316 960 provincia
338 881 368 944 C.
390 881 538 942 Hostilius
552 881 718 940 Tarentum
737 879 779 938 ad
801 894 873 940 eum
895 883 1077 940 exercitum
1100 879 1157 952 iret,

158 982 247 1044 quern
266 966 298 1023 Τ.
321 966 473 1037 Quinctius
493 969 598 1026 cornui
617 965 776 1026 babeant.
808 970 839 1024 et
863 963 897 1024 Τ.
913 962 1056 1024 Manlius
1082 970 1157 1024 trans

157 1065 241 1110 mare
256 1049 374 1124 legatus
396 1050 466 1123 iret,
488 1049 667 1123 viseretque
683 1062 764 1123 quae
785 1045 828 1105 ibi
843 1053 1049 1121 gererentum
1075 1047 1160 1108 simul

159 1133 244 1208 quod
260 1131 419 1208 Olympiae
440 1132 590 1192 ludicrum
611 1147 650 1192 ea
667 1137 786 1192 aestate
807 1130 945 1192 laturum
966 1138 1054 1206 erat,
1081 1132 1159 1205 quod
1195 1187 1196 1230 1

158 1215 290 1275 maximo
306 1222 396 1276 coctu
412 1215 624 1287 celebraretur,
641 1223 684 1288 ut,
700 1215 727 1275 si
743 1220 808 1276 tuto
823 1229 883 1290 per
897 1215 1026 1274 hostem
1040 1223 1159 1290 posset
1196 1251 1197 1288 ,

158 1299 257 1358 adiret
271 1298 301 1358 id
317 1299 487 1374 concilium,
509 1306 542 1360 ut
557 1300 610 1373 qui
625 1297 720 1360 Siculi
734 1297 818 1358 bello
835 1297 878 1358 ibi
892 1298 1023 1374 profugi
1037 1305 1100 1358 aut
1111 1297 1160 1357 la·
1197 1315 1198 1352 t

159 1382 267 1442 reatini
280 1381 363 1442 cives
376 1383 502 1458 relegati
514 1381 553 1441 ab
560 1382 735 1444 Hannibale
750 1388 867 1458 essent,
884 1383 1000 1444 domos
1012 1382 1161 1453 redirent
1198 1377 1199 1418 l

160 1465 349 1538 scirentque,
375 1482 433 1526 sua
450 1465 552 1528 omnia
566 1465 620 1541 iis,
642 1482 723 1542 quae
737 1473 810 1528 ante
824 1465 941 1528 bellrun
962 1465 1162 1538 habuissent,

161 1546 290 1606 reddere
306 1551 452 1623 pupulum
466 1550 646 1610 Romanum.
1201 1567 1202 1604 t

245 1628 321 1702 Quia
332 1631 613 1704 periculosissimus
626 1648 726 1694 annus
739 1632 901 1692 imminere
912 1631 1096 1708 videbatur,
1114 1650 1160 1693 nc
1202 1631 1204 1726 ζ

163 1725 222 1784 que
237 1714 381 1774 consules
396 1715 426 1775 in
441 1731 475 1776 rc
490 1715 614 1792 publica
635 1723 738 1790 erant,
760 1715 792 1776 in
808 1717 959 1778 consides
975 1716 1164 1791 designatos
1204 1758 1205 1794 ,

162 1798 387 1890 omncstversi,
418 1815 509 1874 quam
538 1799 669 1875 primum
691 1816 748 1862 eos
770 1800 876 1860 sortiri
901 1800 1110 1876 provincias,
1140 1809 1162 1869 a·
1205 1820 1206 1854 t

164 1891 382 1955 praesciscere,
407 1899 499 1958 quam
511 1882 643 1959 quisquc
659 1899 767 1944 eorum
782 1884 978 1960 provinciam
994 1900 1098 1960 quem
1112 1885 1161 1944 lro
1206 1883 1207 1920 l

163 1965 240 2018 stem
254 1959 395 2039 haberet,
418 1967 574 2027 volebant.
608 1968 648 2028 ds
662 1967 918 2030 reconciliatione
932 1968 1027 2031 etlam
1041 1969 1166 2044 gratiae

162 2056 268 2137 eorum
282 2045 312 2104 in
327 2055 434 2108 senatu
449 2055 549 2110 actum
568 2057 616 2110 est
631 2051 784 2127 principio
802 2052 884 2114 lacto
900 2069 919 2112 a
935 2051 970 2128 Q.
982 2050 1086 2116 Fabio
1101 2053 1167 2112 Ma·

163 2140 255 2220 xrmo.
288 2128 462 2194 inimicitiae
482 2141 585 2194 autem
601 2134 723 2194 nobiles
745 2136 897 2198 intereos
919 2143 1009 2200 erant
1024 2143 1058 2196 et
1079 2151 1167 2199 accr-

163 2207 267 2268 brores
293 2227 347 2272 eas
374 2216 626 2292 indignioresque
646 2218 735 2280 Livio
761 2235 821 2280 sua
845 2219 1007 2280 calamitas
1036 2219 1168 2292 lecerat,

165 2290 247 2385 quod
264 2303 401 2368 spretum
416 2315 451 2360 se
467 2300 496 2360 in
513 2316 550 2360 aa
566 2301 689 2362 fortuna
704 2302 861 2364 credebat.
894 2303 1002 2376 itaque
1018 2303 1050 2362 is
1063 2305 1168 2380 magis

165 2375 367 2446 rmplacabilis
391 2391 470 2458 erat,
493 2391 523 2443 et
537 2384 608 2448 nihil
632 2401 714 2460 opus
734 2402 807 2448 csse
821 2386 1083 2448 reconciliatione
1104 2388 1169 2448 aie

166 2453 231 2514 bat:
252 2461 354 2552 acrius
369 2472 400 2524 et
414 2466 557 2528 intentius
579 2468 683 2528 omnia
697 2476 843 2544 gesturos
859 2470 1016 2546 timentes,
1040 2485 1085 2531 ne
1101 2486 1169 2532 cre-

166 2537 329 2633 scendrtex
344 2561 380 2606 se
395 2547 517 2610 inimico
533 2551 672 2628 collegae
687 2560 829 2628 potestas
844 2553 943 2618 lieret.
967 2554 1045 2623 vicit
1063 2560 1170 2616 tamen

167 2623 332 2716 auctoritas
345 2639 481 2708 senatus,
495 2640 528 2694 ut
539 2634 650 2709 positis
666 2636 873 2703 simultatibus
885 2637 1043 2708 communi
1059 2639 1170 2702 animo

168 2703 359 2782 ⁰0ss81¹10que
382 2715 627 2778 administrarent
641 2735 706 2780 rem
720 2721 886 2796 publicam.
923 2721 1110 2800 provinciae
1131 2723 1170 2782 iis

167 2795 228 2873 ¹¹9ss
244 2793 415 2858 permutas
428 2799 621 2876 regionibus,
647 2803 728 2866 sicut
742 2805 959 2880 superioribus
974 2805 1084 2877 annis,
1108 2806 1170 2866 sed

169 2862 311 2930 diversae
332 2881 478 2942 extremis
500 2883 604 2964 Italiac
618 2884 748 2962 linibus,
771 2889 859 2952 alteri
876 2887 1034 2950 adversus
1048 2889 1169 2950 Hanni-

168 2943 390 3046 b³¹⁰m,3fflffll
404 2963 528 3038 Lucani,
544 2967 629 3032 alteri
646 2968 744 3036 Gallia
757 2972 911 3038 adversus
923 2972 1166 3046 Hasdrubalem,

171 3042 261 3124 quim
276 3049 336 3096 ’ΜΠ
347 3042 481 3118 A¹l³ibus
497 3051 747 3128 appropinquare
762 3056 934 3130 sumserat
950 3055 1090 3116 decreta.
1113 3073 1167 3116 ex·

170 3118 294 3205 erenum
316 3136 334 3178 e
356 3124 495 3204 duobus,
518 3133 570 3206 qui
590 3135 621 3197 iu
637 3135 733 3200 Gallia
749 3139 864 3216 quique
879 3139 911 3199 in
924 3137 1050 3201 Etruria
1071 3147 1167 3201 esset

171 3189 274 3287 addito
295 3203 434 3300 urbano,
457 3213 583 3287 eligeret
604 3235 695 3293 quem
714 3222 831 3294 mallet,
858 3223 911 3298 qui
927 3222 1060 3284 Galliam
1083 3232 1167 3286 esset

172 3279 306 3370 sonitus.
335 3299 385 3382 arn
400 3289 508 3386 bruttii
523 3299 684 3372 provincia
697 3305 863 3377 evenisset,
879 3304 972 3366 novis
988 3305 1166 3386 legionibus

173 3351 295 3417 urbanis
317 3378 457 3447 scrrptrs,
480 3377 575 3438 utrius
591 3382 694 3442 mallet
708 3387 870 3448 consulum
885 3387 1001 3464 prioris
1017 3389 1093 3453 anni
1112 3405 1165 3450 ex·
