2428 3892
296 189 416 252 arana
429 191 524 252 xxv.
548 189 690 254 onan.
711 198 748 267 [ι.
761 199 794 250 c.
807 195 872 273 aa]
1021 197 1079 262 tol

78 342 168 420 quod
181 341 321 402 maxima
332 347 422 418 parte
434 342 542 403 virium
556 359 683 404 suarum
694 361 757 406 non
767 345 959 424 lavabantur,
974 349 1084 412 timore

77 427 172 487 etiam
192 427 340 502 incusso,
362 441 403 487 ne
425 427 465 487 ab
487 434 610 489 suomet
623 428 684 504 ipsi
699 429 802 506 equile
817 439 1082 507 oppugnarentur.

73 512 186 588 itaque
205 510 295 571 haud
313 511 419 588 magni
441 511 618 572 certaminis
633 513 703 585 luit,
725 514 843 590 primus
860 516 976 576 clamor
989 522 1083 594 atque

69 596 216 672 impetus
237 611 305 654 rem
326 595 475 656 decrevit.
509 595 660 657 Numidae
680 613 750 658 cum
771 599 802 659 in
818 614 973 661 concursu
988 602 1083 677 quieti

70 679 244 742 stetissent
256 679 289 740 in
305 679 469 756 cornibus,
488 686 524 740 ut
537 685 625 756 terga
638 680 749 742 dantes
763 698 840 744 suos
855 683 1013 758 viderunt,
1036 687 1082 746 iu-

68 779 135 842 gae
145 770 270 825 tantum
281 779 452 840 parumper
463 764 592 824 comites
605 765 687 840 lacti,
699 773 865 844 postquam
877 783 984 830 omnes
992 770 1082 844 Agri-

69 854 206 926 gentum
220 848 346 925 trepido
362 846 487 924 agmine
501 854 644 924 petentes
655 849 807 926 viderunt,
823 851 884 927 ipsi
899 859 982 914 metu
998 854 1081 915 obsi-

72 934 182 996 dionis
205 933 328 1010 passim
349 933 381 994 in
397 933 538 996 civitates
557 933 715 1009 proximas
732 935 855 1012 dilapsi.
891 937 984 998 molta
999 937 1082 998 mdia

70 1018 239 1080 bominum
255 1033 351 1080 caesa
365 1024 537 1094 captaque,
553 1023 584 1078 et
598 1023 669 1079 octo
685 1018 849 1095 elephanti.
883 1019 962 1084 haec
975 1021 1081 1083 ultima

68 1103 103 1163 in
115 1102 228 1166 Sicilia
238 1102 379 1164 Marcelli
394 1119 502 1179 pugna
513 1101 578 1163 luit.
600 1100 700 1164 victor
711 1103 782 1164 inde
794 1103 969 1183 Syracusas
980 1107 1079 1168 rediit.

162 1188 230 1248 lam
252 1188 350 1248 fenne
371 1187 403 1248 in
425 1186 510 1248 exitu
531 1201 633 1247 annus
655 1193 735 1247 erat=
757 1187 861 1264 itaque
876 1195 1002 1250 senalus
1017 1191 1079 1251 Ro-

75 1287 146 1334 mae
162 1272 321 1346 decrevit,
337 1279 372 1333 ut
385 1269 419 1331 P.
438 1270 601 1333 Cornelius
617 1277 741 1346 praetor
755 1271 871 1332 litteras
888 1273 1022 1348 Capuam
1039 1275 1079 1334 ad

79 1358 228 1420 consules
243 1357 387 1431 mitteret,
403 1356 477 1416 dum
491 1355 646 1416 Hannibal
661 1356 772 1432 procul
788 1355 925 1430 abesset,
944 1372 1003 1417 nec
1016 1358 1078 1418 ulla

73 1443 181 1518 magni
198 1440 390 1503 discriminis
411 1455 464 1501 res
479 1439 521 1499 ad
536 1438 674 1515 Capuam
687 1446 860 1517 gereretur,
880 1441 958 1502 alter
971 1457 1076 1502 eorum

69 1527 99 1587 si
114 1527 159 1588 ita
173 1526 344 1601 videretur,
360 1525 402 1586 ad
412 1523 612 1599 magistratus
624 1523 841 1600 subrogandos
852 1526 980 1586 Romam
991 1527 1075 1586 veni-

67 1617 128 1673 ret.
163 1611 276 1672 litteris
299 1609 439 1685 acceptis
462 1609 541 1670 inter
563 1622 599 1669 se
620 1609 766 1670 consules
787 1617 1018 1686 compararunt,
1043 1618 1077 1672 ut

70 1696 224 1757 Claudius
241 1694 367 1756 comitia
380 1693 561 1771 perliceret,
579 1691 707 1754 Fulvius
722 1693 763 1754 ad
778 1694 913 1771 Capuam
928 1701 1075 1756 maneret.

68 1782 225 1844 consules
249 1779 397 1841 Claudius
420 1777 538 1838 creavit
552 1776 606 1838 Cn.
621 1776 762 1839 Fulvium
776 1779 984 1840 Centumalum
999 1785 1030 1839 et
1042 1778 1075 1838 P.

68 1864 249 1942 Sulpicium
261 1863 363 1926 Servii
377 1861 474 1924 fllium
486 1860 624 1936 Galbam,
642 1861 693 1937 qui
707 1864 823 1924 nullum
837 1871 927 1924 antea
939 1864 1074 1924 curulem

66 1950 290 2029 maffistratum
304 1947 468 2025 gessisset
496 1952 659 2023 praetores
674 1946 787 2008 deinde
802 1949 896 2009 creati
909 1948 943 2007 L.
961 1947 1074 2009 Corne·

67 2035 131 2095 lius
153 2035 307 2096 Lentulus
328 2032 370 2094 Μ.
388 2031 550 2094 Cornelius
566 2030 719 2106 Cethegus
736 2031 767 2092 C.
784 2031 940 2108 Sulpicius
960 2031 991 2092 C.
1009 2033 1073 2092 Cal-

66 2120 206 2195 purnius
221 2119 307 2182 Piso.
339 2116 444 2178 Pisoni
459 2115 538 2176 iuris
553 2115 647 2176 dictio
662 2116 789 2193 urbana,
806 2115 943 2193 Sulpicio
960 2113 1071 2190 Sicilia,

67 2204 212 2280 Cethego
228 2203 355 2279 Apulia,
370 2201 501 2262 Lentulo
515 2198 659 2262 Sardinia
673 2201 783 2263 evenit
807 2199 988 2264 consulibus
1001 2215 1068 2274 pro

66 2295 216 2366 rogatum
232 2288 262 2349 in
280 2302 396 2349 annum
411 2284 575 2364 imperium
590 2291 646 2346 est.

474 2483 681 2495 -—---—-

400 2657 547 2754 llll
585 2655 733 2751 lllll

356 2809 410 2870 aa
439 2807 557 2872 uass
589 2803 794 2890 couniri

458 2927 570 2992 alana
591 2921 704 2986 xxvi..

81 3131 237 3186 semotae.
272 3130 401 3182 Hannibal
420 3133 455 3184 ad
472 3133 577 3182 tertium
596 3131 628 3182 ab
647 3130 710 3180 arbe
727 3128 841 3180 Romana
860 3127 969 3193 lapidem
988 3143 1065 3192 super

115 3204 245 3256 Anienem
261 3217 364 3254 amnem
374 3201 570 3267 castraposnit:
589 3200 650 3252 inde
660 3198 827 3250 camduobuc
837 3196 940 3248 milibus
950 3197 1063 3259 equitum

114 3287 200 3337 neme
208 3271 244 3323 ad
252 3273 337 3338 ipsam
347 3269 477 3338 Capenam
491 3277 608 3336 portam,
623 3269 738 3320 utsitum
747 3268 818 3319 urbis
827 3265 985 3332 exploraret,
1002 3265 1063 3316 cbe-

115 3343 239 3408 qaitarit.
268 3348 294 3392 et
307 3356 366 3391 cam
379 3355 428 3407 per
442 3341 554 3392 triduum
569 3340 597 3390 ln
611 3339 693 3389 eciem
709 3338 833 3401 utrimque
843 3334 967 3386 exercitus
979 3334 1061 3385 omnis

117 3411 313 3474 descendisset,
330 3418 460 3461 certamen
475 3417 614 3476 tempestas
625 3407 739 3460 diremit:
759 3419 817 3456 nam
828 3418 884 3456 cam
894 3402 920 3454 in
929 3411 1012 3454 castra
1022 3417 1061 3452 re·

117 3480 240 3544 diluent,
255 3481 343 3532 statim
353 3481 477 3531 samnitas
487 3486 550 3529 erat.
582 3476 666 3543 Capua
677 3479 751 3540 capte
761 3481 799 3524 est
811 3488 825 3524 a
836 3471 865 3534 Q.
877 3471 965 3525 Fulvio
976 3479 1000 3524 et
1009 3471 1059 3530 ap.
