2434 3902
170 165 235 252 232
306 161 568 228 ntnssxxvtn.
592 161 675 225 cAP.
691 172 789 228 ro.11.
811 169 895 237 [no.
909 107 1027 239 areop

169 320 301 382 oleum
312 317 494 396 magistratu
504 316 649 378 abdioato
664 314 857 392 dumosaque
867 317 1006 379 exercitu
1019 317 1052 378 in
1062 317 1146 382 Etru

168 404 244 466 riam
266 400 461 480 provinciam
484 415 525 462 ex
544 407 670 462 senatus
697 401 838 464 consuto
854 408 907 462 est
930 401 1093 478 molemus
1113 404 1151 464 ad

168 487 368 566 quaestiones
381 483 552 560 habendas,
573 484 627 562 qui
640 483 840 548 Etruseorum
852 483 1083 550 Umbrorumve
1096 504 1152 564 po-

169 572 232 650 puli
247 569 430 634 deiectionis
448 570 487 630 ob
501 569 648 632 Romanis
665 569 705 630 ad
718 567 944 634 Hasdrubalem
959 571 1019 634 sub
1035 571 1151 634 adven-

169 666 232 720 tunr
246 655 314 716 eius
324 653 459 716 oonsilio
471 653 648 730 agitassent,
664 653 992 732 quiqueoumanxiliis
1005 663 1060 720 ant
1071 671 1153 718 eoru-

168 746 271 802 meatu
286 744 343 800 aut
363 753 424 814 opo
443 737 548 814 aliqua
561 737 719 800 iuvissent.
750 735 832 800 naec
846 753 883 800 ao
897 754 979 803 arrno
996 739 1085 802 domi
1101 742 1153 802 mi-
1205 761 1206 828 p

168 824 313 900 tiliaeque
323 830 420 898 gesa.
442 821 643 886 ludillonraai
654 829 701 883 ter
710 822 765 886 toti
776 822 935 886 instatuati
947 823 1153 886 abaudilihus
1205 837 1206 848 ¹

169 908 341 982 omuibus,
363 907 416 970 Cn.
430 905 562 970 Servilio
584 906 738 985 caepim
755 905 826 970 Ser.
842 907 982 972 Cornelio
1002 907 1154 970 Lentulo:

168 993 239 1054 item
260 992 325 1055 ludi
334 990 454 1068 plebeii
468 991 564 1052 semel
577 991 632 1054 toti
645 991 806 1058 losauroti
820 991 858 1056 ab
874 991 1026 1056 aedilibus
1037 991 1153 1068 plebis.

166 1076 207 1138 M.
222 1076 393 1152 Pomponio
406 1074 552 1140 llassrone
564 1082 596 1136 et
610 1074 644 1152 0.
658 1073 792 1140 Marnlllo
805 1075 944 1140 Turrino.

251 1161 353 1222 'l'eru'o
375 1160 494 1220 decimo
510 1175 591 1220 anno
604 1159 710 1222 Punici
723 1159 811 1237 belli,
831 1159 865 1222 L.
878 1159 1008 1222 Veturio
1022 1157 1154 1224 Philone
1206 1229 1207 1244 χ

168 1254 199 1306 et
219 1243 254 1320 Ω.
272 1243 407 1306 Coeossio
426 1243 549 1306 Metello
572 1244 768 1320 oonsulibus,
792 1243 902 1306 Bruttii
919 1243 1100 1320 manebus,
1125 1253 1152 1318 ul

169 1345 239 1392 anm
247 1329 419 1403 Hannibale
432 1327 548 1390 bellum
560 1335 711 1406 generent,
726 1329 887 1405 provincia
900 1328 1033 1390 deuant
1064 1344 1152 1406 prae·

169 1423 251 1476 toras
268 1413 380 1476 exinde
395 1413 493 1476 sortiti
509 1420 588 1490 sunt,
611 1413 652 1474 Μ.
669 1411 974 1476 CaeciliusMetellus
988 1413 1153 1488 wbanam,

169 1497 586 1574 o..1ttanuliur‚p0regrnan,
602 1497 633 1558 c.
649 1496 796 1560 Servilius
812 1496 962 1574 Siciliam,
978 1496 1047 1560 Tib.
1063 1497 1151 1558 Clau

69 1593 72 1602 ·
169 1583 238 1644 dius
263 1581 447 1644 Sardiniam.
483 1583 636 1644 marullus
660 1583 702 1644 ila
724 1579 833 1643 divisi:
866 1581 1029 1646 consulum
1054 1583 1153 1657 alteri,

170 1681 261 1742 qnam
281 1665 313 1728 C.
334 1664 478 1728 Claudias
498 1665 609 1742 prioris
631 1665 702 1728 anni
723 1667 847 1741 consul,
871 1666 973 1740 allen,
1000 1681 1100 1742 quem
1121 1665 1153 1739 Q.
1207 1681 1208 1692 ¹

169 1748 313 1812 claudius
329 1757 572 1825 propraetor*-
584 1765 641 1812 aaa
660 1749 752 1812 binae
775 1751 915 1828 legiones
940 1757 1027 1812 arant
1039 1781 1091 1794 -
1103 1749 1153 1810 ha·

167 1833 309 1896 buissant
326 1834 506 1898 wallum.
533 1835 570 1896 in
584 1834 704 1896 Etruria
723 1834 802 1898 duos
816 1836 963 1900 volonum
976 1832 1124 1910 legiones
1138 1851 1154 1892 a

169 1917 200 1978 c.
215 1917 354 1982 Terentio
377 1926 579 1995 propraetore
589 1918 633 1982 ott
650 1918 755 1980 liuius
770 1920 952 1996 proconsul,
975 1919 1026 1982 nn
1042 1935 1153 1994 proro-

167 2009 270 2079 gatum
284 2004 315 2064 iu
330 2019 443 2066 anunm
455 2004 616 2079 imperium
631 2009 705 2080 erat,
716 2005 883 2080 acoipnet
910 2001 988 2077 etQ.
1004 2001 1154 2077 Mamilio,

167 2094 201 2148 ut
222 2089 360 2164 collegae
381 2088 456 2150 iuris
478 2087 612 2150 dictione
635 2087 747 2150 tradita
761 2087 890 2150 Galliam
908 2101 981 2150 oum
1003 2088 1154 2162 sumaim,
1208 2083 1209 2164 l

167 2171 216 2234 oui
237 2172 272 2234 L.
290 2171 421 2234 Poreius
436 2180 626 2250 ,propraetor
646 2171 837 2248 praetuerat,
857 2172 1022 2246 obtineret,
1036 2172 1153 2236 oaore—
1208 2169 1209 2186 ¹

166 2263 230 2318 tum
245 2261 308 2327 ast;
330 2256 499 2332 iussusque
512 2256 654 2333 populari
663 2272 762 2332 agros
774 2255 939 2331 Gallorur,
955 2257 1008 2334 qai
1023 2256 1067 2319 ad
1077 2255 1154 2316 Poe

167 2357 225 2402 nos
248 2341 307 2402 sub
324 2341 494 2406 adventuo
513 2340 716 2404 Hasdrubalis
737 2341 933 2406 defensarat.
971 2341 1003 2401 c.
1019 2339 1153 2402 Seruilio

167 2439 238 2486 eum
257 2423 472 2488 Cannensibus
497 2421 619 2488 ombus
638 2425 828 2501 legionibus,
851 2427 931 2487 slent
950 2424 982 2488 C.
996 2424 1152 2488 Manutius

167 2514 320 2583 manerat,
343 2508 447 2572 Sioilia
461 2510 575 2572 tuenda
595 2510 676 2570 dala.
712 2526 752 2570 ex
767 2507 909 2572 Saralinia
923 2517 1012 2572 vetros
1034 2511 1152 2572 exerci-

166 2598 226 2669 tus,
243 2593 293 2654 eni
306 2596 344 2654 A.
354 2593 505 2658 Hostilius
519 2595 702 2670 praefuerat,
718 2594 912 2670 deportatum
927 2610 1044 2658 novam
1058 2594 1152 2670 legio·

166 2692 253 2750 nem,
275 2695 367 2754 qnam
381 2678 444 2740 Tib.
461 2678 606 2740 Claudius
620 2679 763 2741 traiceret
777 2695 899 2754 secum,
913 2680 1065 2744 eonsules
1080 2694 1151 2742 oon-

167 2761 367 2837 soripserunt.
391 2755 424 2836 Q.
441 2761 577 2836 claudio,
592 2771 626 2825 ut
639 2764 810 2840 Tarentum,
827 2764 858 2824 C.
874 2763 1005 2826 Hostilio
1022 2762 1150 2836 Trebula,

165 2850 200 2906 ut
220 2843 356 2922 capuan
381 2845 572 2923 provinciam
594 2847 739 2923 natael,
761 2855 966 2925 ,prorogatum
982 2846 1017 2908 in
1039 2861 1151 2910 annum

166 2929 328 3006 imperium
343 2937 401 2992 ast.
433 2930 475 2990 Μ.
488 2931 632 2996 valerias
641 2935 829 3008 proconsul,
850 2933 905 3008 ,qui
918 2931 1057 2994 ‚tuendae
1073 2931 1151 2992 eirea

166 3011 301 3077 Siciliam
321 3014 501 3078 ntaritunrae
524 3030 598 3076 orae
613 3017 808 3092 praefuerat,
829 3016 952 3092 nauta
967 3015 1105 3078 nonnus
1121 3013 1149 3073 G.

166 3095 297 3240 garritio
319 3099 466 3174 praebitis
489 3116 558 3162 oum
574 3106 683 3160 estare
702 3103 786 3164 omni
807 3102 910 3164 alasse
930 3100 1089 3164 redire-ad
1102 3114 1148 3160 nr·

187 3197 366 3244 omtrussns.

249 3263 300 3326 ill.
324 3267 359 3324 In
380 3266 502 3330 civitate
524 3276 607 3328 muto
630 3269 807 3330 onornnine
825 3268 898 3328 belli
908 3267 1062 3341 sollicita,
1083 3281 1146 3328 enm

167 3347 302 3409 omniurn
317 3350 524 3412 secundorum
536 3354 806 3426 adversorumque
819 3366 932 3414 oauaas
946 3351 979 3412 in
988 3351 1072 3412 ¹(leus
1083 3365 1146 3410 ver-

167 3435 273 3506 erent,
288 3433 383 3494 multa
396 3434 540 3511 prodigia
559 3434 789 3496 nuntiabantur=
807 3436 989 3494 Tarracinae
1003 3434 1087 3494 Iovis
1100 3448 1145 3492 ae
