2466 3900
270 249 383 312 LIBER
398 249 505 310 XXIV.
528 251 650 316 CAR&
674 259 711 330 [ιι.
722 260 753 313 0.
768 261 832 332 ιιι]
1019 261 1039 324 9

78 404 211 465 lideretur
230 403 382 464 adversus
404 402 542 464 similiter
563 414 782 480 provocantem
806 423 891 468 arma
912 407 1041 484 capienti

76 489 184 550 Goliam
195 488 234 547 arl
247 494 410 548 certamen.
432 504 523 563 quem
538 489 577 549 ad
591 490 715 551 modum
725 491 846 568 pedites
861 495 1042 570 equitesque

73 580 205 649 optamus
219 578 253 633 ut
268 571 442 648 validiores,
458 573 609 649 siminus,
624 580 656 636 ut
666 590 758 650 pares
768 574 849 637 hosti
863 575 1041 648 habeamus,

71 656 111 716 ita
130 655 197 716 duci
217 656 350 718 hostium
371 671 477 732 parem
498 657 711 733 imperatorem
732 674 925 735 quaeramus.
964 675 1043 736 etim,

73 739 120 814 qui
138 748 184 800 est
203 755 341 800 summus
362 740 392 801 in
414 741 536 802 civitate
550 742 628 817 dux,
651 758 720 802 eum
740 743 919 819 legerimus,
942 751 1040 804 tamen

72 830 188 899 repente
208 821 322 898 lectus,
351 825 382 885 in
405 841 517 885 annum
538 832 658 887 creatus
679 827 830 888 adversus
851 834 985 888 veterem
1005 842 1042 886 ac

73 914 240 988 perpetuum
254 908 474 984 imperatorem
489 908 724 986 comparabitur,
747 911 838 971 nullis
853 925 954 988 neque
967 919 1041 971 tem-

73 993 148 1072 poris
162 1007 216 1052 neo
236 992 314 1053 iuris
335 993 486 1054 inclusum
507 994 670 1070 angustiis,
694 1012 754 1069 quo
770 995 870 1056 minus
885 996 927 1056 ita
941 995 1043 1054 omnia

72 1083 148 1152 gerat
160 1076 421 1153 administretque,
437 1085 470 1138 ut
484 1084 622 1153 tempora
635 1079 834 1154 postulabunt
848 1079 932 1140 belli:
952 1078 1042 1139 nobis

72 1167 161 1220 autem
173 1160 203 1219 in
217 1168 370 1237 apparatu
385 1161 455 1236 ipso
471 1177 507 1221 ac
522 1169 637 1229 tantum
651 1163 864 1224 inchoantibus
878 1179 929 1224 res
944 1177 1042 1224 annus

74 1244 284 1320 circumagitur.
312 1245 466 1320 quoniam,
483 1246 590 1322 quales
604 1247 690 1307 viros
705 1262 811 1307 creare
826 1263 883 1308 vos
898 1248 1043 1308 eonsules

79 1330 182 1404 deceat,
202 1330 282 1390 satis
298 1335 345 1390 est
360 1331 489 1403 dietum,
511 1337 607 1391 restat
620 1337 651 1390 ut
665 1346 764 1406 pauca
779 1331 818 1391 de
833 1332 894 1404 eis,
917 1331 947 1390 in
963 1345 1044 1404 quos

77 1415 296 1488 praerogativae
317 1414 406 1475 lavor
426 1414 596 1490 inelinavit,
619 1416 728 1475 dicam.
767 1415 807 1477 M.
822 1415 970 1475 Aemilius
983 1413 1040 1474 Re·

75 1495 152 1572 gilius
162 1495 277 1558 flamen
292 1505 340 1559 est
351 1497 523 1574 Quirinalis,
540 1514 630 1574 quem
644 1514 744 1575 neque
757 1499 876 1560 nrittere
892 1497 930 1558 ab
945 1497 1043 1559 saeris

75 1596 162 1656 neque
174 1583 309 1642 retinere
323 1599 508 1659 possumus,
529 1593 563 1644 ut
576 1597 639 1642 non
654 1584 745 1643 deum
767 1591 819 1644 aut
831 1582 904 1643 belli
919 1584 1043 1644 desera-

74 1679 132 1724 mus
149 1681 262 1726 euram.
298 1664 442 1727 Otacilius
456 1667 573 1728 sororis
589 1683 675 1728 meae
690 1667 782 1727 filiam
801 1683 931 1729 uxorem
951 1674 1043 1744 atque

73 1763 106 1807 ex
117 1765 151 1808 ea
160 1750 278 1812 llberos
288 1729 394 1811 habet
410 1759 546 1811 ceterum
556 1765 618 1811 non
630 1767 667 1811 ea
675 1752 801 1812 vestra
792 1769 825 1812 m
836 1768 885 1812 me
896 1766 1041 1814 marores-

74 1849 126 1906 que
139 1849 222 1894 meos
238 1835 350 1894 merita
364 1841 448 1908 sunt,
472 1842 505 1894 ut
519 1851 580 1896 non
601 1835 752 1912 potiorem
765 1836 893 1914 privatis
908 1836 1043 1897 necessi-

72 1917 214 1978 tudrmbus
225 1935 295 1978 rem
306 1918 458 1994 publicam
470 1917 610 1978 habeant.
632 1919 759 1994 qurbbet
769 1926 929 1982 nautarum
940 1927 1043 1981 vecto·

71 2015 189 2077 rumque
205 2002 371 2076 tranquillo
386 2003 462 2062 mari
477 2003 648 2078 gubernare
662 2010 779 2079 potest=
802 2004 854 2063 ubi
869 2020 964 2064 saeva
979 2012 1044 2065 orta

71 2090 226 2162 tempestas
249 2094 313 2160 est,
334 2102 371 2146 ao
386 2087 506 2148 turbato
522 2086 596 2146 mari
616 2087 734 2162 rapitur
746 2095 839 2148 vento
855 2088 958 2164 navis,
982 2095 1044 2147 turn

70 2165 129 2228 viro
142 2179 172 2230 et
185 2171 392 2246 gubernatore
413 2187 493 2246 opus
508 2179 564 2230 est.
598 2187 659 2230 non
674 2171 836 2246 tranquillo
852 2171 1042 2246 navigamus

72 2253 121 2309 sed
134 2253 193 2314 iam
214 2254 336 2329 aliquot
354 2255 499 2330 procellis
514 2255 665 2315 submersi
684 2271 783 2331 paene
798 2271 919 2317 sumus·
941 2255 1044 2331 itaque

71 2337 133 2415 quis
154 2339 191 2397 ad
214 2337 427 2413 gubernacula
447 2340 569 2414 sedeat,
592 2355 711 2399 summa
725 2355 798 2399 eura
819 2338 1043 2414 providendum

71 2437 102 2481 ιι
116 2428 364 2508 praecavendum
378 2428 469 2490 vobis
485 2433 541 2488 est.
559 2427 604 2486 in
618 2426 735 2488 minore
749 2433 779 2486 te
794 2424 920 2502 experti,
935 2425 968 2486 Τ.
975 2422 1042 2484 Ota

72 2506 127 2588 oili,
150 2530 194 2574 re.
205 2530 330 2574 ειιιιιιιε.
353 2513 437 2574 haud
458 2527 549 2581 sane,
572 2527 626 2572 cur
645 2511 686 2570 ad
700 2509 883 2570 maioratibi
903 2508 1043 2583 lldamuS,

73 2597 238 2658 documenti
261 2597 426 2672 quiequam
440 2595 562 2656 dedisti.
595 2595 726 2655 classem
747 2595 807 2656 hoc
828 2609 925 2666 anno,
949 2594 998 2655 oui
1013 2603 1045 2655 tu

73 2681 232 2757 praefuisti,
247 2681 338 2743 trium
351 2696 452 2741 rerum
468 2695 563 2740 causa
577 2679 760 2755 paravimus
776 2685 810 2740 ut
821 2679 945 2739 Africae
961 2692 1044 2748 oram

73 2766 272 2840 popularetur,
288 2772 321 2826 ut
331 2761 396 2826 tuta
407 2764 497 2826 nobis
511 2763 615 2824 ltaliae
629 2763 717 2824 litora
731 2771 843 2838 essent,
860 2769 929 2822 ante
945 2761 1047 2821 omnia

74 2861 106 2906 oe
116 2851 362 2924 supplementum
377 2864 446 2909 curn
457 2848 611 2923 stipendio
627 2856 858 2922 commeatuque
872 2847 910 2907 ab
923 2845 1046 2906 Cartlra·

74 2930 136 3002 gine
149 2933 311 2993 Hannibali
332 2939 600 3008 transportaretur.
641 2938 742 2992 create
756 2931 914 2991 consulem
928 2930 960 2988 T.
977 2929 1046 2990 Ota-

76 3012 182 3090 cilium,
203 3032 266 3077 non
283 3018 352 3078 dico
368 3017 395 3077 si
410 3017 512 3078 omnia
526 3016 617 3088 haec,
640 3016 696 3076 sed
711 3015 738 3075 si
753 3014 868 3089 aliquid
882 3030 988 3076 eorum
1001 3012 1046 3073 rei

76 3099 208 3170 publicae
222 3101 382 3178 praestitit.
417 3102 465 3162 sin
480 3108 581 3160 autem
595 3107 625 3160 te
641 3102 772 3160 classem
787 3098 941 3159 obtinente
956 3097 1045 3157 etiam

78 3183 150 3244 velut
171 3194 282 3260 pacato
303 3186 380 3246 mari
402 3185 556 3282 quaelibet
569 3182 731 3244 Hannibali
745 3189 809 3243 tuta
823 3189 916 3259 atque
930 3181 1047 3252 integra

78 3265 109 3324 ab
125 3267 214 3329 domo
230 3279 388 3342 venerunt,
412 3269 440 3330 si
455 3269 619 3329 oraltaliae
633 3267 772 3329 infestior
784 3267 845 3325 hoo
860 3279 940 3324 anno
956 3277 1046 3336 quarn

78 3350 190 3412 Alrieae
205 3354 267 3427 luit,
292 3355 367 3430 quid
382 3353 485 3414 dioere
499 3360 599 3447 poles,
621 3366 675 3410 cur
688 3359 716 3410 te
731 3348 923 3426 potissimum
938 3345 1046 3404 ducem

79 3429 229 3498 Hannibali
249 3438 332 3499 hosti
353 3443 533 3533 opponantt
564 3435 591 3494 si
612 3433 722 3494 consul
743 3445 846 3501 esses,
869 3428 1048 3485 dictatorem

15 3525 16 3532 ’
81 3513 230 3583 dicendum
245 3521 388 3598 exemplo
399 3522 549 3580 maiorum
564 3522 702 3576 nostrum
717 3523 922 3572 censeremus.
946 3521 1003 3566 nee
1017 3513 1047 3564 tu
