2466 3900
175 229 217 300 ³2
324 229 439 292 LlBltR
452 229 559 290 xlllv.
583 227 666 289 CAP-
679 235 722 291 ee
735 235 778 289 el.
802 233 839 302 [ι.
855 231 890 285 U.
906 249 930 286 c.
944 231 1007 300 538]

176 399 340 472 ronymum
356 389 529 442 meruerant
543 380 600 442 sub
615 380 661 442 eis
677 386 707 440 et
719 379 896 440 Hannibalis
908 378 1091 439 beneficium
1103 379 1158 440 lra-

177 457 304 543 bebant,
326 465 407 542 capti
422 462 462 525 ad
475 465 717 526 Trasumennum
730 463 810 533 inter
821 463 1028 524 Romanorum
1043 462 1159 525 auxilia

179 553 369 626 dimissique.
387 563 466 626 quos
478 549 529 608 ubi
542 564 581 609 ex
593 548 690 623 signis
702 547 1029 624 habituquearmormn
1043 561 1158 622 cogno·
1224 567 1225 580 ¹

179 651 267 710 rere,
282 633 493 711 Hippocrates
515 639 606 709 atque
621 631 777 710 Epicydes
797 645 901 692 ramos
924 631 1010 691 oleae
1023 645 1061 690 ac
1075 631 1158 691 vela-

180 726 282 782 menta
302 719 361 778 alia
385 716 571 794 supplicium
591 715 782 791 porrigentes
803 731 908 790 orare,
934 721 968 776 ut
986 714 1160 790 reciperent

180 819 266 878 sese,
281 810 315 865 ut
328 807 472 881 receptos
488 803 672 875 tutarentur,
687 815 748 860 neu
762 801 927 876 proderent
943 798 1158 878 Syracusanis,

180 888 326 966 aquibus
342 886 401 964 ipsi
417 903 489 947 mox
500 885 673 946 trucidandi
686 886 803 960 populo
814 885 953 945 Romano
965 883 1159 946 dederentur.

177 972 282 1036 XXXI.
306 972 462 1032 enimvero
489 972 694 1041 conclamant,
720 970 834 1030 bonum
858 973 892 1029 ut
910 968 1043 1028 animum
1067 967 1159 1028 hebe-

179 1064 261 1119 rent:
285 1071 406 1116 omnem
427 1071 463 1116 se
484 1070 552 1115 curn
573 1054 632 1114 illls
651 1054 802 1114 fortunam
817 1052 981 1114 subituros.
1009 1053 1087 1113 inter
1099 1052 1161 1114 hoc

181 1142 367 1217 colloquium
382 1139 471 1214 signa
486 1139 695 1212 constiterunt,
709 1138 931 1214 tenebaturque
945 1152 1069 1212 agonem
1089 1152 1159 1197 nec·

180 1228 254 1287 dum
271 1241 351 1302 quae
371 1239 476 1285 morae
492 1239 588 1284 causa
601 1224 680 1284 loret
694 1228 876 1298 pervenerat
888 1223 929 1282 ad
943 1222 1049 1282 duces.
1075 1229 1149 1298 pos
1149 1253 1159 1264 ·

181 1327 273 1388 quam
288 1311 498 1386 Hippocraten
519 1315 613 1383 atque
632 1307 793 1384 Epicyden
810 1307 947 1382 pervasit
959 1322 1079 1381 rumor,
1101 1306 1159 1366 ιιι·

180 1395 334 1476 mitusque
354 1399 418 1454 toto
433 1393 554 1468 agmine
575 1398 641 1452 erat
652 1391 736 1451 haud
751 1391 843 1452 dubie
858 1391 1093 1467 approbantium
1107 1390 1159 1450 ad·

180 1487 303 1541 ventum
319 1493 434 1549 eorum,
450 1476 605 1572 externplo
621 1482 780 1551 praetores
795 1476 893 1536 citatis
909 1475 997 1552 equis
1008 1475 1048 1535 ad
1064 1475 1157 1550 prima

179 1565 270 1638 signa
284 1563 494 1644 perrexerunt,
511 1560 563 1637 qui
577 1577 645 1621 mos
660 1561 729 1635 illis,
744 1572 824 1636 quae
838 1560 959 1620 licentia
974 1557 1158 1620 Cretensium

178 1653 266 1708 esset
279 1645 447 1720 rogitantes
464 1643 619 1720 colloquia
633 1644 756 1706 serendi
770 1660 840 1705 cum
853 1643 958 1717 hoste,
979 1642 1160 1742 iniussuque

181 1735 358 1807 praetorum
378 1729 527 1790 miscendi
543 1745 599 1790 eos
615 1730 727 1804 agmini
743 1735 823 1790 suot
845 1721 1085 1803 comprehendi
1076 1727 1160 1786 inici-

178 1829 242 1892 que
259 1821 383 1875 oatcnas
398 1814 554 1874 iusserunt
564 1813 752 1890 Hippocrati.
775 1813 815 1873 ad
830 1828 922 1888 quam
936 1827 1044 1872 vocem
1059 1816 1161 1873 tantus

180 1899 334 1976 extemplo
351 1897 482 1984 primum
497 1915 515 1958 a
530 1897 726 1959 Cretensibus
742 1899 857 1958 clamor
870 1903 918 1957 est
933 1894 1034 1972 ortus,
1051 1896 1162 1956 deinde

178 1990 331 2060 exceptus
346 1984 385 2044 ab
400 1975 482 2059 aliis,
503 1989 535 2042 ut
550 1983 653 2053 lacile,
677 1981 703 2041 sl
717 1983 796 2042 ultra
810 1981 983 2053 tenderent,
1000 1985 1163 2057 appareret

93 2131 95 2136 ,
181 2067 226 2129 eis
242 2069 408 2128 timendum
424 2082 505 2128 esse.
528 2064 648 2127 solliciti
662 2061 832 2164 incertique
846 2079 949 2126 rerum
960 2081 1086 2126 suarum
1097 2063 1159 2123 Me

178 2169 264 2228 gara,
280 2153 363 2213 unde
378 2151 507 2229 proiecti
522 2156 616 2225 erant,
631 2143 738 2210 reterri
753 2150 842 2225 signa
856 2149 962 2210 iubent
975 2149 1161 2224 nuntiosque

153 2237 220 2296 'de
241 2243 321 2296 statu
344 2229 499 2312 praesenti
521 2234 697 2314 Syracusas
716 2233 844 2296 mittunt.
875 2234 1015 2296 naudcm
1036 2249 1162 2310 quoque

178 2317 385 2398 Hippocrates
406 2317 492 2380 addit
502 2319 667 2396 'inclinatis'
684 2319 723 2379 ad
739 2333 859 2380 omnem
874 2318 1083 2395 suspicionem
1098 2319 1161 2378 ani-

180 2406 254 2472 mls;
270 2410 301 2463 et
312 2403 499 2464 Cretensium
514 2404 698 2480 quibusdam
707 2403 752 2464 ad
766 2403 874 2464 itinera
884 2401 1046 2463 insidenda
1056 2401 1162 2464 missis

179 2489 264 2549 uelut
277 2488 462 2563 interceptas
476 2487 608 2563 litteras,
626 2501 702 2562 quas
715 2489 787 2564 ipse
800 2493 1025 2564 composuerat,
1040 2487 1162 2548 recitat·

180 2578 358 2649 „praetores
374 2571 564 2651 Syracusani
586 2572 904 2633 consulilllarcelloz“
926 2571 1098 2632 secundum
1113 2587 1162 2632 sa-

178 2657 289 2729 lutem,
311 2661 344 2716 ut
357 2656 493 2730 adsolet,
514 2655 662 2734 scriptum
684 2662 750 2718 erat
762 2662 847 2718 recte
861 2670 931 2717 eum
945 2661 1038 2732 atque
1054 2655 1164 2716 ordine

180 2738 303 2813 iecisse,
320 2739 404 2816 quod
419 2741 449 2800 in
464 2739 621 2801 Leontinis
635 2740 710 2801 nulli
725 2741 925 2819 pepercisset
955 2740 1012 2801 sed
1027 2741 1163 2802 omnium

177 2825 459 2906 mercennariorum
477 2824 605 2885 militum
626 2825 755 2884 eandem
776 2841 847 2886 esse
863 2840 1003 2898 causam,
1024 2839 1083 2884 nec
1097 2841 1163 2884 um·

181 2923 272 2983 quam
289 2906 464 2990 Syracusas
481 2905 648 2984 quieturas,
671 2909 770 2970 donec
786 2909 951 2985 quicquam
965 2914 1163 2970 externorum

178 2991 363 3052 ¹auruliorum
385 3000 436 3053 aul
457 2993 487 3052 in
501 2991 579 3052 urbe
599 2999 652 3053 aut
666 2993 696 3053 in
710 2993 849 3055 exercitu
862 3009 919 3054 suo
935 2999 1027 3054 esset
1057 2993 1164 3068 itaque

180 3075 267 3136 daret
282 3092 416 3152 operam,
431 3081 465 3137 ut
479 3079 544 3149 eos,
562 3075 614 3150 qul
630 3078 704 3138 cum'
714 3077 780 3138 suis
796 3076 989 3153 praetoribus
1004 3083 1108 3138 cesma
1122 3078 1163 3136 ad

179 3159 304 3256 Megara
318 3159 498 3234 haberent,
490 3172 520 3219 ιιι
536 3173 622 3220 suam
637 3164 820 3237 potestatem
829 3161 982 3238 redigeret
993 3175 1031 3221 ac
1041 3161 1160 3237 suppli·

178 3243 227 3303 cio
244 3259 350 3328 corum
365 3241 509 3303 liberaret
522 3245 653 3304 tandem
657 3244 841 3324 Syracusas.
863 3246 940 3306 haec
951 3260 1020 3306 cum
1034 3246 1163 3306 recitata

178 3332 298 3399 essent,
324 3321 393 3385 cum
418 3333 500 3388 tanto
469 3329 660 3389 telamore
679 3330 720 3389 ad
742 3345 826 3389 anna
845 3330 1020 3391 discursum
1041 3339 1105 3405 est,
1129 3334 1164 3389 ut

180 3416 338 3494 praetores
349 3408 426 3469 inter
437 3399 595 3471 tumultum
607 3412 712 3488 pavidi
724 3413 966 3488 abequitaverint
973 3412 1161 3492 Syracusas

178 3497 210 3550 et
223 3505 263 3550 ne
278 3485 350 3566 luga
365 3491 489 3568 quidem
503 3509 608 3556 eorum
623 3495 732 3556 seditio
749 3511 928 3572 compressa
942 3503 998 3573 est,
1013 3497 1161 3576 impetus-
1224 3569 1225 3580 2
