2466 3900
204 205 313 270 tum
325 166 534 284 xxivscae.
548 218 592 274 ln.
606 218 651 276 te.
664 218 709 276 u.
733 219 815 288 [ec.
830 217 893 288 us]
991 210 1033 282 tl

84 358 179 434 iltiuii,
192 358 257 420 dein
270 361 491 436 quantumouri
504 361 684 439 argentique
695 362 778 426 domi
787 365 925 426 relictum
940 373 1033 444 esset

84 444 146 504 satis
159 443 279 518 cognitis
295 443 433 506 omnibus
449 444 538 507 vivos
554 445 731 508 combussit

149 525 245 588 XLVI.
264 527 376 589 Fabius
394 527 432 588 ab
448 527 597 592 Suessula
611 531 768 606 proiectus
782 533 886 609 Arpos
902 533 1031 610 primum

77 609 168 672 institit
180 627 363 688 oppugnare.
385 611 436 672 ubi
450 627 519 675 cum
533 631 552 674 a
564 615 735 692 quingentis
750 616 814 676 iere
824 616 969 693 passibus
982 633 1032 678 ca·

76 701 130 756 stru
147 696 312 770 posuisset,
336 699 557 773 contemplatus
580 715 619 760 ex
639 699 814 775 propinquo
837 700 928 763 situm
946 701 1030 762 urbis

75 779 246 854 moeniaque,
270 795 350 856 quoe
363 797 437 856 pers
452 782 602 842 tutissime
614 783 775 844 moenibus
789 790 863 858 eret,
883 786 956 860 quia
968 802 1029 847 mu-

75 863 144 922 xime
162 863 326 940 neglectam
353 866 492 926 custodia
511 866 602 940 vidit,
633 881 671 926 ea
693 867 885 943 potissimum
904 868 1030 944 adgredi

76 948 169 1008 statuit.
200 949 382 1025 comparatis
405 950 561 1025 omnibus,
585 965 665 1024 quoe
679 952 719 1011 ad
739 952 832 1012 urbes
853 967 1029 1030 oppugnan-

78 1031 123 1091 das
135 1031 195 1092 usui
209 1038 295 1106 sunt,
318 1033 526 1094 centurionum
540 1033 653 1096 robora
667 1050 707 1095 ex
720 1043 783 1098 toto
799 1037 935 1098 exercitu
950 1037 1031 1098 dele·

77 1115 117 1188 git
137 1115 330 1193 tribunosque
344 1118 429 1178 viros
444 1118 538 1178 iortes
554 1120 599 1180 eis
614 1118 770 1194 praefecit,
793 1129 823 1180 et
836 1121 945 1181 milites
961 1137 1033 1182 sex-

77 1205 177 1276 centos,
199 1209 345 1276 quantum
366 1202 442 1263 sutis
455 1201 556 1263 visum
576 1209 636 1278 est,
658 1203 808 1280 attribuit,
830 1219 958 1280 eosque,
979 1203 1032 1264 ubi

80 1289 182 1358 quaeue
194 1285 317 1360 vigiliae
332 1284 452 1360 signum
472 1287 649 1360 cecinisset,
670 1286 711 1346 ed
732 1303 801 1349 eum
815 1289 916 1348 locum
930 1289 1032 1348 scales

82 1364 152 1426 iussit
161 1368 243 1444 lerre.
277 1375 368 1446 porta
382 1369 424 1429 ibi
438 1370 559 1432 humilis
577 1377 607 1432 el
620 1377 751 1446 ungusta
766 1378 831 1432 erat
848 1370 1031 1447 infrequenti

80 1448 119 1508 ua
132 1464 178 1526 per
196 1453 353 1514 desertam
365 1462 482 1529 partem
496 1455 590 1516 urbis.
624 1470 691 1514 eam
707 1461 826 1532 portem
839 1455 932 1516 scalis
947 1454 1031 1530 prius

77 1540 264 1610 transgressos
287 1553 406 1598 murum
426 1539 547 1614 eperire
561 1555 601 1599 ex
620 1539 763 1600 interiore
777 1545 863 1615 perte
884 1546 936 1600 aut
949 1539 1031 1600 elau-

76 1622 127 1677 stm
142 1621 307 1698 refringere
328 1620 426 1697 iubet,
447 1628 477 1682 et
490 1627 630 1683 tenentes
644 1629 760 1698 purtem
781 1623 865 1684 urbis
881 1639 976 1686 cornu
991 1624 1031 1683 si-

75 1717 150 1775 gnum
159 1704 238 1779 dure,
251 1712 287 1766 ut
299 1711 418 1766 ceterae
429 1706 538 1780 copiae
550 1707 798 1768 admoverentur:
813 1714 920 1784 parata
931 1707 1033 1768 omniu

74 1792 150 1860 utque
162 1787 308 1850 instructa
321 1804 393 1852 sese
407 1789 587 1851 habiturum.
608 1805 645 1850 ea
658 1790 786 1866 impigre
801 1792 888 1865 iacta,
905 1798 934 1852 et
948 1790 1032 1867 quod

36 1875 40 1880 '
74 1867 304 1946 impedimentum
326 1873 486 1948 egentibus
506 1875 572 1935 lore
591 1873 765 1948 videbatur,
788 1875 820 1936 id
841 1875 971 1936 maxime
992 1874 1032 1934 ed

73 1953 217 2018 fallendum
240 1957 368 2017 adiuuit.
400 1957 497 2018 imber
518 1957 557 2018 ab
572 1965 661 2017 nocte
675 1960 777 2018 media
791 1966 914 2021 coortus
930 1967 1032 2020 custo-

73 2036 117 2099 des
135 2041 305 2117 vigilesque
325 2041 466 2117 dilapsos
487 2058 505 2102 e
526 2041 707 2102 stelionibus
730 2039 885 2118 suffugere
905 2043 936 2102 in
954 2048 1033 2104 tecta

73 2125 164 2199 coegit,
179 2126 344 2201 sonituque
358 2128 456 2202 primo
471 2125 611 2201 largioris
625 2127 779 2201 procellae
794 2127 953 2202 strepitum
966 2141 1031 2186 mo-

73 2204 188 2270 lienlium
203 2215 326 2285 portum
340 2209 479 2270 exaudiri
493 2210 657 2285 prohibuit,
671 2210 906 2270 lentior'deinde
918 2224 1033 2283 aequa-

71 2289 173 2368 liorque
187 2293 334 2354 occidens
355 2293 633 2370 auribus'magnam
650 2299 765 2368 partem
779 2293 932 2354 hominum
948 2291 1033 2367 sopi-

71 2373 114 2434 vit.
133 2384 296 2454 postquam
309 2383 429 2453 portem
442 2378 594 2451 tenebant,
610 2377 780 2438 cornicines
796 2377 826 2437 in
842 2377 892 2437 viu
906 2377 1032 2453 poribus

72 2455 221 2524 intervallis
233 2461 405 2539 dispositos
418 2477 528 2522 canere
543 2461 653 2536 iubent,
668 2467 703 2522 ut
714 2462 872 2524 consulem
886 2461 1032 2521 excirent
1073 2505 1076 2512 .

72 2539 96 2600 id
108 2543 154 2605 ubi
164 2547 276 2606 iactum
291 2562 330 2607 ex
345 2545 517 2622 composito
532 2552 587 2619 est,
603 2545 691 2621 signa
706 2545 806 2606 efferri
818 2546 926 2606 consul
941 2545 1032 2622 iubet,

72 2639 101 2686 tto
113 2630 199 2702 puulo
216 2637 289 2690 ante
303 2631 401 2691 lucem
422 2645 479 2706 per
498 2629 654 2690 effractam
671 2636 790 2704 portam
811 2629 917 2690 urbem
932 2629 1032 2705 ingre-

72 2708 146 2770 ditur.
171 2714 290 2774 XLVII.
305 2721 367 2775 tum
382 2715 503 2774 demum
518 2713 624 2775 hostes
639 2713 760 2774 excitati
775 2719 846 2774 sunt
860 2714 919 2774 iam
934 2721 964 2774 et
978 2713 1032 2773 im·

71 2790 115 2853 bre
129 2797 365 2874 conquiescente
380 2805 409 2859 et
424 2798 599 2875 propinqua
612 2798 689 2857 luce.
712 2797 899 2874 praesidium
913 2798 943 2857 in
956 2797 1032 2858 urbe

71 2885 124 2939 erat
138 2879 315 2943 Hannibalis
337 2882 471 2959 quinque
491 2882 574 2944 milia
594 2881 688 2941 ferme
707 2888 900 2956 armatorum,
923 2889 953 2942 el
972 2881 1032 2958 ipsi

71 2961 163 3038 Arpini
183 2967 241 3028 tria
255 2967 337 3028 milia
351 2967 507 3028 hominum
527 2965 692 3026 armabant.
726 2982 782 3027 eos
799 2966 914 3042 primos
929 2965 1032 3039 Poeni,

70 3049 189 3123 nequid
211 3051 251 3112 ab
264 3057 350 3126 tergo
366 3051 481 3112 fraudis
502 3055 601 3123 esset,
623 3049 704 3110 hosti
725 3055 945 3127 opposuerunt.
977 3049 1032 3124 pu-

72 3138 179 3201 gnatum
193 3135 290 3212 primo
312 3135 342 3194 in
358 3133 492 3196 tenebris
511 3133 711 3210 angustisque
724 3135 783 3194 viis
799 3141 856 3195 est.
888 3148 957 3194 cum
971 3132 1032 3191 Ro·

73 3217 140 3278 muni
153 3235 214 3280 uon
225 3220 292 3280 vias
307 3225 422 3282 tantum
437 3220 494 3280 sed
508 3225 588 3296 tecle
601 3218 691 3280 etium
705 3218 846 3294 proxima
860 3222 966 3293 portae
981 3228 1032 3273 oc-

74 3310 237 3380 oupussent,
258 3320 298 3365 ne
312 3304 374 3381 peti
389 3318 524 3379 superne
538 3318 574 3362 ac
587 3303 739 3363 vulnerari
755 3307 897 3378 possent,
919 3296 1031 3373 cogniti

74 3378 138 3444 inter
147 3403 181 3448 se
192 3388 315 3464 quidum
326 3387 496 3464 Arpinique
507 3393 537 3448 et
547 3387 676 3448 Romani
690 3393 781 3462 atque
796 3385 867 3444 inde
878 3381 1031 3457 colloquia

76 3475 169 3544 coepta
188 3471 266 3549 lieri,
289 3471 558 3550 percunctantibus
573 3469 735 3544 Romanis,
757 3467 830 3545 quid
846 3465 903 3529 sibi
919 3467 1031 3528 vellent
