2466 3900
273 218 388 281 LIBER
401 219 495 282 xxv.
518 220 601 282 chr.
617 230 660 284 15.
682 227 766 296 [ec.
781 224 845 290 ars]
1009 221 1052 288 oe

86 371 201 434 eotenus
213 370 347 447 Capuam
363 387 455 447 quam
466 375 569 450 Arpos
586 374 617 434 in
633 381 815 450 potestatem
830 376 963 438 hostium
976 393 1050 438 ven·

85 467 177 519 uuam
209 471 249 516 ne
262 456 423 518 Tarentum
439 456 572 532 quidem,
591 473 653 519 non
667 460 760 520 modo
776 475 887 535 aream,
908 460 982 522 tanti
997 461 1051 522 de·

81 541 146 600 bere
155 555 233 613 esse,
249 539 435 620 utCapuam,
453 542 724 618 quamcarthagini
735 559 870 620 aequore
880 545 921 605 sit
930 545 1049 622 solitus,

80 611 221 686 aasabim
243 624 498 700 indefensamque
511 627 628 703 populo
643 628 783 688 Romano
797 629 907 690 uadat.
935 629 1049 690 Hanni·

78 709 124 770 bal
137 723 225 770 aurae
240 708 378 772 sibilare
392 709 648 787 ramGampanam
659 712 814 788 pollicitus
829 713 860 774 in
874 714 1049 790 praesentia

78 794 132 854 duo
146 793 226 854 milia
240 794 378 870 equitum
391 810 460 856 eum
475 795 583 871 legatis
597 796 692 871 mittit,
708 813 770 873 quo
784 797 941 873 praesidio
956 813 1049 874 agros
1145 841 1149 848 -

78 877 319 954 populationibus
334 886 465 954 possent
476 878 650 955 prohibere.

150 962 299 1024 Romanis
314 963 441 1039 interim,
462 963 543 1024 sieut
555 963 681 1024 aliarum
694 980 805 1040 rerum,
818 967 900 1027 areis
914 968 1049 1028 Tarenti-

78 1060 129 1105 nae
140 1046 358 1124 praesidiique,
382 1047 521 1123 quodibi
538 1048 738 1124 obsideretur,
754 1065 828 1111 eura
841 1059 898 1111 est.
933 1051 966 1111 G.
978 1050 1048 1112 Ser·

77 1129 156 1192 vilius
170 1131 307 1206 legatus,
329 1148 370 1192 ex
389 1133 569 1194 auctoritate
583 1139 704 1209 patrum
723 1150 743 1193 a
757 1133 788 1193 P.
805 1134 944 1196 Cornelio
959 1151 1048 1212 prae·

79 1219 134 1272 tore
145 1214 174 1274 in
187 1215 344 1278 Etruriam
357 1217 398 1276 ad
412 1217 595 1279 frumentum
610 1219 811 1279 coemendum
825 1219 956 1293 missus,
979 1237 1047 1281 eum

83 1297 181 1373 aliquot
198 1302 335 1362 navibus
357 1301 477 1362 onustis
498 1302 528 1362 in
549 1309 671 1378 portum
686 1303 879 1363 Tarentinum
901 1304 979 1364 iuter
992 1305 1048 1366 ho·

82 1382 157 1443 adun
179 1386 343 1448 custodias
367 1386 517 1462 pervenit
556 1388 642 1448 auius
665 1387 815 1460 adventu,
843 1388 896 1463 qui
921 1394 993 1447 ante
1016 1389 1047 1448 in

79 1467 174 1543 exigua
188 1487 248 1547 spe
262 1471 367 1532 vocati
381 1487 477 1547 saepe
498 1472 539 1531 ad
553 1471 762 1532 transitionem
783 1471 822 1532 ab
836 1471 977 1534 hostibus
991 1487 1048 1548 per

78 1553 215 1630 colloquia
237 1563 343 1632 erant,
370 1558 449 1617 uitro
471 1557 512 1618 ad
534 1556 752 1618 transeundum
767 1557 873 1618 hostes
894 1557 1044 1625 vocabant

77 1637 340 1716 sollicitabantque.
373 1649 404 1702 et
423 1646 490 1701 erat
510 1642 586 1702 satis
607 1641 743 1701 validum
762 1642 966 1718 praesidium,
985 1649 1046 1703 tra·
1067 1651 1076 1672 ⁸

77 1721 162 1782 duetis
181 1725 221 1784 ad
243 1739 348 1786 arcera
367 1725 488 1784 Tarenti
508 1726 652 1792 tuendam
691 1728 744 1802 qai
762 1726 930 1803 Metaponti
953 1737 1042 1790 eram

75 1805 214 1870 militibus.
247 1810 354 1884 itaque
368 1809 569 1885 Metapontini
591 1811 760 1885 extemplo,
781 1817 861 1871 metu
877 1827 939 1888 quo
961 1818 1042 1872 tene·

75 1887 172 1950 bantur
180 1892 312 1967 liberati,
328 1893 576 1954 adHannibalem
588 1894 739 1954 deiecere
760 1893 828 1954 Hoo
840 1894 921 1955 idem
936 1896 1045 1955 eadem

76 1989 120 2034 ora
132 1977 221 2037 maris
238 1985 270 2039 et
284 1978 409 2038 Thurini
430 1979 577 2039 iecerunt.
604 1978 699 2040 movit
719 1993 774 2040 eos
792 1995 854 2040 non
868 1978 1045 2040 Tarentino-

75 2073 130 2118 mm
142 2061 238 2137 magis
256 2063 388 2122 deiectio
403 2062 760 2138 Metapontinorumque,
784 2061 895 2138 quibus
909 2061 1044 2122 indidem

75 2144 223 2206 eonhaia
239 2146 362 2208 oriundi
377 2147 467 2207 etiam
479 2147 662 2221 cognatione
675 2147 769 2209 iuneti
783 2153 877 2221 erant,
893 2161 985 2223 quam
1000 2147 1045 2207 ira

74 2225 98 2284 in
116 2228 271 2293 Romanos
294 2238 420 2306 propter
442 2232 569 2292 obsides
590 2246 689 2308 nuper
713 2231 899 2292 interiectos.
939 2245 1044 2293 eorum

75 2311 151 2372 amini
164 2314 350 2390 cognatique
364 2316 479 2376 litteras
495 2332 533 2376 aa
547 2315 670 2376 nuntios
692 2315 731 2374 ad
745 2315 925 2376 Hannonem
939 2314 1044 2389 Mago-

75 2409 201 2475 nemque,
224 2399 324 2475 quiin
340 2400 516 2476 propinquo
530 2399 562 2459 in
575 2399 708 2460 Bruttiis.
718 2406 812 2473 erant,
834 2399 994 2470 miserunt,
1017 2399 1044 2460 si

76 2483 226 2543 exereitum
248 2485 288 2544 ud
303 2485 426 2544 moenia
446 2484 673 2558 admovissent,
694 2499 730 2543 se
743 2484 775 2543 in
791 2491 970 2560 potestatem
992 2499 1044 2544 eoa

75 2577 131 2623 rum
148 2567 254 2628 urbem
269 2569 436 2630 tradituros
457 2584 539 2629 esse.
571 2569 610 2629 M.
626 2569 747 2628 Atinius
761 2567 881 2629 Thuriis
897 2583 964 2629 euni
980 2583 1043 2630 mo-

76 2645 134 2707 dico
153 2653 308 2726 praesidio
330 2661 486 2729 praeerat,
516 2669 608 2728 quem
629 2650 719 2712 facile
740 2651 809 2713 elisi
829 2654 870 2713 ad
891 2659 1044 2714 eertamen

77 2735 177 2795 amere
191 2735 359 2798 ineundum
374 2738 518 2798 rebantur
531 2752 639 2812 posse,
654 2752 717 2797 non
731 2736 867 2812 militum
882 2752 963 2812 quos
974 2753 1044 2814 per-

75 2829 178 2886 paucos
191 2820 334 2898 habebat,
355 2821 478 2896 truria,
502 2838 594 2898 quam
608 2819 770 2882 iuventutis
784 2821 950 2882 Thurinaez
976 2837 1043 2882 earn

76 2911 108 2957 ex
126 2902 274 2966 industria
294 2906 517 2968 centuriaverat
537 2911 768 2981 armaveratque
789 2905 830 2966 ad
848 2907 926 2966 tales
941 2920 1044 2966 casus.

77 2980 170 3048 divisis
184 2991 284 3066 copiis
305 2991 383 3052 inter
396 3006 433 3052 se
448 2991 545 3052 duces
559 2990 655 3050 Poeni
670 3005 739 3052 oum
760 3005 868 3066 agrum
881 2990 1044 3050 Thurinum

77 3064 192 3142 ingressi
203 3083 317 3152 esseut,
332 3075 442 3136 Hanno
455 3090 524 3136 eum
535 3075 670 3151 peditum
681 3073 801 3150 agmine
816 3075 935 3135 infestis
947 3074 1044 3150 signis

77 3147 112 3209 ire
130 3157 168 3216 ad
187 3160 294 3220 urbem
307 3160 421 3237 pergit,
443 3159 535 3236 Mago
557 3175 627 3220 eum
647 3158 781 3235 equitatu
796 3165 894 3220 tectus
914 3157 1043 3218 collibus

79 3245 137 3308 apte
149 3243 187 3303 ad
199 3245 348 3320 tegendas
363 3244 492 3306 insidias
507 3244 660 3321 oppositis
675 3243 823 3304 subsistit.
853 3241 974 3302 hunius
989 3256 1042 3318 pe-

80 3317 159 3385 ditum
168 3335 282 3392 tuntum
297 3329 418 3405 agmine
430 3345 487 3406 per
501 3329 714 3405 exploratores
727 3333 884 3402 aomperto
899 3325 929 3384 in
945 3325 1041 3386 aciem

82 3408 171 3494 rapias
186 3413 296 3486 educit
320 3419 350 3474 et
363 3413 480 3474 fraudis
495 3412 657 3474 intestinae
672 3420 703 3472 et
715 3411 850 3472 hostium
864 3408 1040 3469 insidiarum

82 3498 197 3559 hilarus.
217 3497 362 3574 pedestre
372 3497 524 3574 proelium
536 3497 590 3560 luit
600 3511 761 3573 persegne,
776 3493 885 3571 paneis
900 3492 929 3553 in
946 3492 1040 3567 prima
