2428 3892
182 228 245 297 114
328 231 444 293 riman
457 229 565 292 xxvr.
588 230 671 291 ear.
687 240 731 293 ιι.
745 239 788 293 ιι.
811 230 898 308 [ιιι.
911 234 1011 309 aar]

181 383 249 446 eius
261 383 300 445 ab
310 383 407 444 Reate
414 381 593 456 Cutiliisque
608 387 638 444 et
652 379 691 442 ab
702 379 860 442 Amiterrm
876 379 1008 442 ordume
1031 381 1170 446 oxCem-

182 469 273 545 pania
287 466 319 528 ln
333 466 499 538 &mnium
522 464 595 524 tude
608 463 640 524 iu
652 463 796 539 Palmum
812 465 1007 540 pervenisse,
1031 471 1169 542 muoter-

182 566 243 628 que
266 549 414 626 oppidum
437 547 615 624 Sulmonem
635 548 667 608 in
686 547 878 618 Mmmeium
898 547 1071 620 transimus
1099 550 1172 610 iude

181 634 310 696 Albensi
325 647 401 708 agro
415 631 447 692 in
461 631 600 707 Marses,
622 631 694 704 bina
708 632 899 694 Amiternum
912 632 1114 707 Forulosque
1127 635 1170 692 vi-

182 733 250 778 cum
271 717 407 778 vonisse.
439 730 542 792 neque
562 714 605 784 ibi
625 729 712 777 error
732 720 794 792 est,
817 717 902 792 quod
916 717 991 778 muti
1011 718 1171 780 exercitus

181 800 313 876 vestigia
332 801 412 862 inmo
431 806 493 860 tam
512 799 617 860 brevis
637 799 706 860 aovi
728 800 908 862 memoriam
922 801 1084 877 potuerint
1097 815 1170 862 cou-

181 885 267 947 tundi
282 917 323 930 -
337 884 402 946 isse
416 884 498 944 enirn
513 899 551 945 ea
564 890 686 946 oonsttt
702 917 750 960 -,
772 891 888 946 mutum
903 885 936 945 id
949 885 1095 960 interest,
1118 901 1169 944 ve-

181 970 299 1030 neritne
318 984 356 1030 eo
377 969 485 1029 itinere
505 967 547 1027 ad
565 969 686 1045 urben,
708 983 748 1028 an
769 967 807 1030 ab
828 967 906 1038 urbe
923 968 956 1028 iu
970 967 1170 1044 campaniam

182 1051 314 1113 redierit.

264 1136 329 1197 XII.
357 1136 497 1206 Ceterum
517 1149 579 1196 non
596 1142 742 1211 quantiam
755 1137 902 1198 Romanis
923 1136 1118 1212 pertinaciae
1132 1137 1169 1200 ad

181 1219 382 1297 premendam
398 1219 562 1280 obsidione
577 1219 714 1296 capuam
728 1221 792 1296 luit,
813 1227 929 1281 tantum
943 1220 984 1280 ad
999 1219 1168 1282 detenden-

182 1305 253 1365 dam
263 1304 436 1364 Hannibali.
456 1319 590 1379 numque
604 1319 645 1364 eu
657 1303 783 1366 Lucam
796 1304 826 1364 iu
840 1304 988 1366 Bruttium
1003 1319 1116 1378 agrum
1131 1304 1166 1364 ad

182 1390 289 1450 lretum
304 1403 342 1448 ac
355 1386 486 1464 Regium
500 1402 538 1448 eo
554 1401 648 1448 cursu
662 1388 829 1464 contendit
843 1397 878 1449 ut
892 1387 990 1464 prop'e
1004 1388 1167 1464 repentino

182 1473 318 1533 adventu
337 1471 478 1533 incautos
499 1471 699 1548 oppresserit.
731 1473 837 1549 capua
856 1475 915 1534 etsi
928 1471 1025 1532 nihilo
1040 1471 1166 1546 segnius

182 1555 317 1618 obsesso
330 1571 386 1631 per
400 1570 457 1616 eos
473 1554 540 1616 dies
555 1556 661 1630 lucrm,
683 1562 787 1617 tannen
801 1555 966 1617 adventurn
979 1554 1084 1616 Flacci
1099 1571 1165 1616 sen-

183 1638 231 1714 sit,
247 1645 278 1699 et
288 1639 448 1700 admiratio
461 1645 528 1700 orta
539 1645 587 1700 est
597 1655 659 1700 non
671 1639 762 1701 simul
771 1654 947 1716 regressum
954 1638 1164 1702 Hannibalem.

181 1722 255 1783 inde
266 1737 323 1798 per
337 1723 493 1799 colloquio
505 1722 720 1804 intelleaerunt
729 1724 855 1786 relictos
870 1741 906 1786 se
917 1724 1125 1798 desertosque
1138 1729 1165 1783 et

183 1821 271 1884 spem
286 1806 411 1882 capuae
430 1807 609 1868 retinendae
632 1809 824 1884 deploratum
838 1809 924 1885 apud
937 1809 1061 1869 Poenos
1084 1823 1163 1868 esse.

157 1923 159 1927 ·
182 1891 317 1952 accessit
337 1889 470 1953 edictum
485 1891 682 1969 proconsulis
696 1908 737 1952 ex
750 1898 877 1954 senatus
893 1893 1035 1954 consulto
1051 1905 1163 1968 propo·

182 1975 274 2037 situm
296 1976 516 2052 vulgatumque
536 1975 619 2052 apud
638 1976 761 2051 hostes,
783 1983 817 2038 ut
832 1978 884 2052 qui
899 1977 976 2038 civis
992 1976 1164 2052 Campanus

182 2066 252 2120 anate
266 2067 380 2124 certam
395 2060 476 2120 diem
496 2060 673 2135 transisset,
696 2061 764 2122 sine
777 2062 886 2122 fraude
906 2067 1000 2122 esset.
1032 2075 1091 2121 uec
1105 2060 1164 2120 rullo

184 2145 265 2204 laeta
285 2151 333 2204 est
352 2143 491 2205 transitio
505 2150 588 2205 metu
600 2145 698 2220 magis
719 2160 775 2208 eos
791 2161 883 2220 quam
897 2145 961 2206 lde
981 2144 1163 2216 continente,

183 2229 255 2304 quia
266 2227 606 2289 maioraindelectione
618 2229 908 2304 deliquerautquam
920 2228 1033 2306 quibus
1045 2226 1162 2304 ignosci

181 2317 299 2388 posset
329 2318 463 2373 ceterum
480 2312 766 2386 quemadmodum
787 2328 877 2374 nemo
892 2313 1013 2390 privato
1033 2311 1161 2374 consilio

182 2397 222 2456 ad
236 2395 356 2456 hostem
372 2395 534 2470 transibat,
555 2396 597 2456 itu
611 2395 685 2456 nihil
708 2396 841 2458 salutare
855 2397 885 2457 in
901 2396 1037 2458 medium
1052 2411 1160 2457 consu

180 2478 308 2539 lebatur.
347 2479 490 2540 nobilitas
509 2495 575 2540 rem
595 2479 750 2556 publicam
770 2480 984 2553 deseruerant,
1012 2495 1114 2555 neque
1132 2479 1162 2538 in

182 2569 321 2622 senatum
340 2563 410 2638 oogi
431 2569 587 2637 poterone
614 2564 645 2623 in
666 2563 845 2639 magistratu
868 2572 934 2626 erat
954 2564 1007 2641 qni
1030 2563 1161 2624 nonsibi

181 2644 330 2705 honorem
345 2644 519 2719 adiecisset,
541 2647 599 2708 sed
613 2647 791 2724 indignitate
805 2663 863 2710 sua
876 2647 938 2708 vira
952 2664 990 2708 ac
1004 2648 1054 2708 ius
1069 2646 1161 2721 magt-

182 2727 288 2789 stratui
304 2744 395 2803 quem
410 2729 536 2805 gerebat
549 2731 746 2806 dempsisset.
778 2731 839 2794 iam
853 2747 893 2792 ne
906 2733 937 2792 iu
952 2732 1020 2793 loro
1040 2731 1160 2807 quidem

182 2818 236 2873 aut
245 2813 368 2890 publico
381 2814 450 2876 loco
463 2815 633 2892 principum
650 2815 813 2893 quisquam
827 2816 1005 2893 apparebat,
1023 2813 1160 2876 domibus

180 2895 290 2958 inclusi
304 2898 421 2973 patriae
436 2914 581 2960 occasum
597 2915 665 2959 cum
680 2917 737 2962 suo
759 2901 851 2961 exitio
866 2901 897 2960 in
912 2899 980 2961 dies
1004 2905 1160 2975 exspecta-

179 2979 262 3041 bant.
306 2998 425 3043 summa
445 2999 537 3044 curae
557 2984 656 3045 omnis
677 2985 708 3044 ιιι
728 2983 888 3047 Bostarem
909 2983 1158 3057 Hannonemque,

180 3065 355 3140 praelectus
370 3067 516 3142 praesidii
526 3068 639 3148 Punici,
661 3084 754 3129 versa
768 3075 841 3144 eret,
862 3082 919 3128 suo
935 3081 997 3128 nan
1009 3066 1157 3128 sociorum

180 3150 317 3225 periculo
338 3151 497 3213 sollicitos.
530 3151 551 3212 ii
572 3151 755 3228 conscriptis
776 3153 817 3212 ad
831 3150 1033 3212 Hannibalem
1057 3149 1156 3211 littoris

180 3248 243 3291 non
264 3231 359 3293 libere
379 3235 472 3295 modo
488 3235 546 3295 sed
567 3235 657 3296 etiam
678 3251 799 3311 aspere,
823 3235 935 3310 qmbus
951 3251 1012 3296 non
1030 3235 1155 3311 Capuam

161 3314 280 3390 ¹solam
301 3317 442 3377 auditam
457 3317 500 3400 Ιιιι
521 3333 645 3378 manum
665 3316 822 3392 hostibus,
851 3319 908 3380 sed
934 3334 969 3379 se
990 3320 1148 3395 quoquest

182 3397 369 3471 praesidium
390 3399 420 3458 in
443 3415 550 3461 omnes
565 3401 717 3462 cruciatus
733 3401 873 3477 proditos
887 3401 1077 3463 incusabant
1106 3399 1154 3459 ab·

182 3495 253 3541 esse
266 3495 336 3540 eum
350 3481 381 3542 ln
396 3481 530 3544 Bruttios
546 3484 628 3544 velut
648 3490 834 3545 avertentem
850 3501 936 3559 sese,
960 3501 999 3544 ne
1013 3482 1153 3561 capuain
