2448 3900
200 259 261 326 340
386 261 502 323 LlBElt
516 259 606 321 XXX.
630 259 712 321 CAP.
730 269 772 324 18.
794 266 829 335 [e.
842 265 878 321 U.
894 283 918 318 e.
935 267 999 333 ets]

199 415 330 491 Magone
343 413 448 474 Poeno
465 412 561 488 siguis
576 411 695 472 collatis
710 416 893 488 pugnarunt.
922 409 1086 486 praetoris
1101 411 1189 487 legio

199 515 255 562 nes
270 498 300 558 ln
315 497 414 574 prime
427 497 494 556 ocic
509 497 643 557 luerunts
666 495 824 558 cornelius
839 509 914 555 suns
933 494 964 555 in
979 493 1141 555 subsidiis
1155 504 1189 556 te-

200 582 273 658 nuit,
288 582 358 658 ipsa
373 579 414 640 ad
427 579 527 656 primo
540 577 630 655 siguo
643 594 724 654 equo
739 579 905 648 advectus;
925 593 1055 655 proque
1072 579 1189 640 duobus

198 665 343 727 cornibus
358 669 484 740 praetor
497 678 535 723 cc
549 663 716 739 proconsul
730 661 840 723 milites
854 662 895 722 ed
908 662 1083 722 inserenda
1097 663 1131 722 in
1145 662 1190 723 ho

142 757 144 762 '
199 756 263 810 stes
284 748 373 824 signa
394 763 513 808 summa
527 747 559 808 vi
578 746 785 808 hortabantur.
818 752 988 822 postquam
1008 746 1097 806 nihii
1117 761 1190 806 corn

199 831 381 908 movebant,
402 838 466 893 turn
487 829 665 906 Quinctilius
688 830 844 892 comelic=
866 831 1015 906 „lenticr‚
1038 837 1079 890 ut
1100 831 1189 906 vides,

198 917 233 977 nt
254 931 373 992 pugne,
397 923 427 976 et
440 915 598 976 induratus
613 920 735 991 praeter
749 929 837 990 spem
855 911 1034 974 resistendo
1060 914 1190 975 hostium

198 999 304 1071 timens
320 1015 358 1063 ae
369 1013 408 1059 na
417 1004 516 1060 vertat
530 999 559 1060 in
573 998 734 1060 audaciam
748 997 916 1074 periculum
928 1005 987 1058 est
1011 1005 1190 1074 equestrem

199 1085 367 1161 procellam
386 1082 555 1144 excitemus
576 1089 712 1159 oportet,
734 1082 762 1142 si
775 1081 897 1142 turbere
912 1097 949 1142 ao
964 1081 1056 1143 'stetu
1071 1098 1191 1144 movere

199 1169 351 1230 volumus.
383 1167 488 1243 itaque
502 1167 552 1226 vel
566 1173 598 1228 tu
619 1167 660 1227 ad
675 1166 773 1243 prima
788 1165 876 1240 signa
889 1166 1051 1242 proelium
1068 1167 1189 1239 sustine,

199 1267 258 1327 ego
280 1252 422 1314 inducam
442 1251 473 1310 in
494 1265 630 1327 pugnam
650 1249 789 1325 equites3
816 1251 868 1310 vel
887 1265 946 1325 ego
967 1249 1022 1310 hic
1047 1251 1085 1310 in
1100 1251 1190 1327 prime

199 1337 266 1396 acie
279 1352 343 1396 rem
358 1349 478 1411 geram,
498 1340 531 1395 tu
546 1341 689 1411 quattuor
703 1335 856 1408 legionum
876 1334 998 1408 equites
1020 1335 1057 1394 in
1075 1335 1190 1396 hostem

200 1420 332 1482 enritte“.
359 1426 457 1480 utrem
472 1418 563 1478 vellet
578 1425 702 1495 praetor
716 1417 850 1479 muneris
864 1425 984 1493 partem
999 1421 1190 1494 proconsule
1215 1413 1216 1494 i

199 1503 378 1579 accipiente,
402 1502 580 1578 Quinctilius
594 1509 800 1578 praetoremn
815 1501 888 1576 illio,
910 1501 959 1562 cui
974 1501 1093 1564 Marco
1108 1518 1189 1580 pree
1215 1521 1216 1568 t

199 1602 310 1648 nornen
326 1593 405 1660 eret,
426 1586 557 1663 impigro
572 1586 682 1648 iuvene
696 1587 736 1646 ed
751 1586 869 1661 equites
884 1585 999 1662 pergit,
1019 1587 1188 1662 iussosque
1215 1588 1216 1626 r

200 1669 369 1731 escendere
391 1669 422 1729 in
442 1685 541 1745 equos
555 1676 682 1746 repente
696 1670 726 1729 in
741 1669 861 1731 hostem
878 1669 994 1730 emittit.
1028 1672 1187 1731 tumultum

200 1759 375 1829 equestrem
390 1752 474 1815 auxit
485 1755 601 1815 clamor
614 1753 653 1813 ab
669 1753 839 1828 legionibus
854 1752 987 1814 additus.
1012 1769 1080 1814 nee
1094 1757 1186 1815 stetis·

200 1844 248 1898 set
267 1837 400 1898 hostium
422 1837 522 1913 ecies,
546 1837 576 1897 ni
590 1837 681 1913 Mago
704 1837 744 1897 ed
765 1837 895 1914 primum
915 1837 1060 1914 equitum
1078 1847 1184 1900 motum

200 1928 325 1998 paratos
347 1921 528 1998 elephantos
550 1921 704 1997 externplo
719 1921 749 1980 in
766 1921 914 1998 proelium
928 1921 1123 1983 induxisset
1152 1923 1184 1982 ed
1215 1937 1216 1970 l

200 2021 328 2082 quornm
354 2005 516 2067 stridorem
540 2006 729 2082 odoremque
754 2011 785 2066 et
810 2011 969 2081 aspectum
995 2007 1097 2066 territi
1123 2005 1186 2081 equi

203 2095 311 2151 tanum
327 2095 470 2164 equestre
484 2089 629 2150 auxilium
644 2089 790 2150 iecerunt.
823 2094 853 2149 et
865 2095 907 2163 ut
922 2087 974 2149 ubi
990 2089 1022 2149 in
1038 2105 1109 2151 rem
1123 2107 1185 2167 per·

199 2173 312 2234 missus
326 2173 369 2234 uti
384 2173 530 2249 cuspide,
551 2173 595 2234 uti
613 2172 784 2234 comminus
797 2173 901 2248 gladio
916 2181 1044 2250 posset,
1068 2173 1184 2234 roboris

200 2257 324 2318 maioris
337 2258 495 2318 Romanus
516 2272 614 2331 eques
636 2264 716 2329 erat,
739 2256 780 2316 ita
793 2256 824 2317 in
846 2255 980 2317 ablatum
1001 2257 1185 2333 paventibus

199 2341 307 2417 procul
330 2341 418 2416 equis
433 2341 542 2402 melius
563 2356 602 2400 ex
624 2341 782 2402 intervallo
795 2339 944 2402 Numidae
963 2341 1184 2402 iaculabantur.

199 2424 289 2485 simul
305 2430 334 2484 et
349 2424 487 2502 pediturn
501 2425 581 2500 legio
598 2424 789 2500 duodecima,
803 2441 914 2500 magna
929 2431 1072 2501 exparte
1087 2423 1184 2501 caesa,
1215 2491 1216 2496 ,

200 2509 318 2584 pudore
339 2509 437 2584 magis
460 2524 552 2586 quarn
572 2507 688 2582 viribus
710 2509 835 2570 tenebat
854 2509 969 2580 locum;
993 2525 1054 2570 nec
1073 2511 1183 2572 diutim
1215 2511 1216 2550 3

199 2592 362 2666 tenuisset,
384 2594 416 2652 oi
437 2609 477 2654 ex
491 2591 639 2653 subsidiis
658 2593 748 2653 tertie
767 2592 888 2653 decime
901 2593 983 2670 legio
1005 2593 1038 2653 in
1058 2595 1183 2671 primam
1215 2601 1216 2644 3

199 2675 297 2735 aciem
311 2676 436 2737 inducta
449 2677 599 2753 proelium
614 2675 739 2738 dubium
759 2677 944 2754 excepisset.
975 2677 1137 2756 Megoque
1149 2695 1182 2739 ex
1215 2701 1216 2742 1

199 2758 347 2820 subsidiis
361 2758 465 2822 Gellos
488 2760 624 2836 integrae
645 2760 757 2836 legioni
778 2761 934 2838 opposuit
967 2763 1082 2838 quibus
1106 2763 1182 2824 haud

199 2859 309 2919 magno
323 2845 487 2904 certamine
500 2845 579 2906 lusis
591 2845 847 2921 lrastatilegionis
861 2846 1046 2906 undecimae
1059 2849 1181 2923 conglo-
1215 2887 1216 2910 1

199 2935 272 2989 oant
285 2943 366 3004 sese,
382 2934 475 3004 atque
489 2929 671 3005 elephantos
685 2929 745 2989 iem
760 2929 898 3006 pediturn
912 2930 1011 2990 eciem
1025 2929 1179 2992 turbantes
1215 2930 1216 3022 ζ

199 3012 355 3074 invadunt.
387 3013 419 3072 in
434 3027 514 3088 quos
529 3027 599 3074 curn
612 3013 676 3088 pile
690 3015 846 3075 consertos
861 3013 1078 3088 coniecissent,
1102 3017 1178 3076 nullo

200 3107 294 3157 terme
308 3096 421 3157 trustra
441 3095 556 3157 emisso
579 3112 687 3158 omnes
701 3105 783 3159 retro
798 3097 829 3157 in
844 3098 941 3158 eciem
956 3113 1082 3159 suomun
1097 3115 1178 3160 avu-

198 3188 312 3253 tcrunt;
330 3185 472 3256 quattuor
483 3180 600 3255 grandi
610 3181 788 3244 vulneribus
801 3189 988 3243 corruerunt.
1009 3189 1075 3242 tum
1086 3183 1177 3259 prima

199 3269 351 3323 commota
361 3262 494 3324 hostium
505 3263 598 3339 acies,
614 3263 703 3325 simul
718 3263 859 3327 omnibus
871 3265 1035 3343 equitibus,
1051 3273 1084 3327 ut
1096 3283 1176 3328 aver·

198 3359 253 3405 sos
267 3346 375 3405 videre
396 3346 593 3422 elephantos,
615 3347 655 3406 ed
672 3349 845 3424 augendum
859 3365 1008 3425 pavorem
1022 3366 1060 3410 ae
1073 3354 1175 3420 turnul-

200 3434 263 3485 tum
285 3426 402 3488 effusis.
443 3429 502 3488 sed
521 3429 622 3489 donee
636 3432 719 3491 stetit
739 3438 809 3493 ante
823 3432 912 3508 signa
925 3433 1032 3509 Mago,
1053 3435 1175 3509 gradum

203 3509 315 3566 sensim
329 3511 498 3570 relerentes
520 3511 645 3572 ordines
667 3521 697 3574 et
711 3519 847 3578 tenorem
863 3533 985 3594 pugnae
1000 3516 1175 3589 servabante
