2448 3900
185 255 187 258 -
295 228 411 289 arnan
424 229 516 290 nux.
541 228 624 290 cnr,
639 237 682 292 re.
703 235 742 304 [a.
755 211 786 287 c'.
802 234 865 302 aon]
1007 231 1071 294 aee

169 377 304 440 XXVIII.
336 378 417 439 Inter
436 377 513 439 haec
533 378 623 439 simul
647 394 722 455 spes
744 379 834 440 simul
854 395 929 442 cura
949 381 980 442 in
1002 381 1070 445 dies

81 462 261 533 crescebat;
284 477 342 523 nee
356 460 432 523 setis
447 468 563 524 certum
578 469 720 524 constare
734 465 819 540 apud
835 464 968 526 animum
983 473 1069 542 pote·

82 555 147 623 rat,
166 552 267 609 ulrum
280 546 394 621 gaudio
410 546 535 622 dignum
549 553 634 608 esset
647 547 848 609 Hannibalem
863 555 936 625 post
949 556 1070 611 sextum

82 631 238 692 decimum
253 645 365 691 annum
380 645 420 692 ex
433 630 520 691 ltalia
533 631 733 692 decedentem
748 646 877 693 vacuam
893 634 1069 710 possessio·

83 731 156 776 nem
167 714 234 775 eius
244 714 408 789 reliquisse
419 715 691 791 populoRomano,
702 731 741 776 au
752 715 851 792 magis
863 717 1069 793 metuendum,

84 799 173 874 quod
190 798 334 860 ineolumi
354 799 535 860 exercituin
549 799 686 877 Africam
707 800 894 869 transisset¹
909 802 1011 863 locum
1025 802 1070 863 ni·

84 884 209 956 mirum,
232 897 294 943 non
309 882 478 958 periculum
492 889 655 958 mutatum
677 883 764 944 ouius
778 890 881 945 tenue
902 885 1070 946 dimicatio·

83 967 134 1028 nis
148 974 258 1042 vatem,
275 967 326 1042 qui
340 982 439 1042 nuper
453 968 649 1042 decessisset,
671 966 705 1041 Q.
719 967 847 1030 Fabium
860 967 944 1029 haud
959 969 1068 1031 frustra

86 1063 197 1111 :ancre
217 1050 340 1111 solitum
364 1052 537 1126 graviorem
557 1052 587 1112 in
609 1067 668 1112 sue
686 1057 767 1112 terra
791 1053 924 1113 futurum
949 1052 1068 1115 hostem

81 1133 295 1209 Hannibalem,
311 1151 403 1211 quam
417 1134 448 1196 in
463 1135 562 1196 aliena
576 1135 695 1196 fuisset
718 1151 775 1196 nec
787 1135 924 1212 Scipioni
940 1144 991 1198 aut
1001 1152 1069 1197 oum

83 1217 240 1295 Syphace,
255 1219 431 1280 inconditae
441 1219 601 1281 barbariae
611 1234 694 1295 rege,
709 1219 758 1280 cui
765 1218 915 1282 Statorius
930 1220 1070 1282 semilixa

81 1302 199 1364 ducere
213 1303 365 1365 exercitus
381 1302 489 1365 solitus
504 1303 553 1378 sil,
575 1309 628 1365 eut
641 1319 710 1365 oum
724 1319 836 1365 socero
852 1304 918 1365 eius
933 1304 1070 1366 Hasdru·

84 1386 171 1462 bale,
198 1387 396 1464 fugacissimo
418 1387 511 1461 duce,
537 1403 603 1447 rem
625 1389 770 1462 iuturam,
798 1394 850 1449 aut
869 1389 1069 1450 tumultuariis

82 1470 271 1532 exercitibus
286 1487 326 1532 ex
346 1471 511 1547 agrestium
531 1472 673 1532 semermi
687 1471 776 1532 turba
790 1471 890 1533 subito
913 1472 1069 1547 coniectis

84 1555 143 1615 sed
164 1569 233 1616 cum
247 1555 432 1631 Hannibale,
453 1571 553 1633 prope
566 1563 638 1617 nato
653 1556 684 1616 in
703 1551 859 1631 praetorio
874 1556 987 1632 patris,
1008 1557 1069 1617 lor-

83 1639 194 1700 tissimi
207 1639 304 1714 ducis,
320 1641 391 1701 alito
407 1647 500 1715 atque
513 1641 644 1703 educato
659 1641 739 1700 inter
752 1656 845 1716 mma,
862 1655 958 1716 puero
971 1656 1069 1715 quon·

83 1724 157 1784 dam
164 1723 266 1798 milite,
278 1723 405 1786 vixdum
415 1723 527 1785 iuvene
538 1724 736 1800 imperatore;
751 1724 803 1800 qui
811 1739 909 1784 senex
916 1724 1068 1785 vincendo

84 1809 185 1869 lactus
196 1807 362 1883 Hispanias
373 1807 487 1869 Gallias
497 1808 614 1880 Italiam
628 1808 667 1868 ab
678 1806 811 1884 Alpibus
825 1808 865 1868 ad
881 1808 989 1870 fretum
1004 1817 1069 1870 mo·

83 1891 237 1954 numeratis
252 1891 417 1968 ingentium
431 1908 530 1954 rerum
547 1893 742 1967 complesset
775 1891 888 1952 ducere
903 1893 1068 1955 exercitum

83 1977 245 2052 aequalem
260 1975 421 2052 stipendiis
435 1975 510 2051 sule,
534 1976 673 2038 duratum
688 1975 822 2035 omnium
836 1990 939 2036 rerum
952 1976 1070 2050 patien-

84 2060 137 2133 tia,
154 2075 231 2136 quas
246 2061 299 2120 vix
313 2060 392 2121 fides
407 2060 460 2122 liat
474 2059 614 2122 homines
626 2074 750 2135 passos,
765 2058 924 2135 perfusum
938 2059 1068 2120 milliens

82 2146 363 2220 cruoreRomano‚
386 2143 514 2206 exuvies
534 2160 595 2205 non
618 2143 745 2205 militum
764 2149 879 2203 tantum
900 2143 957 2203 sed
979 2142 1069 2203 etiam

83 2229 302 2305 imperatorum
323 2234 502 2303 portantem.
538 2230 650 2290 mullos
673 2241 858 2288 occursuros
880 2225 1017 2303 Scipioni
1039 2228 1069 2286 in

83 2311 160 2388 acie,
177 2313 229 2388 qui
243 2319 411 2389 praetores,
433 2312 487 2388 qui
501 2312 713 2388 imperatores,
734 2311 785 2388 qui
801 2311 945 2373 consules
956 2312 1068 2372 Roma·

83 2408 144 2457 nos
164 2413 222 2457 sua
241 2413 334 2458 manu
355 2396 557 2469 occidissent,
585 2397 753 2458 muralibus
775 2395 1004 2470 vallaribusque
1022 2395 1068 2456 in·

83 2480 191 2556 signes
213 2481 352 2556 coronis,
381 2487 566 2556 pervagatos
587 2487 678 2556 capte
700 2489 816 2554 cestra,
845 2486 952 2554 captas
973 2477 1068 2540 urbes

82 2567 251 2627 Romanas.
270 2581 333 2625 non
348 2581 420 2628 esse
433 2564 528 2626 bodie
542 2570 586 2626 tot
600 2565 703 2626 lasces
717 2563 945 2639 magistratibus
962 2564 1068 2639 populi

83 2649 229 2722 Romani,
259 2657 334 2724 quot
355 2655 463 2726 captos
490 2665 529 2712 ex
550 2649 646 2710 caede
670 2647 888 2725 imperatorum
912 2648 1068 2723 praeferre

85 2739 195 2808 posset
207 2733 368 2794 Hannibal.
392 2734 448 2796 hes
464 2733 641 2794 formidines
657 2733 801 2808 agitando
817 2730 926 2795 animis
940 2731 1001 2807 ipsi
1016 2745 1068 2793 cu·

83 2824 182 2878 rasel
194 2825 294 2880 metus
309 2818 476 2894 augebant,
498 2819 588 2878 etiam
603 2817 704 2894 quod,
728 2833 796 2879 oum
813 2816 999 2878 adsuessent
1012 2831 1068 2891 per

86 2900 203 2976 aliquot
216 2918 314 2964 annos
326 2901 438 2962 bellum
452 2908 523 2962 ante
534 2901 642 2963 oorrlos
656 2901 725 2962 aliis
736 2907 830 2977 atque
841 2899 910 2961 aliis
921 2899 952 2960 in
963 2900 1068 2960 ltaliae

84 2984 222 3061 partibus
233 2987 315 3046 lente
326 3001 384 3061 spe
396 2985 427 3049 in
438 2985 552 3046 nullum
562 2985 770 3061 propinquum
785 2984 961 3046 debellandi
975 2983 1067 3044 linem

84 3085 201 3144 gerere,
217 3077 377 3130 erexerant
388 3085 521 3132 ommam
531 3069 761 3146 ammosScrpro
773 3067 969 3141 etHannrbal
985 3069 1068 3129 velut

86 3152 125 3213 ad
140 3169 350 3252 supremum
331 3159 483 3214 certamen
499 3155 666 3230 comparati
680 3154 787 3216 duces
809 3153 837 3213 el
850 3167 982 3229 quoque,
1001 3152 1067 3228 qui·

85 3239 144 3298 bus
159 3238 249 3298 eret
241 3253 349 3314 ingens
363 3237 394 3296 in
409 3237 555 3313 Scipione
569 3237 683 3299 fiducia
697 3244 727 3299 et
740 3237 888 3298 victoriae
902 3252 1067 3312 spesque

85 3322 183 3397 magis
204 3321 235 3381 in
256 3321 460 3398 propinquam
473 3337 542 3382 eam
561 3321 757 3384 imminebant
777 3320 902 3395 animis,
924 3337 961 3382 eo
977 3337 1068 3382 curae

86 3411 172 3466 erant
191 3405 370 3470 intentioris.
401 3405 484 3468 haud
501 3405 608 3482 dispar
620 3406 743 3470 babitus
758 3367 927 3470 animorum
943 3404 1066 3467 Cartha

85 3489 275 3565 giniensibus
300 3499 378 3566 erat,
410 3506 490 3566 quos
511 3491 604 3553 modo
626 3490 742 3567 petisse
767 3505 890 3568 paoem,
916 3489 1065 3553 intuentes
