2466 3900
183 214 225 279 aa
337 215 451 276 umen
462 214 568 275 xxiv.
591 211 674 274 ear.
686 221 729 274 rr.
742 221 785 273 m.
809 217 845 285 [ι.
859 215 1006 281 uanam

183 370 290 446 pigros
313 367 451 428 dedisset
470 364 691 448 Syracusanis,
714 379 805 440 quam
826 379 951 424 eaumm
971 369 1023 424 aut
1042 363 1170 424 animos

184 457 347 525 mutasset,
371 450 412 509 lt.
434 450 580 510 Mareelle
601 449 686 510 altori
707 449 867 510 consulum
886 463 954 526 eam
974 446 1169 522 provinciam

184 537 361 597 doeemunt.
390 534 560 594 seeundum
580 533 759 611 llierooymi
785 532 911 592 eaedem
935 532 1034 607 primo
1052 534 1169 592 tumul-

60 609 62 616 ’
91 625 94 634 ’
134 610 138 618 ’
183 625 300 683 tuatum
320 620 351 678 in
365 617 522 680 Leontinis
542 617 750 693 apud-milites
765 618 877 690 iuerat,
898 616 1169 691 veetteraturnque

183 702 326 763 ieroeltor
345 702 566 778 parentandum
581 701 652 776 regi
672 701 822 776 sanguine
837 700 1066 760 aenimatorum
1081 715 1167 760 esse.

184 786 297 847 deinde
321 787 469 848 libertatis
493 785 651 846 restitutae
676 785 766 845 dulee
792 783 897 844 auditu
921 799 1031 845 nonen
1054 783 1167 844 erebro

183 877 379 946 usurpatum,
400 885 475 945 spes
495 871 576 932 taeta
596 869 784 943 err-poeonia
804 869 890 942 regia
903 868 1073 943 largitionis
1087 868 1164 928 mili·

182 954 305 1031 tiaeque
324 955 499 1029 fungendae
519 953 690 1030 potioribus
711 951 859 1026 dntibus,
881 957 912 1011 et
931 953 1026 1013 relata
1039 952 1167 1031 tyranni

184 1040 276 1100 taeda
295 1040 415 1100 seelera
435 1036 653 1114 foedioresque
672 1036 816 1096 libidines
830 1037 909 1096 adae
924 1043 1083 1098 mutavere
1098 1037 1164 1095 ani-

183 1137 265 1197 mes,
287 1129 321 1193 ut
338 1123 526 1198 insepultum
544 1122 647 1182 iaeere
663 1135 780 1198 eorpus
801 1121 895 1196 paule
910 1127 980 1182 ante
994 1120 1165 1181 desiderati

182 1207 265 1282 regis
285 1214 471 1282 paterentur.
506 1221 575 1267 eum
595 1205 688 1266 aeteri
703 1220 742 1264 ex
757 1205 924 1266 eenlmms
939 1205 979 1265 ad
993 1205 1164 1265 exereitum

182 1289 380 1352 ebdnendum
391 1290 623 1364 remansissent,
633 1289 811 1350 'ilreodotus
826 1295 858 1350 et
869 1288 956 1350 Sosis
967 1289 1060 1364 reglis
1073 1290 1163 1364 equis

182 1383 297 1451 vante
312 1375 444 1436 maxirno
457 1388 550 1434 cuma
564 1381 713 1449 peterent,
727 1381 761 1434 ut
773 1374 897 1448 ignaros
911 1373 1047 1434 omnium
1057 1373 1163 1448 regies

85 1451 88 1458 ’
182 1461 399 1534 opprimerent,
415 1457 590 1535 Syracusas
606 1458 803 1519 contendunt.
840 1465 1160 1533 aeterumpraevene

182 1550 229 1601 rat
248 1559 311 1604 nen
331 1543 413 1602 tame
433 1543 549 1617 selum,
571 1558 633 1618 qua
647 1541 722 1601 nibil
736 1542 766 1601 in
781 1541 893 1602 talibus
909 1542 1003 1602 rebus
1019 1549 1067 1602 est
1083 1542 1162 1601 eele-

182 1627 257 1700 rius,
274 1626 331 1686 sed
345 1626 469 1686 nuntius
484 1626 575 1686 etiam
590 1641 630 1686 ex
642 1624 736 1701 regiis
751 1625 860 1686 sorvis.
882 1626 987 1700 ltaque
998 1627 1160 1686 inmane·

182 1710 278 1770 dorus
293 1717 324 1770 et
337 1710 471 1771 Insulam
487 1716 517 1769 et
531 1725 633 1770 areem
648 1718 679 1770 et
692 1711 766 1782 alia,
790 1725 870 1786 quae
884 1716 1005 1786 poterat
1019 1725 1162 1786 quaeque

181 1801 355 1868 opportuna
380 1799 481 1868 erant,
507 1795 671 1868 praesidiis
697 1794 840 1854 firmarat
875 1794 1041 1872 Hexapylo
1061 1793 1160 1855 'l'heo-
1226 1779 1227 1862 Ῑ

183 1877 274 1938 dotus
300 1894 336 1938 ee
362 1876 450 1939 Sosis
476 1886 549 1954 pest
575 1879 651 1939 selis
680 1891 826 1938 eoeneum
850 1879 910 1938 iam
938 1878 1073 1940 obseura
1092 1879 1162 1939 luce

181 1959 293 2022 invecti
314 1978 383 2023 eum
403 1969 559 2024 eruentem
578 1963 694 2036 region
712 1969 831 2023 vestam
850 1970 944 2039 atque
967 1963 1089 2038 insigne
1110 1979 1160 2023 ee-

181 2045 251 2120 pitis
273 2053 479 2121 ostentarent,
505 2046 632 2106 travecti
652 2061 710 2121 per
726 2047 877 2124 heliam,
899 2048 989 2108 simul
1010 2047 1049 2106 ad
1070 2047 1159 2106 liber·

179 2136 270 2192 tatem
296 2131 386 2194 simul
410 2131 451 2190 ad
475 2145 559 2190 armo
585 2136 732 2191 vooantee
757 2131 788 2190 in
815 2130 1021 2191 Achradinam
1047 2145 1159 2190 eonve-

180 2214 248 2273 nlre
266 2215 380 2276 iubent.
412 2213 572 2276 multitude
593 2229 667 2290 pars
683 2216 840 2288 procurrit
859 2215 890 2274 in
914 2216 996 2290 vias,
1029 2231 1103 2292 pars
1130 2215 1158 2274 in

179 2299 340 2372 vestibulis
362 2307 436 2371 stet,
457 2315 530 2375 pars
550 2314 592 2359 eir
610 2299 700 2359 teetis
722 2298 929 2375 fenestrisque
947 2305 1156 2375 prespeatant,

87 2453 90 2462 ³
140 2409 144 2416 -
179 2387 211 2440 et
225 2383 300 2457 quid
313 2383 359 2442 rei
372 2384 413 2444 sit
425 2383 566 2457 rogitant.
590 2383 694 2443 emnia
707 2379 1039 2443 luminibuseellueent
1049 2383 1158 2458 strepi·

179 2473 276 2540 tuque
289 2465 377 2528 varie
392 2467 593 2541 complentur.
626 2466 732 2526 annoti
747 2467 824 2527 loeis
839 2467 1014 2544 patentibus
1030 2481 1157 2542 cengre-
1224 2467 1225 2482 ¹

178 2558 304 2621 gentum
326 2551 459 2609 inermos
474 2565 513 2609 ert
523 2549 656 2627 Olympii
667 2551 749 2610 lovis
763 2553 877 2626 temple
890 2552 990 2627 spolia
1003 2551 1158 2612 Gallorum

177 2631 421 2709 Illyriorumque,
432 2633 521 2694 'done
537 2634 608 2694 data
621 2635 747 2695 Hieroni
761 2651 780 2694 a
795 2637 912 2711 popule
926 2635 1067 2696 Romano
1082 2635 1157 2696 dxe-

179 2731 239 2791 que
249 2717 288 2778 ab
300 2731 347 2792 eo,
363 2717 535 2794 detrabunt,
549 2727 711 2794 preeuntes
724 2719 828 2780 lovem
837 2727 873 2780 ut
882 2720 990 2780 volens
1005 2719 1156 2797 propitius

176 2800 326 2876 praebeat
340 2815 429 2862 saera
443 2817 527 2864 arma
541 2819 599 2879 pre
614 2805 727 2878 patria,
750 2819 807 2878 prp
821 2803 915 2864 deum
929 2803 1084 2879 delubris,
1100 2819 1157 2879 pro
1223 2807 1224 2816 ’

177 2883 315 2966 libertate
329 2900 401 2946 sese
415 2887 611 2948 armantibus.
645 2887 723 2948 haee
738 2903 864 2962 queque
877 2888 1037 2949 multitude
1053 2888 1156 2948 statio·

176 2966 266 3028 nibus
281 2983 338 3044 per
351 2971 508 3046 principes
522 2973 682 3047 regionum
696 2971 782 3032 urbis
797 2972 957 3047 dispositis
973 2972 1155 3050 adiungitur.

177 3051 206 3110 in
218 3051 322 3122 Insula
336 3054 413 3115 inter
428 3062 531 3116 cetera
541 3056 787 3116 Andranoderus
798 3055 962 3131 praesidiis
975 3055 1075 3116 finnat
1085 3055 1154 3118 lter-

141 3207 143 3214 γ
175 3151 229 3195 rea
249 3137 387 3211 publiea:
408 3141 497 3200 loeus
518 3155 596 3202 saxo
613 3140 763 3216 quadrato
779 3146 907 3214 saeptus
922 3147 1015 3215 etque
1030 3139 1111 3199 areis
1125 3140 1154 3200 in
1222 3147 1223 3214 j

175 3220 300 3279 modum
325 3222 476 3283 emunitus
499 3223 618 3298 eapitur
638 3224 676 3282 ab
699 3223 869 3296 iuventute,
895 3239 977 3299 quae
998 3223 1155 3298 praesidio
1222 3225 1223 3248 ¹

174 3301 241 3362 eius
257 3304 315 3364 leei
330 3305 472 3368 attributa
486 3313 560 3380 erat,
575 3305 757 3380 mittuntque
768 3307 893 3367 nunties
905 3307 935 3366 in
947 3305 1153 3366 Achradinam

175 3381 286 3446 horrea
300 3387 546 3462 iumentumque
559 3389 589 3446 in
604 3395 730 3448 senatus
746 3395 899 3461 potestate
913 3403 995 3449 esse.

256 3469 338 3529 XXl'
367 3471 449 3532 Luee
468 3472 724 3548 primapepulus
746 3471 844 3532 omnis
866 3479 1001 3532 armatus
1015 3471 1153 3533 inermis·
1221 3551 1222 3574 Χ
