2466 3900
175 191 220 258 40
325 191 441 254 aman
454 157 568 252 xxm
585 190 668 252 cnr.
682 198 727 254 sc.
743 199 787 254 to.
809 190 896 270 [eu.
909 193 1007 271 aad
1218 208 1219 290 t

177 347 229 408 die
250 344 396 420 dixisset,
418 351 449 405 ct
467 343 566 420 primo
590 343 705 404 sensim
727 357 764 404 ae
777 344 882 418 plures
900 342 1030 404 reddere
1045 345 1158 418 claves,

178 429 250 492 dein
270 429 414 490 iamuna
433 442 511 489 voee
531 427 563 488 id
585 443 692 488 omnes
712 427 866 501 iuberent,
893 427 1110 504 cunctantique
1132 435 1161 489 et

178 513 330 575 differenti
346 513 488 574 ferociter
500 511 724 586 minitarentur,
745 527 802 572 nec
817 511 992 572 viderentur
1005 511 1085 572 ultra
1100 513 1161 572 vim

180 599 313 660 ultimam
329 597 467 672 dilaturi,
488 603 551 657 tum
564 597 738 672 praefectus
753 603 826 672 toga
840 595 977 672 signum,
997 603 1032 657 ut
1046 611 1160 657 conve-

178 689 280 756 nerat,
303 681 403 756 dedit,
425 680 599 755 militesque
618 679 722 740 intenti
738 679 855 741 dudum
875 696 912 740 ac
927 681 1023 755 parati
1042 679 1094 740 alii
1109 697 1160 740 su·

178 782 275 844 perne
288 765 320 826 in
341 781 484 826 aversam
498 765 672 825 contionem
688 765 820 824 clamore
841 764 963 826 sublato
982 766 1159 839 decurrunt,
1219 811 1220 842 ,

178 850 229 912 atii
251 851 291 911 ad
313 849 413 910 exitus
427 849 535 912 theatri
551 847 679 911 eonlerti
701 847 862 910 obsistunt.
894 848 1064 909 caeduntur
1078 849 1161 908 Hen·
1219 855 1220 864 ’

180 949 292 996 nenses
308 949 404 996 cavea
423 933 550 1010 inclusi,
573 939 856 1007 coacervanturque
871 949 933 994 non
948 932 1044 993 caede
1058 933 1160 994 sotum

179 1019 236 1080 sed
250 1018 341 1079 etiam
356 1018 437 1094 fuga,
457 1033 526 1078 cum
540 1017 591 1078 alii
606 1017 840 1094 superationem
856 1018 957 1094 capita
969 1024 1101 1090 merent,
1116 1016 1157 1076 in·

178 1104 272 1179 tegris
287 1103 392 1178 saucii,
415 1101 478 1163 vivi
491 1101 619 1164 mortuis
634 1100 805 1162 incidentes
820 1101 1053 1162 cumularentur.
1088 1101 1160 1162 inde
1220 1157 1221 1164 ,

179 1188 297 1263 passim
319 1186 498 1248 discurritur
517 1193 548 1249 et
567 1186 650 1247 urbis
665 1192 774 1262 captae
787 1185 880 1247 modo
895 1185 1029 1261 fugaque
1044 1191 1075 1246 ct
1090 1201 1158 1246 eae·

179 1273 236 1333 des
252 1273 355 1333 omnia
369 1279 459 1347 tenet,
481 1271 574 1333 nihilo
589 1270 766 1332 remissiore
781 1270 907 1332 militum
919 1270 975 1345 ira,
997 1269 1083 1346 quod
1098 1275 1158 1329 ture

178 1356 248 1418 bam
262 1357 409 1418 inermem
423 1355 603 1430 caedebant,
619 1372 711 1432 quam
725 1354 753 1416 si
767 1354 935 1431 periculum
949 1370 1008 1430 par
1021 1361 1052 1414 et
1065 1353 1159 1414 ardor
1221 1377 1222 1402 t

178 1442 351 1503 certaminis
366 1457 422 1502 eos
437 1441 576 1502 irritaret
608 1440 651 1500 ito
664 1439 772 1500 Henna
785 1446 838 1500 aut
851 1440 931 1500 malo
946 1444 999 1499 aut
1013 1453 1156 1499 necessa-

177 1525 223 1586 rio
239 1526 375 1588 facinore
388 1530 514 1584 retenta.

261 1609 425 1670 Marcellus
445 1623 504 1668 nec
522 1608 634 1671 tactum
654 1607 851 1685 improbavit,
873 1614 903 1668 ct
917 1607 1064 1684 praedam
1079 1594 1157 1668 Hen—

178 1693 318 1754 nensium
329 1691 474 1754 militibus
486 1693 649 1767 concessit,
664 1701 748 1754 ratus
761 1693 870 1754 timore
881 1691 1043 1752 deterritos
1057 1707 1078 1750 a
1088 1706 1157 1767 pro·
1222 1749 1223 1766 ,

177 1776 343 1838 ditionibus
355 1776 578 1852 praesidiorum
589 1775 720 1838 Sictdos.
743 1784 834 1854 atque
849 1792 886 1836 ca
897 1776 1012 1850 clades,
1028 1783 1061 1836 ut
1074 1774 1158 1836 urbis

178 1860 209 1921 in
229 1860 332 1921 media
346 1860 450 1926 Sicilia
473 1862 550 1922 sitae
571 1863 805 1937 elaraequevel
830 1861 869 1921 ob
891 1861 1042 1938 insignem
1063 1859 1159 1920 muni·

177 1953 279 2008 mento
293 1946 421 2008 naturali
431 1946 532 2006 locum
543 1945 644 2006 veleb
657 1953 778 2007 sacrata
792 1946 893 2006 omnia
903 1944 1042 2022 vestigiis
1053 1953 1159 2021 raptae

178 2030 334 2104 quondam
354 2030 575 2106 Proserpinae,
604 2046 703 2106 prope
728 2047 792 2092 uno
811 2030 861 2091 dic
882 2045 1003 2090 omnem
1024 2028 1159 2090 Siciliam

176 2115 323 2190 pervasit
357 2120 387 2176 et
408 2115 481 2190 quia
495 2113 592 2175 caede
607 2113 733 2174 infanda
752 2116 898 2176 rebantur
919 2130 981 2175 non
1000 2113 1158 2174 hominnm
1223 2151 1224 2172 t

176 2205 292 2259 tantum
306 2199 363 2260 sed
378 2200 468 2260 etiam
483 2200 611 2260 deorum
625 2199 732 2260 sedem
747 2199 889 2260 violatam
904 2214 984 2276 esse,
1006 2204 1070 2259 tum
1084 2213 1158 2258 vero

176 2283 229 2358 qui
245 2283 336 2345 etiam
349 2290 421 2343 ante
436 2283 520 2344 dubii
535 2285 655 2345 fuerant
669 2284 811 2344 defecere
826 2282 866 2344 ad
882 2282 1012 2346 Poenos.
1042 2281 1158 2359 Hippo·

178 2375 277 2430 crates
293 2367 365 2428 inde
375 2368 586 2443 Murgantiam,
600 2368 730 2429 Himilco
741 2367 940 2444 Agrigentum
951 2382 1022 2428 sese
1033 2367 1160 2443 reecpit,

176 2467 245 2512 cum
266 2452 354 2512 acciti
370 2468 389 2512 a
403 2451 612 2529 proditoribus
627 2453 814 2528 nequiquam
830 2453 869 2512 ad
883 2451 1021 2512 Hennam
1042 2451 1160 2514 exerci-

175 2543 239 2595 tum
254 2536 474 2597 admovissent
494 2536 657 2598 Marcellus
672 2543 753 2620 retro
768 2536 798 2596 in
809 2537 975 2598 Leontinos
987 2536 1083 2608 redit;
1100 2537 1160 2596 tru-

175 2625 341 2695 mentoque
356 2627 387 2680 et
401 2620 620 2682 commeatibus
636 2621 705 2682 aliis
719 2621 749 2682 in
765 2628 866 2682 castm
881 2619 1048 2693 convectis,
1071 2635 1159 2695 prae-

177 2702 258 2764 sidio
272 2703 396 2764 modico
413 2703 453 2764 ibi
467 2705 590 2780 relicte,
613 2705 654 2766 ad
668 2704 842 2784 Syracusas
859 2703 1048 2766 obsidendas
1066 2703 1161 2764 venit

175 2787 376 2864 inde'Appio
402 2787 529 2850 claudio
552 2790 683 2850 Romam
710 2791 751 2850 ad
777 2791 968 2852 consulatum
992 2787 1160 2864 petendum

175 2871 311 2934 missoT.
321 2871 671 2950 Quinctiumcrispinum
686 2875 717 2935 in
732 2875 798 2936 eins
814 2875 914 2934 locum
929 2872 1022 2942 classi
1035 2874 1160 2934 castris-

177 2972 238 3033 que
259 2957 399 3032 praefieit
418 2959 590 3020 veteribusc
613 2959 681 3035 ipse
702 2957 900 3020 hibemecula
922 2957 1058 3036 quinque
1078 2957 1160 3017 milio

175 3055 326 3117 passuum
345 3043 508 3120 Hexapylo
530 3043 703 3104 -Leonta
716 3043 943 3105 vocantiocum
961 3073 1005 3086 -·
1024 3059 1161 3104 commu·

175 3125 229 3198 piit
250 3125 496 3202 aedificavitque.
534 3127 613 3188 haec
627 3127 657 3188 in
674 3127 778 3190 Sicilia
798 3143 900 3203 usque
921 3126 961 3188 ad
976 3125 1161 3203 principium

170 3207 284 3278 ‚hiemis
299 3219 396 3286 gesta

258 3294 320 3366 XL.
347 3295 463 3356 Eadem
477 3302 595 3357 aestate
609 3302 720 3357 etcum
733 3294 874 3372 Philippo
889 3311 978 3371 rege,
1000 3283 1086 3370 quoii
1101 3294 1162 3356 iam

174 3385 246 3438 ante
260 3387 440 3456 suspectum
454 3379 563 3454 fuerat,
578 3386 692 3441 motam
705 3378 819 3440 bellum
834 3386 890 3442 est.
911 3378 1000 3455 legati
1015 3378 1056 3440 ab
1069 3377 1160 3440 Orico

174 3462 215 3522 ad
228 3460 269 3524 tl.
284 3463 442 3524 Valerium
456 3469 630 3539 praetorem
644 3469 802 3537 venerunt,
826 3463 1052 3539 praesidentem
1067 3461 1161 3524 classi
