2448 3900
229 193 346 254 LIBER
359 194 462 256 XXIX.
488 195 570 255 che.
586 203 629 257 31.
645 205 688 259 32.
712 204 748 270 [a.
762 203 794 256 0.
807 203 870 270 204]
974 197 1035 260 313

54 347 134 408 Gala
154 362 215 406 non
233 344 335 404 verbis
352 346 443 406 modo
459 345 662 421 disceptatum
677 347 734 407 scd
755 347 845 408 etiam
865 349 956 408 armis
971 365 1036 410 ccr-

53 439 153 492 tatum
167 430 274 504 iuerat,
293 436 448 504 tamquam
461 428 544 489 haud
560 429 643 491 dubii
658 431 731 490 iuris
747 431 804 504 sui,
827 438 927 492 castra
941 434 1037 493 locetr

54 516 83 576 si
100 515 170 591 quis
191 519 309 586 arceat,
331 520 365 573 ut
379 513 463 589 quod
477 513 609 574 maxime
631 529 710 590 opus
727 516 778 590 sit,
801 517 866 575 acie
881 517 1033 578 dimicatu-

53 616 142 670 rum;
165 597 213 658 sin
233 612 290 675 per
310 604 422 658 metum
443 613 516 672 agro
539 599 678 674 cedatur,
706 599 736 658 in
757 600 891 660 medium
910 616 1037 676 regnum

54 683 202 744 eundum.
230 688 282 741 aut
293 681 360 741 sine
371 681 535 742 certamine
547 697 752 744 concessuros
764 684 793 744 in
807 683 959 744 dicionem
971 685 1038 746 eius

54 767 236 841 Maesulios,
251 771 303 825 aut
316 782 511 841 nequaquam
526 782 617 842 pares
632 768 751 828 futuros
767 768 868 828 armis.
891 768 939 829 his
953 769 1036 830 voci·

54 851 116 910 bus
137 851 278 910 incitatus
294 849 424 926 Syphax
437 850 622 910 Masinissae
635 849 749 912 bellum
769 852 873 926 inient,
895 859 925 913 et
938 854 1039 929 primo

55 935 222 996 certamine
232 933 400 994 Maesulios
416 934 513 994 fundit
526 935 679 1011 fugatque.
701 935 866 997 Masinissa
881 951 951 996 eum
963 953 1037 1013 pau·

9 1071 12 1080 .
55 1020 103 1079 cis
127 1018 280 1094 equitibus
302 1033 341 1078 ex
362 1018 428 1077 acie
448 1017 478 1076 in
500 1026 633 1079 montem
653 1019 826 1080 —Bellum
847 1021 967 1080 incolae
983 1037 1036 1081 vo·

54 1111 129 1164 cunt
140 1133 184 1146 -—
197 1103 337 1178 periugit.
371 1102 503 1162 familiae
517 1103 633 1179 aliquot
646 1119 715 1164 cum
735 1103 928 1180 mappalibus
944 1119 1022 1180 peoo
1032 1127 1040 1142 f

53 1187 206 1265 ribusque
228 1187 293 1247 suis
317 1219 361 1232 -
381 1201 419 1246 ea
433 1187 565 1262 pecunia
585 1187 645 1248 illis
660 1195 709 1248 est
726 1219 768 1232 --
793 1189 946 1264 persecuti
968 1195 1038 1249 sunt

54 1288 177 1348 regem3
194 1278 296 1332 cetera
306 1270 522 1333 Maesuliorum
537 1272 694 1333 multitudo
703 1272 740 1331 in
753 1271 904 1334 dicionem
916 1273 1036 1350 Sypha·

54 1357 103 1417 cis
120 1356 283 1417 concessit.
320 1371 410 1430 quem
426 1362 570 1431 ceperant
584 1357 709 1418 exsules
725 1363 866 1433 montem,
890 1357 1038 1436 herbidus

54 1455 261 1516 aquosusque
275 1446 338 1509 est;
359 1446 389 1499 et
404 1439 476 1515 quia
490 1441 596 1514 pecori
612 1440 712 1502 bonus
727 1442 837 1501 alendo
852 1449 925 1516 erat,
940 1441 1036 1501 homi-

53 1542 130 1585 num
144 1540 267 1602 quoque
279 1540 371 1584 carne
386 1540 423 1584 ac
437 1526 515 1584 lacte
526 1525 715 1585 vescentium
729 1525 852 1585 abunde
867 1525 1037 1586 sufficiebat

54 1609 218 1670 alimentis.
244 1609 316 1669 inde
330 1610 487 1669 nocturnis
504 1609 600 1685 primo
615 1625 653 1670 ac
667 1609 786 1670 furtivis
800 1609 1035 1683 incursionibus,

54 1693 171 1754 deinde
181 1699 287 1769 aperto
298 1693 456 1753 latrocinio
468 1693 579 1754 infesta
593 1694 695 1776 omnia
707 1693 788 1754 circa
800 1710 887 1755 esser
905 1695 1038 1756 maxime

53 1777 103 1837 uri
119 1776 377 1852 Carthaginiensis
392 1791 473 1852 ager,
489 1779 561 1853 quia
575 1785 606 1838 ct
619 1779 689 1854 plus
704 1779 839 1855 praedae
855 1777 945 1853 quam
959 1778 1037 1838 inter

52 1860 202 1922 limpidas
217 1867 247 1921 et
261 1861 451 1922 latrocinium
465 1863 559 1922 tutius
574 1869 647 1922 erat.
680 1862 803 1938 iamque
816 1864 895 1923 adeo
911 1863 1039 1923 licenter

55 1946 236 2021 eludebant,
257 1950 291 2007 ut
310 1944 352 2005 ad
366 1961 450 2006 mare
465 1947 596 2006 delatam
611 1947 758 2021 praedam
778 1946 946 2006 venderent
959 1962 1036 2005 mer-

55 2029 212 2089 catoribus
237 2030 461 2105 appellentibus
484 2046 581 2090 naves
607 2031 647 2090 ad
667 2029 699 2090 id
723 2030 841 2105 ipsum,
869 2031 1038 2105 pluresque

55 2131 151 2190 quam
164 2112 245 2174 iusto
258 2129 353 2189 saepe
367 2113 397 2172 in
411 2113 493 2173 bello
509 2113 774 2188 Carthaginienses
789 2114 935 2174 caderent
945 2129 1036 2188 cape-

52 2207 231 2272 renturquc.
253 2198 456 2273 deplorabant
469 2213 507 2258 ea
521 2197 607 2274 apud
618 2197 794 2276 Syphacem
809 2197 1035 2272 Carthaginien·

53 2299 117 2355 scs,
131 2282 353 2357 incensumque
364 2287 394 2340 et
405 2282 507 2357 ipsum
518 2283 558 2342 ad
569 2281 714 2358 reliquias
722 2282 794 2342 belli
802 2281 1037 2358 persequendas

52 2365 250 2442 instigabant.
273 2367 331 2426 sed
346 2365 398 2424 vix
411 2366 528 2441 regium
541 2365 703 2431 videbatur
716 2367 865 2433 latronem
878 2381 991 2442 vagum
1006 2365 1036 2424 in

52 2450 209 2512 montibus
225 2449 411 2512 consectari:
443 2450 561 2510 XXXII.
580 2451 682 2511 Bucar
701 2467 741 2511 ex
755 2449 918 2526 praelectis
932 2449 1035 2525 regiis,

51 2536 102 2596 vir
116 2551 189 2595 acer
202 2540 232 2594 at
247 2534 385 2610 impiger,
406 2534 447 2594 ad
461 2535 493 2595 id
507 2535 653 2607 delectus,
669 2539 700 2595 et
713 2534 785 2594 data
800 2542 942 2610 quattuor
955 2534 1036 2594 milia

52 2620 208 2697 peditum,
231 2618 292 2680 duo
309 2619 459 2695 equitum3
481 2619 748 2694 praemiorumque
761 2619 875 2694 ingenti
890 2633 948 2694 spe
963 2634 1031 2679 one-

50 2710 149 2775 ratus,
165 2703 192 2762 si
207 2703 486 2778 caputMasinissac
500 2703 667 2764 rettulisset
681 2711 733 2763 unt
745 2703 847 2764 vivum
859 2703 945 2763 -id
961 2718 1037 2763 vero

62 2787 435 2862 naestimabilegaudium
450 2787 516 2848 iore
529 2819 572 2832 ·-
593 2787 741 2863 cepisset,
764 2790 884 2863 palatos
904 2787 1036 2848 incurio-

51 2887 154 2947 seque
168 2878 294 2947 agentes
310 2870 478 2948 improviso
491 2873 635 2946 adortus,
657 2885 804 2947 pecorum
818 2871 1037 2948 hominumque

50 2957 169 3030 ingenti
183 2955 374 3015 multitudine
388 2971 408 3014 a
421 2957 577 3031 praesidio
593 2962 777 3017 amnatorum
792 2957 926 3030 exclusa,
943 2955 1035 3016 Masi·

50 3040 172 3100 nissam
193 3039 295 3114 ipsum
318 3057 385 3100 cum
405 3041 512 3116 paucis
535 3041 565 3100 in
580 3041 725 3114 verticem
739 3042 852 3101 montis
872 3039 1036 3114 compellit.

50 3124 127 3184 inde
141 3125 315 3200 propalam
330 3131 371 3184 ut
381 3124 549 3197 debellato,
571 3140 629 3184 nec
643 3124 760 3200 praeda
774 3125 867 3184 modo
890 3137 1035 3198 pecorum

49 3207 273 3284 hominumque
294 3215 453 3284 captorum
472 3209 569 3268 missa
590 3209 630 3268 ad
649 3223 769 3284 regem,
792 3207 849 3266 sed
869 3205 1036 3290 capitam

50 3293 211 3367 aliquanto
234 3292 401 3353 maioribus
424 3308 515 3366 quam
535 3307 592 3366 pro
613 3291 752 3367 reliquiis
772 3289 859 3364 belli,
887 3289 1036 3364 remissis,

51 3393 123 3437 cum
143 3377 226 3436 mille
239 3375 324 3437 haud
344 3376 473 3452 amplius
489 3374 644 3451 peditibus
660 3374 861 3450 ducentisque
881 3371 1036 3448 equitibus

51 3461 235 3535 degressum
249 3459 530 3536 iugisMasinissam
543 3466 735 3536 persecutus,
751 3457 781 3518 in
796 3458 877 3518 valle
892 3467 957 3518 arta
971 3457 1036 3518 lau·
