<?xml version="1.0" encoding="UTF-8"?>
<!DOCTYPE html PUBLIC "-//W3C//DTD XHTML 1.0 Transitional//EN"
    "http://www.w3.org/TR/xhtml1/DTD/xhtml1-transitional.dtd">
<html xmlns="http://www.w3.org/1999/xhtml" xml:lang="en" lang="en">
 <head>
  <title>
</title>
<meta http-equiv="Content-Type" content="text/html;charset=utf-8" />
  <meta name='ocr-system' content='tesseract 3.04.00' />
  <meta name='ocr-capabilities' content='ocr_page ocr_carea ocr_par ocr_line ocrx_word'/>
</head>
<body>
  <div class='ocr_page' id='page_1' title='image "./titiliviaburbec09livygoog_0285.png"; bbox 0 0 2434 3902; ppageno 0'>
   <div class='ocr_carea' id='block_1_1' title="bbox 194 219 1025 297">
    <p class='ocr_par' dir='ltr' id='par_1_1' title="bbox 194 219 1025 297">
     <span class='ocr_line' id='line_1_1' title="bbox 194 219 1025 297; baseline -0.013 -11"><span class='ocrx_word' id='word_1_1' title='bbox 194 221 266 286; x_wconf 74' lang='lat'><strong>260·</strong></span> <span class='ocrx_word' id='word_1_2' title='bbox 326 219 442 282; x_wconf 83' lang='lat' dir='ltr'>LIBER</span> <span class='ocrx_word' id='word_1_3' title='bbox 451 219 585 280; x_wconf 83' lang='lat' dir='ltr'>XXVIII.</span> <span class='ocrx_word' id='word_1_4' title='bbox 609 219 693 280; x_wconf 81' lang='lat' dir='ltr'><strong>CAP.</strong></span> <span class='ocrx_word' id='word_1_5' title='bbox 704 226 749 284; x_wconf 74' lang='grc'><strong>34.</strong></span> <span class='ocrx_word' id='word_1_6' title='bbox 760 227 804 282; x_wconf 74' lang='lat'><strong>35·</strong></span> <span class='ocrx_word' id='word_1_7' title='bbox 829 219 865 297; x_wconf 85' lang='lat' dir='ltr'><strong>[a.</strong></span> <span class='ocrx_word' id='word_1_8' title='bbox 877 223 913 277; x_wconf 89' lang='lat' dir='ltr'><strong>U.</strong></span> <span class='ocrx_word' id='word_1_9' title='bbox 924 239 948 277; x_wconf 84' lang='lat' dir='ltr'><strong>e.</strong></span> <span class='ocrx_word' id='word_1_10' title='bbox 961 220 1025 290; x_wconf 72' lang='lat'><strong>546]</strong></span> 
     </span>
    </p>
   </div>
   <div class='ocr_carea' id='block_1_2' title="bbox 160 371 1180 3566">
    <p class='ocr_par' dir='ltr' id='par_1_2' title="bbox 160 371 1180 3566">
     <span class='ocr_line' id='line_1_2' title="bbox 195 371 1175 448; baseline -0.008 -10"><span class='ocrx_word' id='word_1_11' title='bbox 195 375 252 438; x_wconf 85' lang='lat' dir='ltr'><strong>sibi</strong></span> <span class='ocrx_word' id='word_1_12' title='bbox 275 373 372 435; x_wconf 82' lang='lat' dir='ltr'><strong>tuisse</strong></span> <span class='ocrx_word' id='word_1_13' title='bbox 386 371 523 435; x_wconf 90' lang='lat' dir='ltr'><strong>nondum</strong></span> <span class='ocrx_word' id='word_1_14' title='bbox 544 377 672 448; x_wconf 90' lang='lat' dir='ltr'><strong>experta</strong></span> <span class='ocrx_word' id='word_1_15' title='bbox 688 371 849 433; x_wconf 88' lang='lat' dir='ltr'><strong>clementia</strong></span> <span class='ocrx_word' id='word_1_16' title='bbox 862 371 945 432; x_wconf 76' lang='lat' dir='ltr'><strong>eius:</strong></span> <span class='ocrx_word' id='word_1_17' title='bbox 972 385 1057 431; x_wconf 91' lang='lat' dir='ltr'><strong>nunc</strong></span> <span class='ocrx_word' id='word_1_18' title='bbox 1072 377 1175 431; x_wconf 89' lang='lat' dir='ltr'><strong>contra</strong></span> 
     </span>
     <span class='ocr_line' id='line_1_3' title="bbox 194 453 1174 531; baseline -0.006 -11"><span class='ocrx_word' id='word_1_19' title='bbox 194 459 307 521; x_wconf 79' lang='lat' dir='ltr'><strong>nuliam</strong></span> <span class='ocrx_word' id='word_1_20' title='bbox 327 457 358 518; x_wconf 90' lang='lat' dir='ltr'><strong>in</strong></span> <span class='ocrx_word' id='word_1_21' title='bbox 379 473 488 531; x_wconf 90' lang='lat' dir='ltr'><strong>causa,</strong></span> <span class='ocrx_word' id='word_1_22' title='bbox 515 471 633 516; x_wconf 89' lang='lat' dir='ltr'><strong>omnem</strong></span> <span class='ocrx_word' id='word_1_23' title='bbox 655 455 684 516; x_wconf 93' lang='lat' dir='ltr'><strong>in</strong></span> <span class='ocrx_word' id='word_1_24' title='bbox 706 455 919 517; x_wconf 81' lang='lat' dir='ltr'><strong>misericordia</strong></span> <span class='ocrx_word' id='word_1_25' title='bbox 938 453 1068 516; x_wconf 89' lang='lat' dir='ltr'><strong>victoris</strong></span> <span class='ocrx_word' id='word_1_26' title='bbox 1092 470 1174 530; x_wconf 90' lang='lat' dir='ltr'><strong>spem</strong></span> 
     </span>
     <span class='ocr_line' id='line_1_4' title="bbox 193 539 1175 620; baseline -0.006 -15"><span class='ocrx_word' id='word_1_27' title='bbox 193 543 327 620; x_wconf 89' lang='lat' dir='ltr'><strong>positam</strong></span> <span class='ocrx_word' id='word_1_28' title='bbox 347 541 472 600; x_wconf 88' lang='lat' dir='ltr'><strong>habere.</strong></span> <span class='ocrx_word' id='word_1_29' title='bbox 503 555 571 601; x_wconf 92' lang='lat' dir='ltr'><strong>mos</strong></span> <span class='ocrx_word' id='word_1_30' title='bbox 595 545 734 602; x_wconf 90' lang='lat' dir='ltr'><strong>vetustos</strong></span> <span class='ocrx_word' id='word_1_31' title='bbox 756 546 821 601; x_wconf 91' lang='lat' dir='ltr'><strong>erat</strong></span> <span class='ocrx_word' id='word_1_32' title='bbox 839 539 1003 616; x_wconf 82' lang='lat' dir='ltr'><strong>Romanis,</strong></span> <span class='ocrx_word' id='word_1_33' title='bbox 1025 553 1102 599; x_wconf 89' lang='lat' dir='ltr'><strong>cum</strong></span> <span class='ocrx_word' id='word_1_34' title='bbox 1120 555 1175 615; x_wconf 88' lang='lat' dir='ltr'><strong>quo</strong></span> 
     </span>
     <span class='ocr_line' id='line_1_5' title="bbox 194 622 1176 701; baseline -0.006 -13"><span class='ocrx_word' id='word_1_35' title='bbox 194 643 252 688; x_wconf 89' lang='lat' dir='ltr'><strong>nec</strong></span> <span class='ocrx_word' id='word_1_36' title='bbox 271 625 398 688; x_wconf 84' lang='lat' dir='ltr'><strong>foedere</strong></span> <span class='ocrx_word' id='word_1_37' title='bbox 411 639 470 685; x_wconf 90' lang='lat' dir='ltr'><strong>nee</strong></span> <span class='ocrx_word' id='word_1_38' title='bbox 489 623 598 701; x_wconf 79' lang='lat' dir='ltr'><strong>aequis</strong></span> <span class='ocrx_word' id='word_1_39' title='bbox 620 624 739 700; x_wconf 79' lang='lat' dir='ltr'><strong>tegibus</strong></span> <span class='ocrx_word' id='word_1_40' title='bbox 754 623 932 700; x_wconf 86' lang='lat' dir='ltr'><strong>iungeretur</strong></span> <span class='ocrx_word' id='word_1_41' title='bbox 945 622 1101 698; x_wconf 85' lang='lat' dir='ltr'><strong>amicitia,</strong></span> <span class='ocrx_word' id='word_1_42' title='bbox 1122 639 1176 684; x_wconf 91' lang='lat' dir='ltr'><strong>non</strong></span> 
     </span>
     <span class='ocr_line' id='line_1_6' title="bbox 194 707 1177 787; baseline -0.005 -17"><span class='ocrx_word' id='word_1_43' title='bbox 194 710 279 787; x_wconf 89' lang='lat' dir='ltr'><strong>prius</strong></span> <span class='ocrx_word' id='word_1_44' title='bbox 295 708 423 784; x_wconf 87' lang='lat' dir='ltr'><strong>imperio</strong></span> <span class='ocrx_word' id='word_1_45' title='bbox 438 709 468 768; x_wconf 92' lang='lat' dir='ltr'><strong>in</strong></span> <span class='ocrx_word' id='word_1_46' title='bbox 483 723 552 770; x_wconf 91' lang='lat' dir='ltr'><strong>eum</strong></span> <span class='ocrx_word' id='word_1_47' title='bbox 567 715 721 784; x_wconf 88' lang='lat' dir='ltr'><strong>tamquam</strong></span> <span class='ocrx_word' id='word_1_48' title='bbox 736 715 877 784; x_wconf 89' lang='lat' dir='ltr'><strong>pacatum</strong></span> <span class='ocrx_word' id='word_1_49' title='bbox 890 707 948 784; x_wconf 89' lang='lat' dir='ltr'><strong>uti,</strong></span> <span class='ocrx_word' id='word_1_50' title='bbox 965 723 1064 784; x_wconf 87' lang='lat' dir='ltr'><strong>quam</strong></span> <span class='ocrx_word' id='word_1_51' title='bbox 1080 707 1177 768; x_wconf 88' lang='lat' dir='ltr'><strong>omnia</strong></span> 
     </span>
     <span class='ocr_line' id='line_1_7' title="bbox 195 791 1177 869; baseline -0.002 -15"><span class='ocrx_word' id='word_1_52' title='bbox 195 795 298 854; x_wconf 86' lang='lat' dir='ltr'><strong>divina</strong></span> <span class='ocrx_word' id='word_1_53' title='bbox 311 793 506 869; x_wconf 87' lang='lat' dir='ltr'><strong>humanaque</strong></span> <span class='ocrx_word' id='word_1_54' title='bbox 521 792 706 866; x_wconf 78' lang='lat' dir='ltr'><strong>dedidisset,</strong></span> <span class='ocrx_word' id='word_1_55' title='bbox 725 792 853 854; x_wconf 89' lang='lat' dir='ltr'><strong>obsides</strong></span> <span class='ocrx_word' id='word_1_56' title='bbox 868 791 1002 869; x_wconf 88' lang='lat' dir='ltr'><strong>accepti,</strong></span> <span class='ocrx_word' id='word_1_57' title='bbox 1025 807 1118 852; x_wconf 87' lang='lat' dir='ltr'><strong>arma</strong></span> <span class='ocrx_word' id='word_1_58' title='bbox 1132 792 1177 852; x_wconf 90' lang='lat' dir='ltr'><strong>ad·</strong></span> 
     </span>
     <span class='ocr_line' id='line_1_8' title="bbox 195 876 1177 954; baseline -0.003 -16"><span class='ocrx_word' id='word_1_59' title='bbox 195 885 311 954; x_wconf 89' lang='lat' dir='ltr'><strong>empta,</strong></span> <span class='ocrx_word' id='word_1_60' title='bbox 334 877 489 953; x_wconf 87' lang='lat' dir='ltr'><strong>praesidia</strong></span> <span class='ocrx_word' id='word_1_61' title='bbox 508 876 637 939; x_wconf 84' lang='lat' dir='ltr'><strong>urbibus</strong></span> <span class='ocrx_word' id='word_1_62' title='bbox 650 876 796 952; x_wconf 88' lang='lat' dir='ltr'><strong>imposita</strong></span> <span class='ocrx_word' id='word_1_63' title='bbox 809 878 918 938; x_wconf 81' lang='lat' dir='ltr'><strong>forent.</strong></span> <span class='ocrx_word' id='word_1_64' title='bbox 948 876 1057 952; x_wconf 83' lang='lat' dir='ltr'><strong>Scipio</strong></span> <span class='ocrx_word' id='word_1_65' title='bbox 1081 876 1177 937; x_wconf 89' lang='lat' dir='ltr'><strong>multis</strong></span> 
     </span>
     <span class='ocr_line' id='line_1_9' title="bbox 194 959 1178 1038; baseline -0.003 -16"><span class='ocrx_word' id='word_1_66' title='bbox 194 962 335 1024; x_wconf 90' lang='lat' dir='ltr'><strong>invectus</strong></span> <span class='ocrx_word' id='word_1_67' title='bbox 348 961 379 1022; x_wconf 91' lang='lat' dir='ltr'><strong>in</strong></span> <span class='ocrx_word' id='word_1_68' title='bbox 393 965 587 1038; x_wconf 76' lang='lat' dir='ltr'><strong>praesentem</strong></span> <span class='ocrx_word' id='word_1_69' title='bbox 601 959 800 1023; x_wconf 91' lang='lat' dir='ltr'><strong>Mandonium</strong></span> <span class='ocrx_word' id='word_1_70' title='bbox 817 961 1041 1038; x_wconf 79' lang='lat' dir='ltr'><strong>absentemque</strong></span> <span class='ocrx_word' id='word_1_71' title='bbox 1059 959 1178 1020; x_wconf 90' lang='lat' dir='ltr'><strong>Indebi-</strong></span> 
     </span>
     <span class='ocr_line' id='line_1_10' title="bbox 195 1045 1178 1122; baseline -0.003 -16"><span class='ocrx_word' id='word_1_72' title='bbox 195 1048 254 1107; x_wconf 88' lang='lat' dir='ltr'><strong>tem</strong></span> <span class='ocrx_word' id='word_1_73' title='bbox 274 1045 394 1122; x_wconf 88' lang='lat' dir='ltr'><strong>verbis,</strong></span> <span class='ocrx_word' id='word_1_74' title='bbox 419 1047 488 1107; x_wconf 84' lang='lat' dir='ltr'><strong>ilios</strong></span> <span class='ocrx_word' id='word_1_75' title='bbox 510 1045 635 1122; x_wconf 88' lang='lat' dir='ltr'><strong>quidem</strong></span> <span class='ocrx_word' id='word_1_76' title='bbox 654 1046 761 1107; x_wconf 89' lang='lat' dir='ltr'><strong>merito</strong></span> <span class='ocrx_word' id='word_1_77' title='bbox 782 1045 904 1122; x_wconf 88' lang='lat' dir='ltr'><strong>perisse</strong></span> <span class='ocrx_word' id='word_1_78' title='bbox 923 1045 1070 1122; x_wconf 91' lang='lat' dir='ltr'><strong>ipsorum</strong></span> <span class='ocrx_word' id='word_1_79' title='bbox 1092 1045 1178 1105; x_wconf 89' lang='lat' dir='ltr'><strong>mate·</strong></span> 
     </span>
     <span class='ocr_line' id='line_1_11' title="bbox 194 1129 1177 1207; baseline -0.002 -17"><span class='ocrx_word' id='word_1_80' title='bbox 194 1131 266 1193; x_wconf 86' lang='lat' dir='ltr'><strong>ticio</strong></span> <span class='ocrx_word' id='word_1_81' title='bbox 280 1131 330 1205; x_wconf 81' lang='lat' dir='ltr'><strong>ait</strong></span> <span class='ocrx_word' id='word_1_82' title='bbox 346 1131 482 1193; x_wconf 89' lang='lat' dir='ltr'><strong>victuros</strong></span> <span class='ocrx_word' id='word_1_83' title='bbox 497 1146 555 1193; x_wconf 90' lang='lat' dir='ltr'><strong>suo</strong></span> <span class='ocrx_word' id='word_1_84' title='bbox 570 1135 663 1207; x_wconf 92' lang='lat' dir='ltr'><strong>atque</strong></span> <span class='ocrx_word' id='word_1_85' title='bbox 677 1131 784 1207; x_wconf 90' lang='lat' dir='ltr'><strong>popuii</strong></span> <span class='ocrx_word' id='word_1_86' title='bbox 795 1129 925 1192; x_wconf 89' lang='lat' dir='ltr'><strong>Romani</strong></span> <span class='ocrx_word' id='word_1_87' title='bbox 939 1129 1113 1191; x_wconf 85' lang='lat' dir='ltr'><strong>beneflcio.</strong></span> <span class='ocrx_word' id='word_1_88' title='bbox 1137 1144 1177 1189; x_wconf 88' lang='lat' dir='ltr'><strong>ce·</strong></span> 
     </span>
     <span class='ocr_line' id='line_1_12' title="bbox 194 1205 1179 1291; baseline 0 -17"><span class='ocrx_word' id='word_1_89' title='bbox 194 1215 465 1291; x_wconf 77' lang='lat' dir='ltr'><strong>terum—quippe</strong></span> <span class='ocrx_word' id='word_1_90' title='bbox 479 1231 517 1276; x_wconf 89' lang='lat' dir='ltr'><strong>ea</strong></span> <span class='ocrx_word' id='word_1_91' title='bbox 531 1215 659 1290; x_wconf 83' lang='lat' dir='ltr'><strong>pignera</strong></span> <span class='ocrx_word' id='word_1_92' title='bbox 669 1215 837 1277; x_wconf 80' lang='lat' dir='ltr'><strong>timentium</strong></span> <span class='ocrx_word' id='word_1_93' title='bbox 846 1205 1050 1276; x_wconf 80' lang='lat' dir='ltr'><strong>rebellionem</strong></span> <span class='ocrx_word' id='word_1_94' title='bbox 1063 1230 1179 1275; x_wconf 90' lang='lat' dir='ltr'><strong>esse-</strong></span> 
     </span>
     <span class='ocr_line' id='line_1_13' title="bbox 196 1299 1178 1376; baseline -0.002 -16"><span class='ocrx_word' id='word_1_95' title='bbox 196 1315 231 1360; x_wconf 89' lang='lat' dir='ltr'><strong>se</strong></span> <span class='ocrx_word' id='word_1_96' title='bbox 250 1300 347 1361; x_wconf 87' lang='lat' dir='ltr'><strong>libera</strong></span> <span class='ocrx_word' id='word_1_97' title='bbox 366 1299 403 1360; x_wconf 90' lang='lat' dir='ltr'><strong>iis</strong></span> <span class='ocrx_word' id='word_1_98' title='bbox 423 1315 508 1360; x_wconf 83' lang='lat' dir='ltr'><strong>arum</strong></span> <span class='ocrx_word' id='word_1_99' title='bbox 531 1299 707 1376; x_wconf 88' lang='lat' dir='ltr'><strong>relinquere</strong></span> <span class='ocrx_word' id='word_1_100' title='bbox 727 1301 909 1376; x_wconf 84' lang='lat' dir='ltr'><strong>solutosque</strong></span> <span class='ocrx_word' id='word_1_101' title='bbox 932 1305 1017 1361; x_wconf 88' lang='lat' dir='ltr'><strong>metu</strong></span> <span class='ocrx_word' id='word_1_102' title='bbox 1043 1299 1178 1359; x_wconf 74' lang='lat' dir='ltr'><strong>animos</strong></span> 
     </span>
     <span class='ocr_line' id='line_1_14' title="bbox 195 1383 1179 1461; baseline -0.004 -15"><span class='ocrx_word' id='word_1_103' title='bbox 195 1400 297 1461; x_wconf 90' lang='lat' dir='ltr'><strong>neque</strong></span> <span class='ocrx_word' id='word_1_104' title='bbox 312 1400 347 1445; x_wconf 90' lang='lat' dir='ltr'><strong>se</strong></span> <span class='ocrx_word' id='word_1_105' title='bbox 360 1384 392 1444; x_wconf 93' lang='lat' dir='ltr'><strong>iu</strong></span> <span class='ocrx_word' id='word_1_106' title='bbox 407 1383 533 1446; x_wconf 90' lang='lat' dir='ltr'><strong>obsides</strong></span> <span class='ocrx_word' id='word_1_107' title='bbox 548 1383 701 1457; x_wconf 89' lang='lat' dir='ltr'><strong>innoxios,</strong></span> <span class='ocrx_word' id='word_1_108' title='bbox 717 1385 775 1446; x_wconf 89' lang='lat' dir='ltr'><strong>sed</strong></span> <span class='ocrx_word' id='word_1_109' title='bbox 791 1383 938 1460; x_wconf 87' lang='lat' dir='ltr'><strong>inipsos,</strong></span> <span class='ocrx_word' id='word_1_110' title='bbox 956 1383 985 1444; x_wconf 92' lang='lat' dir='ltr'><strong>si</strong></span> <span class='ocrx_word' id='word_1_111' title='bbox 1001 1383 1179 1458; x_wconf 76' lang='lat' dir='ltr'><strong>defecerint</strong></span> 
     </span>
     <span class='ocr_line' id='line_1_15' title="bbox 196 1466 1179 1545; baseline -0.004 -14"><span class='ocrx_word' id='word_1_112' title='bbox 196 1469 397 1545; x_wconf 86' lang='lat' dir='ltr'><strong>saeviturum,</strong></span> <span class='ocrx_word' id='word_1_113' title='bbox 419 1483 477 1529; x_wconf 90' lang='lat' dir='ltr'><strong>noc</strong></span> <span class='ocrx_word' id='word_1_114' title='bbox 497 1468 535 1528; x_wconf 91' lang='lat' dir='ltr'><strong>ab</strong></span> <span class='ocrx_word' id='word_1_115' title='bbox 556 1468 663 1529; x_wconf 90' lang='lat' dir='ltr'><strong>inermi</strong></span> <span class='ocrx_word' id='word_1_116' title='bbox 683 1469 740 1530; x_wconf 89' lang='lat' dir='ltr'><strong>sed</strong></span> <span class='ocrx_word' id='word_1_117' title='bbox 761 1468 800 1530; x_wconf 92' lang='lat' dir='ltr'><strong>ab</strong></span> <span class='ocrx_word' id='word_1_118' title='bbox 814 1475 929 1531; x_wconf 77' lang='lat' dir='ltr'><strong>umato</strong></span> <span class='ocrx_word' id='word_1_119' title='bbox 944 1466 1039 1530; x_wconf 92' lang='lat' dir='ltr'><strong>boste</strong></span> <span class='ocrx_word' id='word_1_120' title='bbox 1062 1483 1179 1544; x_wconf 82' lang='lat' dir='ltr'><strong>poenas</strong></span> 
     </span>
     <span class='ocr_line' id='line_1_16' title="bbox 160 1553 1179 1629; baseline 0 -16"><span class='ocrx_word' id='word_1_121' title='bbox 160 1563 163 1572; x_wconf 59' lang='lat'><strong>⁴</strong></span> <span class='ocrx_word' id='word_1_122' title='bbox 195 1553 409 1628; x_wconf 81' lang='lat' dir='ltr'><strong>expetittuum.</strong></span> <span class='ocrx_word' id='word_1_123' title='bbox 423 1558 585 1627; x_wconf 88' lang='lat' dir='ltr'><strong>utramque</strong></span> <span class='ocrx_word' id='word_1_124' title='bbox 597 1554 749 1614; x_wconf 79' lang='lat' dir='ltr'><strong>ionunam</strong></span> <span class='ocrx_word' id='word_1_125' title='bbox 761 1553 896 1629; x_wconf 87' lang='lat' dir='ltr'><strong>expertis</strong></span> <span class='ocrx_word' id='word_1_126' title='bbox 907 1555 1095 1629; x_wconf 88' lang='lat' dir='ltr'><strong>permittere</strong></span> <span class='ocrx_word' id='word_1_127' title='bbox 1106 1568 1179 1628; x_wconf 86' lang='lat' dir='ltr'><strong>sese,</strong></span> 
     </span>
     <span class='ocr_line' id='line_1_17' title="bbox 194 1636 1180 1712; baseline -0.002 -14"><span class='ocrx_word' id='word_1_128' title='bbox 194 1643 295 1698; x_wconf 89' lang='lat' dir='ltr'><strong>utrum</strong></span> <span class='ocrx_word' id='word_1_129' title='bbox 316 1636 467 1712; x_wconf 90' lang='lat' dir='ltr'><strong>propitios</strong></span> <span class='ocrx_word' id='word_1_130' title='bbox 490 1653 528 1696; x_wconf 91' lang='lat' dir='ltr'><strong>an</strong></span> <span class='ocrx_word' id='word_1_131' title='bbox 548 1637 643 1699; x_wconf 89' lang='lat' dir='ltr'><strong>iratos</strong></span> <span class='ocrx_word' id='word_1_132' title='bbox 664 1637 780 1698; x_wconf 88' lang='lat' dir='ltr'><strong>babere</strong></span> <span class='ocrx_word' id='word_1_133' title='bbox 799 1639 957 1699; x_wconf 89' lang='lat' dir='ltr'><strong>Romanos</strong></span> <span class='ocrx_word' id='word_1_134' title='bbox 979 1638 1125 1698; x_wconf 85' lang='lat' dir='ltr'><strong>mallent</strong></span> <span class='ocrx_word' id='word_1_135' title='bbox 1146 1637 1180 1696; x_wconf 87' lang='lat' dir='ltr'><strong>ita</strong></span> 
     </span>
     <span class='ocr_line' id='line_1_18' title="bbox 196 1719 1178 1798; baseline -0.001 -16"><span class='ocrx_word' id='word_1_136' title='bbox 196 1721 341 1782; x_wconf 88' lang='lat' dir='ltr'><strong>dimissus</strong></span> <span class='ocrx_word' id='word_1_137' title='bbox 347 1719 531 1782; x_wconf 90' lang='lat' dir='ltr'><strong>Mandonius</strong></span> <span class='ocrx_word' id='word_1_138' title='bbox 542 1721 675 1798; x_wconf 92' lang='lat' dir='ltr'><strong>pecunia</strong></span> <span class='ocrx_word' id='word_1_139' title='bbox 685 1721 1069 1798; x_wconf 87' lang='lat' dir='ltr'><strong>tantummodoimperata,</strong></span> <span class='ocrx_word' id='word_1_140' title='bbox 1078 1736 1178 1797; x_wconf 80' lang='lat' dir='ltr'><strong>exque</strong></span> 
     </span>
     <span class='ocr_line' id='line_1_19' title="bbox 195 1804 1178 1889; baseline -0.001 -23"><span class='ocrx_word' id='word_1_141' title='bbox 195 1805 381 1881; x_wconf 91' lang='lat' dir='ltr'><strong>stipendium</strong></span> <span class='ocrx_word' id='word_1_142' title='bbox 394 1804 479 1866; x_wconf 90' lang='lat' dir='ltr'><strong>militi</strong></span> <span class='ocrx_word' id='word_1_143' title='bbox 495 1807 644 1881; x_wconf 88' lang='lat' dir='ltr'><strong>praestari</strong></span> <span class='ocrx_word' id='word_1_144' title='bbox 659 1811 776 1883; x_wconf 90' lang='lat' dir='ltr'><strong>posset.</strong></span> <span class='ocrx_word' id='word_1_145' title='bbox 798 1807 869 1884; x_wconf 90' lang='lat' dir='ltr'><strong>ipse</strong></span> <span class='ocrx_word' id='word_1_146' title='bbox 877 1805 995 1889; x_wconf 88' lang='lat' dir='ltr'><strong>Marcio</strong></span> <span class='ocrx_word' id='word_1_147' title='bbox 1009 1805 1044 1866; x_wconf 92' lang='lat' dir='ltr'><strong>in</strong></span> <span class='ocrx_word' id='word_1_148' title='bbox 1061 1805 1178 1866; x_wconf 88' lang='lat' dir='ltr'><strong>ulterio-</strong></span> 
     </span>
     <span class='ocr_line' id='line_1_20' title="bbox 195 1889 1179 1968; baseline 0.003 -19"><span class='ocrx_word' id='word_1_149' title='bbox 195 1906 259 1950; x_wconf 88' lang='lat' dir='ltr'><strong>rem</strong></span> <span class='ocrx_word' id='word_1_150' title='bbox 272 1889 452 1966; x_wconf 87' lang='lat' dir='ltr'><strong>Hispaniam</strong></span> <span class='ocrx_word' id='word_1_151' title='bbox 466 1891 638 1966; x_wconf 87' lang='lat' dir='ltr'><strong>praemisso</strong></span> <span class='ocrx_word' id='word_1_152' title='bbox 653 1907 773 1968; x_wconf 88' lang='lat' dir='ltr'><strong>paucos</strong></span> <span class='ocrx_word' id='word_1_153' title='bbox 787 1897 924 1954; x_wconf 89' lang='lat' dir='ltr'><strong>moratus</strong></span> <span class='ocrx_word' id='word_1_154' title='bbox 939 1890 1018 1966; x_wconf 90' lang='lat' dir='ltr'><strong>dies,</strong></span> <span class='ocrx_word' id='word_1_155' title='bbox 1039 1889 1119 1950; x_wconf 90' lang='lat' dir='ltr'><strong>dum</strong></span> <span class='ocrx_word' id='word_1_156' title='bbox 1134 1891 1179 1952; x_wconf 91' lang='lat' dir='ltr'><strong>im-</strong></span> 
     </span>
     <span class='ocr_line' id='line_1_21' title="bbox 195 1974 1180 2053; baseline -0.001 -20"><span class='ocrx_word' id='word_1_157' title='bbox 195 1980 332 2051; x_wconf 88' lang='lat' dir='ltr'><strong>peratam</strong></span> <span class='ocrx_word' id='word_1_158' title='bbox 343 1974 505 2051; x_wconf 90' lang='lat' dir='ltr'><strong>pecuniam</strong></span> <span class='ocrx_word' id='word_1_159' title='bbox 515 1975 662 2050; x_wconf 86' lang='lat' dir='ltr'><strong>Itergetes</strong></span> <span class='ocrx_word' id='word_1_160' title='bbox 673 1981 931 2053; x_wconf 88' lang='lat' dir='ltr'><strong>pemumerarent,</strong></span> <span class='ocrx_word' id='word_1_161' title='bbox 944 1989 1015 2034; x_wconf 91' lang='lat' dir='ltr'><strong>cum</strong></span> <span class='ocrx_word' id='word_1_162' title='bbox 1025 1974 1180 2051; x_wconf 84' lang='lat' dir='ltr'><strong>expeditb</strong></span> 
     </span>
     <span class='ocr_line' id='line_1_22' title="bbox 194 2057 1077 2136; baseline -0.001 -18"><span class='ocrx_word' id='word_1_163' title='bbox 194 2057 341 2120; x_wconf 89' lang='lat' dir='ltr'><strong>Marcium</strong></span> <span class='ocrx_word' id='word_1_164' title='bbox 355 2058 415 2119; x_wconf 89' lang='lat' dir='ltr'><strong>iam</strong></span> <span class='ocrx_word' id='word_1_165' title='bbox 429 2058 728 2136; x_wconf 88' lang='lat' dir='ltr'><strong>appropinquantem</strong></span> <span class='ocrx_word' id='word_1_166' title='bbox 741 2059 863 2123; x_wconf 86' lang='lat' dir='ltr'><strong>Oceano</strong></span> <span class='ocrx_word' id='word_1_167' title='bbox 879 2059 1077 2135; x_wconf 89' lang='lat' dir='ltr'><strong>adsequitur.</strong></span> 
     </span>
     <span class='ocr_line' id='line_1_23' title="bbox 277 2142 1179 2207; baseline -0.002 -2"><span class='ocrx_word' id='word_1_168' title='bbox 277 2142 398 2205; x_wconf 87' lang='lat' dir='ltr'>XXXV.</span> <span class='ocrx_word' id='word_1_169' title='bbox 419 2143 566 2204; x_wconf 88' lang='lat' dir='ltr'><strong>Inchoata</strong></span> <span class='ocrx_word' id='word_1_170' title='bbox 585 2160 637 2206; x_wconf 89' lang='lat' dir='ltr'><strong>res</strong></span> <span class='ocrx_word' id='word_1_171' title='bbox 657 2146 717 2206; x_wconf 90' lang='lat' dir='ltr'><strong>iam</strong></span> <span class='ocrx_word' id='word_1_172' title='bbox 732 2152 802 2207; x_wconf 89' lang='lat' dir='ltr'><strong>ante</strong></span> <span class='ocrx_word' id='word_1_173' title='bbox 816 2144 856 2205; x_wconf 92' lang='lat' dir='ltr'><strong>de</strong></span> <span class='ocrx_word' id='word_1_174' title='bbox 869 2142 1041 2205; x_wconf 86' lang='lat' dir='ltr'><strong>Masinissa</strong></span> <span class='ocrx_word' id='word_1_175' title='bbox 1055 2144 1129 2206; x_wconf 92' lang='lat' dir='ltr'><strong>aliis</strong></span> <span class='ocrx_word' id='word_1_176' title='bbox 1145 2150 1179 2204; x_wconf 88' lang='lat' dir='ltr'><strong>at·</strong></span> 
     </span>
     <span class='ocr_line' id='line_1_24' title="bbox 196 2227 1179 2306; baseline 0.001 -18"><span class='ocrx_word' id='word_1_177' title='bbox 196 2243 257 2306; x_wconf 95' lang='lat' dir='ltr'><strong>quc</strong></span> <span class='ocrx_word' id='word_1_178' title='bbox 276 2227 344 2288; x_wconf 89' lang='lat' dir='ltr'><strong>aliis</strong></span> <span class='ocrx_word' id='word_1_179' title='bbox 365 2227 405 2288; x_wconf 89' lang='lat' dir='ltr'><strong>do</strong></span> <span class='ocrx_word' id='word_1_180' title='bbox 425 2228 529 2289; x_wconf 89' lang='lat' dir='ltr'><strong>causis</strong></span> <span class='ocrx_word' id='word_1_181' title='bbox 550 2228 643 2290; x_wconf 88' lang='lat' dir='ltr'><strong>dilata</strong></span> <span class='ocrx_word' id='word_1_182' title='bbox 663 2236 742 2304; x_wconf 88' lang='lat' dir='ltr'><strong>erat,</strong></span> <span class='ocrx_word' id='word_1_183' title='bbox 764 2229 849 2306; x_wconf 91' lang='lat' dir='ltr'><strong>quod</strong></span> <span class='ocrx_word' id='word_1_184' title='bbox 862 2227 995 2290; x_wconf 84' lang='lat' dir='ltr'><strong>Numida</strong></span> <span class='ocrx_word' id='word_1_185' title='bbox 1015 2243 1091 2289; x_wconf 91' lang='lat' dir='ltr'><strong>cum</strong></span> <span class='ocrx_word' id='word_1_186' title='bbox 1114 2229 1179 2304; x_wconf 90' lang='lat' dir='ltr'><strong>ipso</strong></span> 
     </span>
     <span class='ocr_line' id='line_1_25' title="bbox 195 2310 1180 2390; baseline -0.003 -16"><span class='ocrx_word' id='word_1_187' title='bbox 195 2313 300 2388; x_wconf 91' lang='lat' dir='ltr'><strong>utique</strong></span> <span class='ocrx_word' id='word_1_188' title='bbox 314 2312 461 2388; x_wconf 81' lang='lat' dir='ltr'><strong>congredi</strong></span> <span class='ocrx_word' id='word_1_189' title='bbox 477 2310 623 2388; x_wconf 86' lang='lat' dir='ltr'><strong>Scipione</strong></span> <span class='ocrx_word' id='word_1_190' title='bbox 636 2313 759 2376; x_wconf 87' lang='lat' dir='ltr'><strong>volebat</strong></span> <span class='ocrx_word' id='word_1_191' title='bbox 774 2321 867 2390; x_wconf 90' lang='lat' dir='ltr'><strong>atque</strong></span> <span class='ocrx_word' id='word_1_192' title='bbox 879 2313 947 2374; x_wconf 91' lang='lat' dir='ltr'><strong>eius</strong></span> <span class='ocrx_word' id='word_1_193' title='bbox 963 2311 1077 2372; x_wconf 87' lang='lat' dir='ltr'><strong>dextra</strong></span> <span class='ocrx_word' id='word_1_194' title='bbox 1091 2313 1180 2374; x_wconf 84' lang='lat' dir='ltr'><strong>fidem</strong></span> 
     </span>
     <span class='ocr_line' id='line_1_26' title="bbox 195 2395 1180 2474; baseline -0.002 -16"><span class='ocrx_word' id='word_1_195' title='bbox 195 2397 331 2458; x_wconf 80' lang='lat' dir='ltr'><strong>saneire=</strong></span> <span class='ocrx_word' id='word_1_196' title='bbox 354 2412 392 2457; x_wconf 90' lang='lat' dir='ltr'><strong>ea</strong></span> <span class='ocrx_word' id='word_1_197' title='bbox 405 2402 469 2457; x_wconf 86' lang='lat' dir='ltr'><strong>tunr</strong></span> <span class='ocrx_word' id='word_1_198' title='bbox 482 2395 600 2458; x_wconf 89' lang='lat' dir='ltr'><strong>itineris</strong></span> <span class='ocrx_word' id='word_1_199' title='bbox 612 2404 674 2458; x_wconf 89' lang='lat' dir='ltr'><strong>tam</strong></span> <span class='ocrx_word' id='word_1_200' title='bbox 688 2397 772 2474; x_wconf 84' lang='lat' dir='ltr'><strong>longi</strong></span> <span class='ocrx_word' id='word_1_201' title='bbox 786 2413 822 2458; x_wconf 92' lang='lat' dir='ltr'><strong>ac</strong></span> <span class='ocrx_word' id='word_1_202' title='bbox 836 2404 898 2458; x_wconf 91' lang='lat' dir='ltr'><strong>tam</strong></span> <span class='ocrx_word' id='word_1_203' title='bbox 911 2397 994 2458; x_wconf 86' lang='lat' dir='ltr'><strong>devii</strong></span> <span class='ocrx_word' id='word_1_204' title='bbox 1006 2412 1110 2458; x_wconf 89' lang='lat' dir='ltr'><strong>causa</strong></span> <span class='ocrx_word' id='word_1_205' title='bbox 1122 2396 1180 2458; x_wconf 89' lang='lat' dir='ltr'><strong>Sci-</strong></span> 
     </span>
     <span class='ocr_line' id='line_1_27' title="bbox 196 2480 1179 2558; baseline 0 -18"><span class='ocrx_word' id='word_1_206' title='bbox 196 2481 279 2558; x_wconf 88' lang='lat' dir='ltr'><strong>pioni</strong></span> <span class='ocrx_word' id='word_1_207' title='bbox 300 2481 365 2542; x_wconf 85' lang='lat' dir='ltr'><strong>fuit.</strong></span> <span class='ocrx_word' id='word_1_208' title='bbox 396 2480 563 2542; x_wconf 87' lang='lat' dir='ltr'><strong>Masinissa</strong></span> <span class='ocrx_word' id='word_1_209' title='bbox 578 2497 647 2542; x_wconf 88' lang='lat' dir='ltr'><strong>curu</strong></span> <span class='ocrx_word' id='word_1_210' title='bbox 663 2481 798 2542; x_wconf 86' lang='lat' dir='ltr'><strong>Gadibus</strong></span> <span class='ocrx_word' id='word_1_211' title='bbox 817 2489 915 2555; x_wconf 87' lang='lat' dir='ltr'><strong>esset,</strong></span> <span class='ocrx_word' id='word_1_212' title='bbox 938 2481 1055 2542; x_wconf 88' lang='lat' dir='ltr'><strong>certior</strong></span> <span class='ocrx_word' id='word_1_213' title='bbox 1068 2482 1179 2542; x_wconf 90' lang='lat' dir='ltr'><strong>adven-</strong></span> 
     </span>
     <span class='ocr_line' id='line_1_28' title="bbox 195 2564 1179 2642; baseline -0.003 -16"><span class='ocrx_word' id='word_1_214' title='bbox 195 2573 260 2626; x_wconf 89' lang='lat' dir='ltr'><strong>tare</strong></span> <span class='ocrx_word' id='word_1_215' title='bbox 280 2580 349 2625; x_wconf 90' lang='lat' dir='ltr'><strong>eum</strong></span> <span class='ocrx_word' id='word_1_216' title='bbox 364 2564 512 2626; x_wconf 89' lang='lat' dir='ltr'><strong>aMareio</strong></span> <span class='ocrx_word' id='word_1_217' title='bbox 534 2566 648 2641; x_wconf 86' lang='lat' dir='ltr'><strong>iactus,</strong></span> <span class='ocrx_word' id='word_1_218' title='bbox 671 2565 828 2627; x_wconf 90' lang='lat' dir='ltr'><strong>causando</strong></span> <span class='ocrx_word' id='word_1_219' title='bbox 850 2565 1005 2641; x_wconf 90' lang='lat' dir='ltr'><strong>corrumpi</strong></span> <span class='ocrx_word' id='word_1_220' title='bbox 1020 2581 1129 2642; x_wconf 90' lang='lat' dir='ltr'><strong>equos</strong></span> <span class='ocrx_word' id='word_1_221' title='bbox 1141 2567 1179 2624; x_wconf 92' lang='lat' dir='ltr'><strong>in·</strong></span> 
     </span>
     <span class='ocr_line' id='line_1_29' title="bbox 196 2648 1179 2727; baseline 0 -19"><span class='ocrx_word' id='word_1_222' title='bbox 196 2649 300 2708; x_wconf 88' lang='lat' dir='ltr'><strong>clusos</strong></span> <span class='ocrx_word' id='word_1_223' title='bbox 319 2649 350 2708; x_wconf 91' lang='lat' dir='ltr'><strong>in</strong></span> <span class='ocrx_word' id='word_1_224' title='bbox 369 2648 470 2710; x_wconf 88' lang='lat' dir='ltr'><strong>insuia</strong></span> <span class='ocrx_word' id='word_1_225' title='bbox 494 2651 715 2727; x_wconf 88' lang='lat' dir='ltr'><strong>penuriamque</strong></span> <span class='ocrx_word' id='word_1_226' title='bbox 739 2651 873 2712; x_wconf 90' lang='lat' dir='ltr'><strong>omnium</strong></span> <span class='ocrx_word' id='word_1_227' title='bbox 899 2665 1003 2710; x_wconf 89' lang='lat' dir='ltr'><strong>rerum</strong></span> <span class='ocrx_word' id='word_1_228' title='bbox 1025 2657 1059 2710; x_wconf 89' lang='lat' dir='ltr'><strong>et</strong></span> <span class='ocrx_word' id='word_1_229' title='bbox 1078 2651 1179 2711; x_wconf 87' lang='lat' dir='ltr'><strong>iacere</strong></span> 
     </span>
     <span class='ocr_line' id='line_1_30' title="bbox 197 2731 1180 2811; baseline 0.004 -21"><span class='ocrx_word' id='word_1_230' title='bbox 197 2731 306 2792; x_wconf 90' lang='lat' dir='ltr'><strong>ceteris</strong></span> <span class='ocrx_word' id='word_1_231' title='bbox 323 2737 353 2792; x_wconf 92' lang='lat' dir='ltr'><strong>et</strong></span> <span class='ocrx_word' id='word_1_232' title='bbox 367 2731 454 2806; x_wconf 92' lang='lat' dir='ltr'><strong>ipsos</strong></span> <span class='ocrx_word' id='word_1_233' title='bbox 470 2734 593 2808; x_wconf 88' lang='lat' dir='ltr'><strong>sentire,</strong></span> <span class='ocrx_word' id='word_1_234' title='bbox 612 2736 652 2795; x_wconf 89' lang='lat' dir='ltr'><strong>ad</strong></span> <span class='ocrx_word' id='word_1_235' title='bbox 666 2735 726 2796; x_wconf 90' lang='lat' dir='ltr'><strong>boc</strong></span> <span class='ocrx_word' id='word_1_236' title='bbox 740 2735 872 2811; x_wconf 88' lang='lat' dir='ltr'><strong>equitem</strong></span> <span class='ocrx_word' id='word_1_237' title='bbox 888 2749 1085 2795; x_wconf 87' lang='lat' dir='ltr'><strong>marcescere</strong></span> <span class='ocrx_word' id='word_1_238' title='bbox 1102 2735 1180 2796; x_wconf 89' lang='lat' dir='ltr'><strong>desi-</strong></span> 
     </span>
     <span class='ocr_line' id='line_1_31' title="bbox 196 2815 1178 2894; baseline 0.001 -18"><span class='ocrx_word' id='word_1_239' title='bbox 196 2815 247 2876; x_wconf 88' lang='lat' dir='ltr'><strong>dia</strong></span> <span class='ocrx_word' id='word_1_240' title='bbox 260 2815 424 2890; x_wconf 84' lang='lat' dir='ltr'><strong>Magonem</strong></span> <span class='ocrx_word' id='word_1_241' title='bbox 444 2819 593 2894; x_wconf 87' lang='lat' dir='ltr'><strong>perpulit,</strong></span> <span class='ocrx_word' id='word_1_242' title='bbox 614 2826 648 2880; x_wconf 91' lang='lat' dir='ltr'><strong>ut</strong></span> <span class='ocrx_word' id='word_1_243' title='bbox 661 2835 697 2879; x_wconf 90' lang='lat' dir='ltr'><strong>se</strong></span> <span class='ocrx_word' id='word_1_244' title='bbox 715 2819 845 2880; x_wconf 87' lang='lat' dir='ltr'><strong>traicere</strong></span> <span class='ocrx_word' id='word_1_245' title='bbox 863 2819 895 2880; x_wconf 94' lang='lat' dir='ltr'><strong>iu</strong></span> <span class='ocrx_word' id='word_1_246' title='bbox 917 2819 1129 2881; x_wconf 88' lang='lat' dir='ltr'><strong>continentem</strong></span> <span class='ocrx_word' id='word_1_247' title='bbox 1144 2819 1178 2878; x_wconf 90' lang='lat' dir='ltr'><strong>ad</strong></span> 
     </span>
     <span class='ocr_line' id='line_1_32' title="bbox 196 2899 1176 2980; baseline 0.003 -20"><span class='ocrx_word' id='word_1_248' title='bbox 196 2899 433 2976; x_wconf 84' lang='lat' dir='ltr'><strong>depopulandos</strong></span> <span class='ocrx_word' id='word_1_249' title='bbox 445 2901 779 2980; x_wconf 84' lang='lat' dir='ltr'><strong>proximosiiispaniae</strong></span> <span class='ocrx_word' id='word_1_250' title='bbox 790 2920 883 2980; x_wconf 90' lang='lat' dir='ltr'><strong>agros</strong></span> <span class='ocrx_word' id='word_1_251' title='bbox 898 2909 1066 2980; x_wconf 89' lang='lat' dir='ltr'><strong>pateretur.</strong></span> <span class='ocrx_word' id='word_1_252' title='bbox 1081 2911 1176 2964; x_wconf 86' lang='lat' dir='ltr'><strong>trans·</strong></span> 
     </span>
     <span class='ocr_line' id='line_1_33' title="bbox 195 2987 1176 3064; baseline 0.001 -19"><span class='ocrx_word' id='word_1_253' title='bbox 195 3000 322 3060; x_wconf 79' lang='lat' dir='ltr'><strong>gressus</strong></span> <span class='ocrx_word' id='word_1_254' title='bbox 343 2992 407 3047; x_wconf 88' lang='lat' dir='ltr'><strong>tres</strong></span> <span class='ocrx_word' id='word_1_255' title='bbox 429 2987 586 3064; x_wconf 90' lang='lat' dir='ltr'><strong>principes</strong></span> <span class='ocrx_word' id='word_1_256' title='bbox 601 2987 797 3050; x_wconf 88' lang='lat' dir='ltr'><strong>Numidarum</strong></span> <span class='ocrx_word' id='word_1_257' title='bbox 816 2988 981 3064; x_wconf 86' lang='lat' dir='ltr'><strong>praemittit</strong></span> <span class='ocrx_word' id='word_1_258' title='bbox 1002 2989 1043 3048; x_wconf 90' lang='lat' dir='ltr'><strong>ad</strong></span> <span class='ocrx_word' id='word_1_259' title='bbox 1057 2994 1176 3064; x_wconf 71' lang='lat' dir='ltr'><strong>tenipus</strong></span> 
     </span>
     <span class='ocr_line' id='line_1_34' title="bbox 196 3071 1175 3150; baseline 0 -20"><span class='ocrx_word' id='word_1_260' title='bbox 196 3071 360 3148; x_wconf 87' lang='lat' dir='ltr'><strong>iocumque</strong></span> <span class='ocrx_word' id='word_1_261' title='bbox 374 3071 528 3148; x_wconf 87' lang='lat' dir='ltr'><strong>colloquio</strong></span> <span class='ocrx_word' id='word_1_262' title='bbox 543 3073 746 3135; x_wconf 87' lang='lat' dir='ltr'><strong>statuendum.</strong></span> <span class='ocrx_word' id='word_1_263' title='bbox 784 3073 864 3135; x_wconf 90' lang='lat' dir='ltr'><strong>duos</strong></span> <span class='ocrx_word' id='word_1_264' title='bbox 879 3089 937 3150; x_wconf 93' lang='lat' dir='ltr'><strong>pro</strong></span> <span class='ocrx_word' id='word_1_265' title='bbox 952 3072 1119 3134; x_wconf 90' lang='lat' dir='ltr'><strong>obsidibus</strong></span> <span class='ocrx_word' id='word_1_266' title='bbox 1130 3087 1175 3132; x_wconf 90' lang='lat' dir='ltr'><strong>re-</strong></span> 
     </span>
     <span class='ocr_line' id='line_1_35' title="bbox 196 3154 1175 3234; baseline 0 -20"><span class='ocrx_word' id='word_1_267' title='bbox 196 3154 284 3215; x_wconf 89' lang='lat' dir='ltr'><strong>tineri</strong></span> <span class='ocrx_word' id='word_1_268' title='bbox 305 3156 343 3216; x_wconf 89' lang='lat' dir='ltr'><strong>ab</strong></span> <span class='ocrx_word' id='word_1_269' title='bbox 365 3155 510 3232; x_wconf 87' lang='lat' dir='ltr'><strong>Scipione</strong></span> <span class='ocrx_word' id='word_1_270' title='bbox 531 3156 629 3219; x_wconf 71' lang='lat' dir='ltr'><strong>iubeo</strong></span> <span class='ocrx_word' id='word_1_271' title='bbox 652 3157 783 3219; x_wconf 90' lang='lat' dir='ltr'><strong>remisso</strong></span> <span class='ocrx_word' id='word_1_272' title='bbox 797 3157 902 3233; x_wconf 88' lang='lat' dir='ltr'><strong>tertio,</strong></span> <span class='ocrx_word' id='word_1_273' title='bbox 924 3157 978 3234; x_wconf 90' lang='lat' dir='ltr'><strong>qui</strong></span> <span class='ocrx_word' id='word_1_274' title='bbox 993 3173 1057 3232; x_wconf 93' lang='lat' dir='ltr'><strong>quo</strong></span> <span class='ocrx_word' id='word_1_275' title='bbox 1073 3155 1175 3218; x_wconf 89' lang='lat' dir='ltr'><strong>iussus</strong></span> 
     </span>
     <span class='ocr_line' id='line_1_36' title="bbox 197 3239 1174 3318; baseline 0.004 -22"><span class='ocrx_word' id='word_1_276' title='bbox 197 3246 262 3299; x_wconf 89' lang='lat' dir='ltr'><strong>erat</strong></span> <span class='ocrx_word' id='word_1_277' title='bbox 285 3239 452 3301; x_wconf 89' lang='lat' dir='ltr'><strong>adduceret</strong></span> <span class='ocrx_word' id='word_1_278' title='bbox 469 3240 680 3317; x_wconf 88' lang='lat' dir='ltr'><strong>Masinissam,</strong></span> <span class='ocrx_word' id='word_1_279' title='bbox 708 3256 777 3303; x_wconf 82' lang='lat' dir='ltr'><strong>cunt</strong></span> <span class='ocrx_word' id='word_1_280' title='bbox 797 3242 907 3318; x_wconf 90' lang='lat' dir='ltr'><strong>paucis</strong></span> <span class='ocrx_word' id='word_1_281' title='bbox 931 3242 961 3302; x_wconf 91' lang='lat' dir='ltr'><strong>in</strong></span> <span class='ocrx_word' id='word_1_282' title='bbox 988 3241 1174 3316; x_wconf 84' lang='lat' dir='ltr'><strong>colloquium</strong></span> 
     </span>
     <span class='ocr_line' id='line_1_37' title="bbox 198 3324 1174 3401; baseline 0.005 -23"><span class='ocrx_word' id='word_1_283' title='bbox 198 3329 352 3382; x_wconf 81' lang='lat' dir='ltr'><strong>venerunt.</strong></span> <span class='ocrx_word' id='word_1_284' title='bbox 387 3331 512 3398; x_wconf 87' lang='lat' dir='ltr'><strong>ceperat</strong></span> <span class='ocrx_word' id='word_1_285' title='bbox 524 3324 585 3384; x_wconf 92' lang='lat' dir='ltr'><strong>iam</strong></span> <span class='ocrx_word' id='word_1_286' title='bbox 599 3331 670 3384; x_wconf 90' lang='lat' dir='ltr'><strong>ante</strong></span> <span class='ocrx_word' id='word_1_287' title='bbox 684 3324 843 3386; x_wconf 88' lang='lat' dir='ltr'><strong>Numidam</strong></span> <span class='ocrx_word' id='word_1_288' title='bbox 858 3343 898 3386; x_wconf 89' lang='lat' dir='ltr'><strong>ex</strong></span> <span class='ocrx_word' id='word_1_289' title='bbox 913 3327 994 3386; x_wconf 80' lang='lat' dir='ltr'><strong>fama</strong></span> <span class='ocrx_word' id='word_1_290' title='bbox 1008 3341 1115 3385; x_wconf 86' lang='lat' dir='ltr'><strong>rerum</strong></span> <span class='ocrx_word' id='word_1_291' title='bbox 1128 3341 1174 3401; x_wconf 91' lang='lat' dir='ltr'><strong>ge·</strong></span> 
     </span>
     <span class='ocr_line' id='line_1_38' title="bbox 198 3407 1174 3484; baseline 0.006 -24"><span class='ocrx_word' id='word_1_292' title='bbox 198 3408 313 3464; x_wconf 89' lang='lat' dir='ltr'><strong>starum</strong></span> <span class='ocrx_word' id='word_1_293' title='bbox 341 3407 499 3466; x_wconf 88' lang='lat' dir='ltr'><strong>admiratio</strong></span> <span class='ocrx_word' id='word_1_294' title='bbox 524 3407 595 3480; x_wconf 91' lang='lat' dir='ltr'><strong>viri,</strong></span> <span class='ocrx_word' id='word_1_295' title='bbox 626 3407 885 3484; x_wconf 87' lang='lat' dir='ltr'><strong>substitueratque</strong></span> <span class='ocrx_word' id='word_1_296' title='bbox 913 3410 1013 3470; x_wconf 90' lang='lat' dir='ltr'><strong>animo</strong></span> <span class='ocrx_word' id='word_1_297' title='bbox 1040 3409 1174 3484; x_wconf 87' lang='lat' dir='ltr'><strong>speciem</strong></span> 
     </span>
     <span class='ocr_line' id='line_1_39' title="bbox 200 3490 1175 3566; baseline 0 -19"><span class='ocrx_word' id='word_1_298' title='bbox 200 3501 323 3561; x_wconf 79' lang='lat' dir='ltr'><strong>quoque</strong></span> <span class='ocrx_word' id='word_1_299' title='bbox 345 3490 484 3564; x_wconf 85' lang='lat' dir='ltr'><strong>corporis</strong></span> <span class='ocrx_word' id='word_1_300' title='bbox 504 3491 636 3565; x_wconf 88' lang='lat' dir='ltr'><strong>amplam</strong></span> <span class='ocrx_word' id='word_1_301' title='bbox 651 3506 687 3550; x_wconf 88' lang='lat' dir='ltr'><strong>ac</strong></span> <span class='ocrx_word' id='word_1_302' title='bbox 701 3493 908 3566; x_wconf 65' lang='lat' dir='ltr'><strong>magnificam</strong></span> <span class='ocrx_word' id='word_1_303' title='bbox 931 3501 1067 3554; x_wconf 78' lang='lat' dir='ltr'><strong>ceterum</strong></span> <span class='ocrx_word' id='word_1_304' title='bbox 1081 3491 1175 3551; x_wconf 89' lang='lat' dir='ltr'><strong>maior</strong></span> 
     </span>
    </p>
   </div>
   <div class='ocr_carea' id='block_1_3' title="bbox 0 0 1225 3892">
    <p class='ocr_par' dir='ltr' id='par_1_3' title="bbox 0 0 1225 3892">
     <span class='ocr_line' id='line_1_40' title="bbox 0 0 1225 3892; baseline 0 0"><span class='ocrx_word' id='word_1_305' title='bbox 0 0 1225 3892; x_wconf 95' lang='lat' dir='ltr'><strong> </strong></span> 
     </span>
    </p>
   </div>
  </div>
 </body>
</html>
