2448 3900
272 171 506 232 LIBERXXIX.
530 167 847 255 CAP.15.[a.c.uut]
926 247 930 262 Ι
984 175 1048 240 295
1104 123 1108 132 ἱ

44 345 176 391 vocem
194 344 258 388 nnn
278 325 426 386 memoria
444 324 543 400 magis
565 325 704 402 patribus
725 337 875 392 renovata
889 331 934 391 rei
950 347 1051 408 prope

46 415 127 474 iarn
146 411 341 484 obliteratae,
363 427 454 486 quam
474 409 520 470 ira
534 410 649 472 irritata
664 419 720 474 est.
754 407 859 490 itaque
873 413 947 474 nihil
963 417 1049 492 prius

44 497 181 559 reierre
196 495 342 557 eonstrles
357 495 444 570 passi
458 493 670 571 decreverunt,
685 503 720 557 ut
733 501 879 560 consules
891 500 1049 574 magistra·

47 591 114 642 tus
130 579 292 655 denosque
307 579 464 654 principes
476 579 593 653 Nepete
605 578 707 641 Sutrio
718 582 823 642 Ardea
835 583 958 643 Calibus
970 585 1051 645 Alba

49 664 219 726 Carseolis
235 662 314 725 Sora
328 661 446 724 Suessa
461 662 545 724 Setia
559 661 684 725 Circeiis
698 665 811 726 Narnia
825 667 997 728 interamna
1007 697 1051 711 -

51 749 124 810 hae
145 765 280 824 namque
302 747 442 808 coloniae
462 747 493 807 in
509 762 547 807 ea
561 764 657 808 eausa
671 755 759 810 erant
769 781 812 793 -
822 752 951 812 Romam
966 746 1049 813 exei-

49 849 148 904 reme
178 830 217 892 iis
239 833 440 907 imperarent,
461 839 608 907 quantum
630 849 773 908 quaeque
794 849 899 896 aarum
914 836 1049 897 colonia·

51 933 130 978 rum
146 915 274 978 miitum
288 916 451 992 plurimum
467 914 607 977 dedisset
620 919 739 992 populo
753 918 909 992 Romano,
932 936 1048 996 exque

51 1002 171 1062 iuuenes
186 1000 316 1063 initalia
331 1007 445 1074 essent,
461 999 650 1074 duplicatum
661 1002 728 1062 eius
740 1017 880 1064 summae
890 1020 1050 1065 numerum

53 1085 203 1160 peditum
224 1083 312 1146 daret
333 1091 363 1144 et
383 1083 504 1160 equites
526 1091 673 1147 centenos
687 1085 825 1148 vicenos.
860 1087 887 1148 si
904 1103 1050 1163 quaeum

54 1185 224 1230 numerum
245 1167 383 1244 equitum
404 1169 532 1243 explere
552 1184 612 1229 nun
635 1177 759 1246 posset,
786 1188 845 1247 pro
864 1173 966 1248 equite
986 1188 1049 1232 uno

54 1263 125 1315 tres
142 1252 261 1330 pedites
276 1253 382 1314 liceret
396 1253 480 1312 dare.
517 1252 638 1327 pedites
654 1255 838 1332 equitesque
854 1273 945 1331 quam
960 1259 1047 1318 loeu-
1083 1313 1085 1318 .

56 1335 227 1413 pletissimi
255 1339 430 1413 legerentur
455 1336 722 1414 mitterenturque,
751 1338 938 1415 ubicumque
962 1348 1050 1401 extra

54 1423 180 1484 Italiam
195 1423 410 1498 supplemento
426 1437 506 1497 opus
521 1428 614 1482 esset.
644 1421 671 1482 si
687 1422 792 1498 quiex
807 1424 844 1484 iis
859 1431 1049 1500 recusarent,

55 1503 187 1566 retineri
217 1507 283 1567 eius
311 1505 451 1567 coioniae
478 1507 675 1580 magistratus
700 1509 884 1584 legatosque
908 1509 1048 1584 plaeere;

59 1604 181 1666 neque,
198 1591 225 1652 si
239 1589 444 1668 postularent,
460 1597 601 1651 senatum
614 1591 691 1666 dari,
706 1591 887 1668 priusquam
900 1592 1050 1668 impurata

60 1675 220 1737 iecissent.
250 1674 436 1753 stipendium
452 1681 612 1750 praeterea
626 1676 663 1735 iis
679 1677 810 1737 antoniis
825 1677 856 1736 in
870 1676 953 1736 mitia
967 1676 1047 1737 aeris

58 1775 153 1821 asses
175 1760 314 1835 singulos
335 1759 478 1836 imperari
491 1757 638 1835 exigique
653 1759 835 1835 quotannis,
857 1776 1048 1838 censumque

58 1845 92 1908 ³11
115 1842 154 1905 iis
180 1844 312 1906 coloniis
339 1843 389 1919 agi
410 1860 450 1903 ex
476 1845 606 1904 formula
632 1845 670 1903 ab
690 1845 838 1905 Romanis
864 1846 1047 1906 censoribus

57 1928 149 2001 datm
179 1928 245 1989 dari
266 1936 366 1990 autem
386 1928 512 2007 plaeere
533 1929 662 1988 eandem
685 1945 777 2004 quam
796 1930 914 2004 pupulo
935 1929 1049 1991 Roma-

57 2026 120 2086 no,
141 2012 317 2090 deferrique
330 2013 460 2074 Romam
476 2012 516 2074 ab
529 2011 636 2072 iuratis
651 2012 833 2074 censoribus
849 2012 1047 2088 solonianum,

57 2095 243 2175 priusquam
263 2096 444 2172 magistratu
465 2097 593 2157 abirent.
626 2113 666 2158 ex
680 2095 741 2158 hoe
761 2103 888 2157 senatus
903 2098 1046 2158 eonsuito

58 2181 170 2242 aeeitis
184 2181 313 2243 Romam
334 2181 564 2256 magistratibus
578 2181 829 2257 primoribusque
843 2197 947 2241 earum
963 2181 1047 2241 eolo·

57 2265 180 2326 uiarum
196 2266 341 2339 eonsules
357 2281 426 2326 eum
437 2265 561 2326 militem
572 2265 821 2342 stipendiumque
832 2265 1046 2340 imperassent,

57 2348 112 2409 alii
127 2351 196 2411 aliis
209 2349 308 2426 magis
322 2365 470 2411 recusare
484 2365 521 2409 ae
535 2350 713 2424 reclamare,
731 2365 847 2425 negare
860 2355 977 2409 tantum
991 2347 1047 2408 mi·

55 2433 147 2496 litum
161 2435 243 2496 eidei
257 2427 370 2510 posse:
391 2433 454 2507 vix,
469 2433 496 2494 si
511 2431 656 2508 simplum
670 2449 710 2496 ex
726 2434 858 2504 formula
871 2431 1046 2508 imperetur,

56 2518 214 2580 enisurus.
244 2534 334 2580 orare
355 2525 450 2595 atque
470 2518 650 2591 obsecrare,
672 2527 706 2580 ut
726 2519 785 2580 sibi
805 2525 945 2580 senatum
961 2517 1047 2577 adire

56 2618 97 2661 ae
113 2601 275 2679 deprecari
289 2603 404 2663 liceret.
441 2601 515 2662 nihii
529 2617 580 2677 se,
603 2619 698 2677 quare
712 2603 815 2678 parire
829 2601 937 2663 merito
953 2600 1046 2661 dabe-

55 2693 143 2761 rent,
165 2687 345 2748 admisisse:
378 2687 436 2747 sed
457 2685 484 2747 si
504 2687 696 2763 pereundum
717 2687 809 2748 etiam
829 2689 922 2760 ieret,
944 2701 1047 2760 neque

57 2787 152 2832 suum
173 2771 316 2834 delictum
336 2787 438 2848 neque
458 2771 534 2830 irum
550 2771 657 2846 popuii
671 2771 816 2847 Romani,
837 2777 872 2832 ut
886 2773 956 2850 pius
971 2769 1046 2829 miii·

57 2863 125 2916 tum
141 2854 257 2930 darent,
274 2871 366 2931 quam
380 2855 539 2930 haberent,
553 2871 650 2930 posse
665 2857 799 2918 efficere.
829 2857 976 2917 eonsules
992 2854 1045 2916 ob·

57 2937 163 2999 stinati
177 2941 298 3016 legatos
313 2955 437 3000 manere
450 2940 568 3000 Rornae
582 2939 697 3014 iubent,
718 2941 917 3016 magistratus
932 2939 976 2998 ne
991 2938 1047 2998 do-

56 3037 142 3083 mum
165 3023 206 3084 ad
227 3024 357 3085 dilectus
378 3022 556 3086 habendos:
578 3025 637 3084 nisi
660 3039 781 3084 summa
801 3025 941 3096 militum,
965 3036 1047 3096 quae

56 3107 210 3183 imperata
230 3114 329 3182 esset,
354 3108 483 3168 Romam
504 3109 653 3182 adducta,
675 3108 827 3168 neminem
840 3108 886 3166 iis
906 3110 1046 3165 senatum
1135 3165 1137 3170 ,

57 3191 212 3252 daturum.
250 3193 291 3254 ita
305 3192 448 3268 praecisa
463 3209 521 3268 spe
535 3201 677 3254 senatum
693 3191 828 3252 adeundi
841 3188 1046 3264 deprecandi·

57 3290 122 3350 que
142 3275 273 3337 dilectus
294 3275 378 3337 iniis
394 3276 558 3338 duodecim
579 3276 724 3347 coloniis,
748 3276 939 3350 perlongum
953 3287 1044 3332 vana·

57 3359 172 3505 {ietterttgn
193 3375 322 3423 numera
342 3359 495 3422 iuniorum
509 3367 616 3436 anuto,
638 3359 722 3419 haud
736 3357 900 3419 diiiieuiter
913 3363 962 3416 est
974 3369 1043 3431 pet·-
