2434 3902
224 210 341 273 LIBER
351 212 486 272 XXVIII.
514 212 596 274 CAP.
612 222 655 276 12.
669 222 713 276 13.
736 221 774 289 [ι.
786 221 818 276 0.
831 222 894 290 ποθ]
991 217 1055 282 2³5

67 365 207 444 quadam
221 367 314 441 longe
323 365 479 441 disparem
493 364 661 427 habebant:
684 367 823 442 eandem,
839 369 924 444 quod
937 371 1056 445 proelio

65 451 142 512 victi
165 448 432 525 Carthaginienses
452 449 533 511 duce
552 450 668 512 amisso
689 450 720 511 in
741 452 876 514 ultimam
890 453 1057 530 Hispaniae

65 551 158 597 oram
167 549 269 610 usque
283 534 324 595 ad
332 531 487 595 Oceanum
501 535 654 609 compulsi
667 542 763 607 eram,
776 535 934 612 disparem
945 546 1055 608 autem,

66 619 157 696 quod
167 619 318 693 Hispania
331 633 394 678 non
409 633 501 695 quarn
514 617 601 678 ltalia
614 619 717 691 modo,
734 619 792 680 sed
803 636 895 694 quam
906 621 970 682 ulla
980 637 1056 697 pars

25 716 33 728 ·
66 713 225 764 terrarum·
241 702 322 763 bello
341 700 517 778 reparando
538 702 639 776 aptior
652 711 719 765 erat
731 703 871 765 locorum
885 703 1055 768 bominum-

67 803 133 864 que
148 786 288 861 iugeniis.
309 785 413 862 itaque
427 800 502 862 ergo
517 787 616 862 prima
629 787 777 848 Romanis
792 787 867 848 inita
881 789 1055 864 provincia·

64 889 153 945 rum,
180 885 260 946 quae
282 869 407 945 quidem
428 870 609 931 continentis
631 871 707 944 sint,
733 877 891 945 postrema
912 873 1055 949 omnium,

65 963 178 1016 nostra
193 955 315 1016 deinum
326 961 433 1030 aetate,
450 955 544 1017 ductu
555 954 759 1029 auspicioque
769 955 901 1029 Augusti
914 954 1054 1017 Caesaris

65 1038 244 1118 perdomito
269 1044 326 1100 est.
362 1038 404 1098 ibi
428 1044 492 1099 tum
515 1037 691 1098 Hasdrubal
716 1037 876 1113 Gisgonis,
902 1039 1054 1100 maxianus

66 1123 323 1204 clarissimusque
337 1138 375 1184 eo
390 1122 472 1184 bello
487 1122 657 1182 secundum
671 1121 821 1184 Barcinos
836 1121 915 1196 dux,
930 1137 1054 1198 regres-

66 1225 125 1270 sus
147 1206 186 1267 ab
202 1207 355 1281 Gadibus,
374 1205 545 1268 rebellandi
566 1221 655 1280 spem
670 1205 834 1268 adiuvante
846 1205 979 1280 Magone
992 1207 1053 1268 lla·

65 1291 203 1352 milcarls
217 1291 290 1362 lilio,
312 1289 475 1352 dilectibus
490 1305 547 1365 per
559 1290 734 1350 ulteriorem
748 1290 927 1365 Hispaniam
941 1287 1053 1352 habitis

66 1377 108 1437 ad
124 1374 345 1452 quinquaginta
358 1373 441 1434 milia
454 1373 592 1451 peditum
608 1381 752 1449 quattuor
765 1374 847 1435 milia
861 1380 892 1434 et
905 1373 1053 1450 quingen·

66 1469 119 1521 tos
141 1455 261 1535 equites
284 1457 421 1519 armavit.
458 1459 498 1519 de
519 1459 717 1534 equestribus
738 1458 837 1534 copiis
858 1459 955 1518 lerme
975 1457 1055 1519 inter

67 1550 212 1605 auctores
228 1543 386 1604 convenit=
401 1543 538 1618 pediturn
552 1542 747 1618 septuaginta
760 1542 843 1604 milia
859 1541 985 1618 quidam
999 1541 1053 1602 ad·

67 1629 161 1689 ducta
179 1628 220 1688 ad
235 1626 362 1703 Silpiam
384 1626 491 1688 urbem
506 1627 653 1688 scribunt
685 1627 728 1689 ibi
743 1641 837 1703 super
855 1641 984 1702 campos
998 1641 1052 1702 pa-

66 1717 168 1774 tentes
189 1713 251 1773 duo
273 1713 369 1773 duces
383 1710 479 1773 Poeni
493 1726 531 1772 ea
544 1719 661 1785 mente,
682 1727 723 1772 ne
737 1710 943 1774 detractarent
955 1717 1051 1771 certa·

65 1811 149 1871 men,
172 1797 379 1858 considerant.
414 1794 492 1855 lllll.
516 1795 637 1871 Scipio,
658 1811 729 1856 cunr
744 1795 784 1856 ad
799 1811 869 1856 eum
883 1797 965 1856 loma
978 1795 1051 1866 tanti

66 1881 238 1956 comparati
260 1880 415 1942 exercitus
431 1881 548 1955 perlata
561 1886 655 1952 esset,
676 1894 779 1954 neque
793 1879 941 1941 Romanis
956 1878 1051 1953 legIo-

63 1965 158 2027 nibus
179 1971 282 2026 tantae
302 1965 420 2025 serore
439 1979 545 2039 parem
564 1963 747 2025 multitudini
768 1970 869 2036 ratus,
892 1969 925 2023 ut
946 1978 1007 2023 non
1021 1963 1052 2022 ln

64 2049 207 2125 speciem
225 2049 332 2110 saltem
346 2054 578 2125 opponerentur
590 2047 793 2108 barbarorum
808 2046 929 2118 auxilia,
951 2061 1054 2122 neque

65 2135 97 2194 in
113 2133 152 2212 iis
166 2140 269 2194 nmen
282 2139 400 2194 mutum
413 2132 522 2192 virium
537 2130 724 2208 ponendum,
740 2138 774 2191 ut
787 2129 933 2192 mumndo
949 2130 1051 2205 fldem,

66 2234 151 2293 quae
173 2217 270 2278 cladis
292 2233 388 2279 causa
401 2217 513 2279 luisset
527 2217 604 2292 patri
620 2222 807 2290 patruoque,
828 2229 973 2290 magnum
986 2229 1052 2275 mo·

65 2309 204 2364 mentum
225 2303 374 2376 lacerent,
396 2301 568 2378 praemisso
584 2299 689 2361 Silano
712 2299 752 2361 od
769 2298 913 2360 Culcham
934 2297 1051 2359 duode-

65 2386 191 2462 triginta
211 2386 335 2462 oppidis
357 2393 548 2462 regnantem,
570 2391 604 2446 ut
616 2384 737 2460 equites
753 2382 936 2459 peditesque
949 2382 988 2442 ab
1003 2397 1052 2456 eo,

67 2487 152 2547 quos
173 2487 209 2531 se
224 2485 280 2546 per
294 2469 425 2532 hiemem
440 2469 686 2546 conscripturum
699 2467 853 2544 pollicitus
869 2472 949 2542 erat,
972 2465 1052 2526 acci·

65 2562 170 2632 peret=
203 2555 272 2630 ipse
293 2555 332 2615 ab
351 2556 523 2615 Tarracone
544 2555 703 2630 proiectus
724 2553 866 2628 protinus
887 2551 926 2611 ab
947 2549 1052 2626 sociis,

64 2639 122 2715 qui
142 2639 284 2701 accolunt
303 2639 399 2711 viarm
423 2638 545 2700 modica
559 2636 771 2699 contrahendo
786 2635 900 2696 auxilia
914 2634 1053 2696 castrilo-

64 2740 139 2784 nem
154 2722 302 2799 pervenit.
324 2738 363 2784 eo
378 2723 513 2784 adducta
526 2723 565 2784 ab
580 2721 685 2784 Silano
702 2721 816 2781 auxilia
830 2720 887 2780 tria
902 2719 985 2780 milia
999 2734 1053 2795 pe·
1128 2755 1130 2760 -

65 2809 167 2870 ditum
192 2814 223 2868 et
247 2807 404 2883 quingenti
431 2806 561 2882 equites.
597 2807 669 2867 inde
694 2806 734 2865 ad
757 2804 920 2864 Baeculam
946 2803 1054 2864 urbem

64 2907 257 2970 progressus
273 2892 354 2953 omni
368 2892 506 2953 exercitu
516 2891 629 2952 civium
641 2889 805 2962 sociorum,
821 2888 958 2964 peditum
969 2886 1054 2964 equi-

64 2986 197 3053 tumque
212 2977 348 3053 quinque
362 2983 392 3035 et
407 2975 609 3051 quadraginta
623 2975 756 3035 milibus.
785 2979 887 3034 castra
901 2978 1054 3048 ponentes

66 3078 126 3122 eos
141 3060 233 3136 Mago
256 3067 286 3121 et
298 3059 466 3120 Masinissa
480 3076 549 3120 cum
564 3059 647 3119 omni
662 3058 799 3134 equitatu
815 3055 958 3130 adgressi
972 3059 1053 3126 sunl,

65 3145 309 3219 turbassentque
324 3144 513 3218 munientes,
536 3143 567 3202 ni
581 3142 676 3203 abditi
692 3149 764 3216 post
777 3140 926 3201 tumulum
940 3152 1055 3213 oppor·

68 3241 143 3290 tune
157 3229 198 3289 ad
213 3229 246 3289 id
259 3229 396 3304 positum
409 3227 448 3288 ab
461 3226 606 3302 Scipione
618 3227 739 3301 equites
752 3223 922 3300 improviso
935 3222 965 3281 in
978 3219 1054 3282 ellu-

69 3331 127 3375 sos
142 3313 352 3374 incurrissent.
381 3312 410 3372 ci
425 3310 686 3388 promptissimum
701 3321 856 3383 quemque
870 3312 901 3366 et
915 3304 1056 3380 proxime

69 3398 187 3459 vallum
208 3405 301 3473 atque
315 3398 346 3457 in
361 3397 449 3472 ipsos
469 3394 639 3456 munitores
661 3393 792 3468 primum
812 3391 966 3451 invectum
988 3388 1055 3448 vix·

71 3483 146 3542 dum
166 3481 286 3558 proelio
308 3481 381 3542 inito
396 3479 550 3541 fuderunt.
587 3493 656 3538 curn
671 3475 797 3547 ceteris,
817 3472 869 3550 qui
885 3471 944 3532 sub
959 3472 1055 3547 signis
