2428 3892
187 221 248 290 172
342 221 458 285 amaa
471 221 592 284 xxvn.
615 221 791 286 onaan.
813 225 998 297 pumen]

185 377 270 441 urbis
286 375 446 453 augendae
460 391 555 436 causa
568 374 692 434 missos.
726 388 805 449 quae
821 371 907 433 liberi
921 371 1104 449 parentibus
1121 375 1162 435 de

185 463 301 536 berent,
317 477 355 521 ea
365 460 435 522 illos
449 457 595 520 Romanis
607 456 730 530 debere,
747 456 773 516 si
785 455 847 516 ulla
859 457 967 534 pietas,
981 457 1010 516 si
1021 457 1167 518 memoria

187 545 331 621 antiquae
342 543 458 620 patriae
469 549 561 604 esset.
584 541 779 601 consulerent
792 539 883 616 igitur
893 541 932 601 de
947 540 1085 616 integro:
1102 558 1167 600 nam

187 637 250 692 turn
265 627 388 705 quidem
403 641 482 702 quae
497 633 609 686 temere
625 623 806 700 agitassent,
829 640 866 684 ea
881 623 1033 700 prodendi
1046 623 1167 699 imperii

186 709 325 783 Romani,
341 709 509 770 tradendae
519 707 681 770 Hannibali
695 707 841 768 victoriae
855 723 936 768 esse.
959 723 1030 770 eum
1043 707 1169 768 alternis

187 797 264 856 haec
286 795 430 856 eonsules
445 793 498 854 diu
518 793 698 866 iactassent,
720 791 794 852 nibil
814 791 888 854 moti
902 791 995 868 legati
1015 807 1126 869 neque
1139 809 1169 853 se

190 879 272 956 quod
288 878 412 939 domum
425 877 632 938 renuntiarent
646 873 759 936 habere
780 874 937 950 dixerunt,
960 891 1067 952 neque
1084 892 1169 936 sena·

188 971 251 1025 tum
265 979 354 1025 suum
369 961 444 1039 quid
458 961 530 1022 novi
545 960 727 1036 consuleret,
742 958 793 1020 ubi
808 975 866 1020 nec
880 961 968 1020 miles
984 960 1037 1037 qui
1052 961 1167 1036 legere

187 1055 250 1122 tur,
272 1061 329 1106 nee
344 1045 476 1122 pecunia
491 1059 571 1120 quae
585 1045 708 1105 daretur
720 1042 750 1103 in
765 1042 951 1120 stipendium
973 1051 1071 1105 esset.
1107 1059 1168 1102 curn

188 1130 359 1194 obstinatos
381 1145 436 1190 eos
451 1128 591 1188 viderent
610 1129 770 1201 eonsules,
790 1128 909 1188 remed
926 1134 1073 1189 sonabam
1088 1127 1167 1188 detu-

189 1219 302 1283 lerunt;
323 1213 375 1274 ubi
389 1220 490 1275 tantus
506 1228 603 1288 pavor
617 1211 725 1272 animis
740 1212 896 1272 hominum
910 1219 958 1272 est
971 1212 1167 1286 miscenam

188 1313 298 1373 magna
308 1314 382 1375 pars
396 1303 494 1358 aetum
510 1296 549 1356 de
563 1295 690 1373 imperio
705 1295 834 1356 diceret=
849 1296 931 1356 idem
941 1295 1018 1357 alias
1030 1295 1168 1356 colonia

190 1383 332 1454 iacturas,
349 1381 429 1442 idem
443 1381 564 1451 socios;
587 1380 785 1442 consensisse
800 1395 908 1441 omnes
923 1379 964 1440 ad
975 1379 1166 1456 prodendam
1206 1441 1207 1444 ,

188 1464 349 1526 Hannibali
364 1463 469 1526 urbem
483 1465 661 1525 Romanam.
704 1464 740 1524 x.
763 1463 908 1524 consules
922 1463 1038 1526 hortari
1055 1471 1090 1524 et
1104 1478 1166 1523 con·

190 1537 282 1610 solari
297 1555 443 1622 senatum,
465 1555 495 1608 ct
509 1549 612 1609 dicere
626 1547 703 1608 alias
718 1546 855 1608 colonias
869 1549 900 1608 in
915 1547 977 1608 lide
992 1554 1094 1624 atque
1109 1547 1165 1608 oid·

190 1633 238 1692 cio
261 1631 388 1706 pristino
409 1633 489 1702 iore;
512 1647 566 1692 cas
582 1646 707 1707 quoque
720 1631 815 1707 ipsas,
839 1647 920 1708 quae
940 1631 1046 1692 oiilcio
1065 1632 1167 1692 daces·
1206 1635 1207 1708 i

190 1716 313 1790 sissent,
328 1715 354 1774 si
365 1715 456 1792 legati
467 1717 548 1776 cirea
562 1731 615 1776 eas
628 1715 765 1776 colonias
777 1715 931 1777 mittantur
942 1715 994 1790 qui
1010 1716 1165 1791 castigent
1206 1709 1207 1726 ¹

190 1814 252 1859 non
274 1799 326 1874 qui
348 1806 523 1876 precentur,
545 1798 761 1860 verecundiam
781 1799 899 1877 imperii
916 1798 1080 1861 habitruas
1094 1815 1166 1860 esse

190 1875 374 1958 permissum
388 1882 426 1943 ab
441 1891 550 1944 senatu
563 1884 601 1943 iis
617 1899 686 1944 eum
700 1890 798 1958 esset,
822 1885 957 1945 iacerent
971 1891 1165 1960 agerentque,

189 1973 223 2028 ut
237 1982 255 2027 e
268 1981 303 2026 re
315 1967 438 2043 publiea
452 1968 606 2040 ducerent,
621 1968 829 2044 pertemptatis
844 1969 930 2044 prius
944 1968 1078 2030 aliarum
1093 1969 1166 2028 eolo-

189 2050 307 2119 niarum
334 2051 442 2112 animis
466 2049 635 2112 citaverunt
657 2051 792 2126 legatos,
824 2053 1112 2128 quaesiveruntque
1136 2049 1167 2109 ab
1205 2121 1206 2130 ἵ

189 2134 237 2208 iis,
252 2135 364 2210 ecquid
378 2135 488 2196 milites
503 2151 543 2195 ex
556 2135 687 2196 formula
701 2141 827 2211 paratos
843 2135 998 2198 haberent
1023 2153 1084 2212 pro
1099 2137 1166 2196 duo·
1205 2135 1206 2170 l

191 2217 337 2295 deviginti
359 2218 487 2280 coloniis
507 2213 548 2278 n.
570 2217 716 2279 Sextilius
738 2217 937 2294 Fregellanus
961 2220 1127 2296 respondit
1144 2225 1168 2276 et

190 2303 301 2363 milites
312 2310 437 2379 paratos
453 2318 492 2363 ex
502 2303 633 2363 formula
646 2317 728 2376 esse,
744 2309 775 2363 et
784 2302 925 2378 pluribus
940 2304 967 2364 si
982 2320 1066 2379 opus
1083 2309 1166 2374 esset

192 2386 296 2460 plures
312 2387 452 2457 daturos;
469 2393 500 2447 et
513 2386 665 2462 quidquid
677 2386 761 2447 aliud
776 2387 939 2462 imperaret
947 2387 1107 2463 velletque
1121 2403 1166 2461 po·

191 2472 282 2544 pulos
297 2469 469 2545 Romanus,
491 2472 581 2530 enixe
603 2472 747 2531 iaeturos.
782 2469 822 2530 ad
844 2471 876 2530 id
891 2469 949 2531 sibi
970 2486 1077 2547 neque
1099 2484 1166 2546 opes

192 2551 313 2627 deesse,
329 2559 359 2612 et
373 2555 504 2613 animum
519 2553 609 2618 etiam
625 2569 801 2630 superesse.
830 2557 975 2615 consules
990 2571 1103 2630 parurn
1118 2552 1166 2613 sibi

191 2635 290 2695 videri
301 2635 438 2711 praelati,
455 2652 510 2711 pro
521 2639 628 2698 merito
643 2653 748 2698 eorum
763 2654 821 2698 sua
831 2652 910 2698 voce
924 2638 1095 2700 collaudari
1110 2652 1167 2702 eos,

191 2719 252 2777 nisi
266 2719 402 2779 universi
417 2727 518 2794 patres
539 2721 577 2781 iis
591 2722 622 2781 in
637 2722 722 2783 curia
735 2728 849 2797 gratras
865 2723 1016 2798 egissent,
1039 2721 1129 2798 sequi
1142 2720 1165 2778 in

193 2808 333 2864 senatum
348 2817 403 2863 eos
423 2804 586 2867 iusserunt.
619 2811 745 2866 senatus
761 2822 853 2880 quarn
867 2812 988 2882 poterat
1000 2805 1166 2868 honoratis-

193 2885 273 2946 simo
288 2885 410 2948 decreto
426 2888 587 2949 adlocutus
602 2904 657 2949 eos
673 2890 797 2950 mandat
812 2889 999 2965 consulibus,
1015 2895 1049 2950 ut
1063 2889 1103 2950 ad
1116 2902 1163 2962 po·

195 2969 300 3044 pulum
313 2986 368 3030 eos
380 2973 592 3048 producerent,
608 2980 638 3032 ct
648 2973 726 3032 inter
737 2974 830 3034 multa
841 2975 900 3035 alia
910 2975 1079 3050 praeclara,
1095 2985 1166 3047 quae
1204 3011 1205 3026 ,

194 3053 271 3128 ipsis
286 3054 515 3131 maioribusque
530 3058 595 3116 suis
607 3057 839 3132 praestitissent,
855 3073 964 3118 recens
979 3059 1071 3118 etiarn
1084 3053 1163 3116 meri-

194 3144 256 3197 tum
269 3153 374 3198 eorum
387 3139 417 3199 in
429 3155 494 3200 rem
506 3140 657 3216 publicam
669 3139 950 3202 commemorarent.
965 3157 1005 3201 ne
1015 3155 1096 3201 nuuc
1107 3137 1163 3215 qui-

195 3221 265 3280 dem
286 3229 359 3297 post
377 3229 422 3283 tot
440 3227 564 3283 saecula
585 3225 730 3285 sileantur
751 3225 968 3286 fraudenturve
989 3224 1079 3285 laude
1100 3237 1164 3284 suar

196 3303 313 3380 Signini
327 3305 412 3365 fuere
428 3314 457 3366 et
470 3307 841 3385 NorbaniSalioulanique
855 3317 885 3370 et
895 3308 1066 3384 Fregellani
1079 3306 1158 3367 etbu-

195 3387 289 3446 cerini
309 3394 338 3449 et
358 3391 501 3450 Venusini
512 3397 541 3450 ct
553 3389 734 3452 Brundisini
747 3398 777 3451 et
790 3393 936 3454 Hadriani
955 3399 986 3453 et
999 3389 1127 3455 Firmani
1139 3393 1162 3446 et
1203 3429 1204 3434 η

194 3469 415 3546 Ariminenses,
431 3478 461 3532 et
475 3470 514 3532 ab
530 3474 625 3532 altero
639 3475 715 3538 mari
725 3473 864 3536 Pontiani
878 3483 908 3538 ct
917 3475 1060 3538 Paestani
1074 3482 1101 3537 et
1114 3473 1160 3533 co·
1203 3465 1204 3512 t
