2448 3900
223 228 339 292 LIBER
354 227 458 291 XXIX.
482 229 565 293 cAP.
582 237 624 292 13.
637 238 680 291 14.
704 237 740 305 [a.
753 237 786 290 0.
798 237 863 304 ²04]
966 231 1028 296 aba

27 383 179 447 urbana.
200 381 235 442 Ι..
256 381 418 444 Scribonio
439 381 548 458 Liboni
567 384 730 460 peregrina
751 393 782 446 ct
801 385 901 447 eidem
922 387 1029 464 Gallia,

25 470 85 538 M,
99 466 272 544 Pomponio
285 466 422 529 Mathoni
438 465 556 540 Sicilia,
577 468 643 530 Tib.
658 468 783 531 claudio
798 469 912 532 Neroni
926 470 1030 534 Sardi·

28 553 96 613 nie
112 551 223 614 evenit
258 550 290 610 P.
307 548 444 628 Scipioni
466 565 535 613 cum
549 567 587 613 eo
603 554 757 629 exercitu,
780 570 850 614 cunr
864 557 1028 630 caelasse,

27 651 136 711 quarn
153 634 295 720 babebat,
311 641 510 712 prorogatum
525 635 556 697 in
570 651 684 697 annum
698 637 859 714 imperium
874 644 939 700 esta
958 640 1030 701 item

29 721 74 783 P.
92 719 220 795 licinio,
235 725 269 780 ut
278 719 414 782 Bruttios
429 719 550 781 duabus
564 720 737 797 legionibus
752 722 910 799 obtineret,
926 721 1029 800 quoad

31 820 116 866 eum
130 805 161 866 in
177 804 336 880 provincia
350 819 418 866 cunr
432 803 561 880 imperio
577 805 689 866 morari
701 806 821 868 consuli
832 823 896 868 ere
907 809 1031 883 publica

31 890 148 951 visum
162 895 255 950 esset.
284 894 316 950 et
328 887 367 949 M.
383 889 469 952 Livio
485 895 515 950 et
528 889 583 966 Sp.
597 890 740 951 Lucretio
757 907 826 952 cum
841 891 921 952 binis
936 892 1030 968 legio·

35 973 153 1050 nibus,
174 970 287 1050 quibus
308 973 460 1034 adversus
475 972 637 1049 Magonem
655 973 769 1036 Galliae
783 976 939 1051 praesidio
956 976 1030 1037 iuis·

35 1063 129 1132 sent,
146 1063 348 1134 prorogatum
361 1056 522 1135 imperium
543 1063 607 1129 est;
631 1064 662 1119 et
678 1058 731 1119 cn.
749 1058 891 1136 Octavio,
913 1068 947 1121 ut
961 1075 1031 1121 cum

35 1141 220 1203 Sardiniam
234 1140 448 1219 legionemque
462 1142 527 1202 Tib.
544 1143 670 1205 claudio
685 1143 872 1218 tradidisset,
894 1143 963 1220 ipse
977 1161 1030 1206 nu·

35 1228 137 1290 vibus
151 1224 252 1302 longis
268 1226 472 1303 quadraginta
488 1227 667 1289 maritimam
682 1243 776 1302 oram,
794 1227 905 1305 quibus
917 1229 1030 1290 finibus

37 1318 173 1375 senatus
196 1310 384 1387 censuisset,
407 1317 563 1373 tutaretur.
599 1311 640 1370 Μ.
655 1311 826 1387 Pomponio
846 1311 982 1388 praetori
1000 1312 1030 1373 in

39 1394 152 1457 Sicilia
173 1394 341 1456 Cannensis
367 1394 522 1456 exercitus
548 1396 629 1456 duae
652 1396 791 1471 legiones
816 1396 967 1457 decretae.
997 1399 1023 1458 T

39 1479 205 1555 Quinctius
225 1479 404 1556 Tarentum,
427 1479 457 1540 c·
478 1479 627 1541 Hostilius
647 1479 784 1542 Tubulus
800 1480 936 1557 capuam
957 1496 1028 1560 pro·

40 1571 206 1640 praetores
228 1563 308 1625 sicut
322 1559 426 1640 priore
439 1579 521 1624 anno
537 1579 607 1625 cum
621 1570 726 1625 vetere
739 1565 897 1641 praesidio
913 1565 1029 1626 obtine·

41 1655 124 1710 rent
144 1649 183 1708 de
192 1648 362 1724 Hispaniae
375 1647 514 1725 imperio,
530 1664 610 1726 quos
625 1648 656 1708 in
668 1664 736 1710 eam
746 1649 938 1726 provinciam
949 1648 1028 1711 duos

41 1734 251 1810 proconsules
266 1733 341 1794 mitti
354 1733 498 1808 placeret,
513 1735 607 1795 latum
621 1735 662 1794 ad
675 1737 824 1810 populum
840 1741 895 1795 est.
923 1749 1030 1795 omnes

42 1817 143 1880 tribus
158 1817 295 1892 eosdem,
310 1817 343 1877 Ι..
358 1817 529 1881 Cornelium
540 1818 701 1879 Lentulum
716 1825 746 1879 et
756 1819 789 1878 L.
800 1817 947 1879 Manlium
958 1817 1030 1879 Aci·

41 1902 153 1964 diuum
167 1917 223 1978 pro
239 1901 429 1976 consulibus,
452 1903 533 1963 sicut
545 1903 650 1980 priore
663 1918 744 1963 anno
759 1904 938 1978 tenuissent,
954 1901 1030 1963 obti-

40 2002 122 2048 nere
136 2001 190 2047 eas
206 1986 381 2062 provincias
396 1987 562 2048 iusserunt.
599 1988 744 2049 consules
761 1987 903 2048 dilectum
914 1985 1030 2046 habero

40 2069 242 2133 instituerunt
262 2077 293 2132 et
312 2071 354 2132 ad
374 2087 473 2134 novas
496 2071 677 2133 scribendas
693 2064 725 2131 ini
739 2070 875 2132 Bruttios
890 2068 1030 2145 legiones

41 2164 76 2218 et
89 2155 124 2218 in
138 2164 310 2218 ceterorum
320 2154 415 2218 -ita
429 2154 509 2217 enirn
524 2155 602 2217 iussi
617 2156 656 2216 ab
672 2163 781 2217 senatu
791 2162 878 2216 erant
892 2188 929 2198 -
942 2167 1031 2213 exer·

41 2240 162 2303 cituum
176 2240 433 2317 supplementum.

130 2325 210 2386 XIV.
234 2323 425 2400 Quamquam
448 2325 585 2386 nondum
610 2332 716 2400 aperte
740 2322 847 2384 Africa
870 2319 1031 2398 provincia

42 2410 173 2471 decreta
186 2417 267 2483 erat,
284 2408 508 2472 occultantibus
522 2407 570 2483 id,
586 2409 696 2482 credo,
712 2406 866 2484 patribus,
887 2422 927 2469 ne
941 2422 1030 2483 prae·

43 2492 218 2556 sciscerent
224 2493 500 2571 carthaginienses,
507 2502 608 2556 tamen
620 2492 651 2554 in
664 2509 731 2554 eam
743 2509 832 2569 spem
843 2498 947 2552 erecta
957 2487 1031 2552 civi-

43 2587 94 2641 tas
115 2585 196 2655 erat,
221 2579 251 2639 in
272 2576 379 2639 Africa
399 2595 437 2640 eo
459 2594 539 2642 anno
562 2579 707 2640 bellatum
728 2575 765 2638 iri
779 2577 934 2652 finemque
948 2574 1031 2635 bello

12 2733 19 2746 ,
43 2661 162 2725 Punico
177 2663 300 2725 adesse.
323 2663 503 2740 impleverat
518 2680 556 2726 ec
569 2679 621 2726 res
637 2660 890 2738 superstitionum
900 2657 1030 2734 animos

44 2745 201 2826 pronique
217 2749 303 2810 etad
318 2747 487 2810 nuntianda
501 2758 531 2811 et
545 2750 584 2810 cd
603 2747 760 2830 credenda
776 2743 920 2822 prodigia
934 2748 1030 2807 erant.

43 2849 84 2895 co
107 2834 197 2910 plura
213 2832 436 2909 'vulgabanture
463 2834 543 2896 duos
565 2833 649 2894 soles
664 2831 768 2906 visos,
789 2838 821 2892 et
834 2837 925 2892 nocte
938 2827 1030 2890 inter·

43 2917 175 2992 luxisse,
191 2925 222 2979 et
235 2917 335 2980 lacem
350 2919 457 2980 stellae
472 2918 511 2980 ab
527 2925 595 2979 ortu
610 2915 686 2978 solis
698 2916 739 2976 ad
755 2913 947 2977 occidentem
958 2929 1031 2989 por-

42 3001 103 3078 rigi
123 3000 238 3075 visam;
268 3000 451 3064 Tarracinae
472 3010 607 3078 portam,
627 2998 788 3076 Anagniae
810 3007 840 3060 et
860 3005 981 3075 portam
1002 3007 1032 3056 et

43 3083 150 3148 multis
174 3085 252 3148 locis
277 3103 397 3149 murum
418 3087 457 3147 de
478 3089 564 3149 caelo
589 3093 717 3156 tactum3
752 3082 784 3144 in
805 3084 884 3144 aede
903 3078 1029 3142 lunonis

45 3168 192 3248 Sospitae
203 3170 333 3234 Lanuvii
347 3188 417 3232 cum
430 3169 584 3232 horrendo
601 3170 723 3245 fragore
734 3166 894 3242 strepitum
906 3164 1031 3226 editum.

45 3269 155 3320 eorum
168 3257 433 3332 procurandorum
448 3270 543 3316 cause
552 3253 635 3316 diem
648 3268 743 3314 unum
757 3246 943 3327 supplicatio
958 3245 1030 3313 luite

45 3348 78 3403 et
97 3339 293 3404 novemdiale
311 3355 449 3415 sacrum,
471 3340 556 3415 quod
576 3339 616 3400 de
636 3338 723 3399 caelo
743 3332 913 3411 lapidatum
934 3338 1029 3405 esset,

45 3425 171 3487 lectum.
198 3440 238 3487 eo
255 3426 389 3488 accessit
402 3422 586 3487 consultatio
602 3423 642 3483 do
655 3429 751 3482 matre
764 3419 858 3480 idaea
872 3414 1030 3494 accipien-

46 3508 85 3569 da
119 3525 211 3586 quam
225 3516 441 3588 praeterquam
456 3506 540 3587 qnod
554 3506 594 3567 M.
609 3503 753 3566 Valerius
767 3519 848 3565 unus
864 3517 904 3563 ex
919 3499 1029 3577 legatis
