2448 3900
173 197 236 264 aaa
350 196 570 276 tmunxxx.
594 195 677 258 car.
693 203 757 260 aa.
779 197 964 276 [cneco]

171 360 202 414 et
223 351 325 430 ipsum
344 357 536 428 reparantem
556 349 684 423 bollum,
707 363 777 411 cum
791 365 871 410 uxor
885 365 947 411 non
961 348 1025 409 iam
1039 355 1077 410 ut
1090 357 1160 411 ante

171 435 342 510 blanditiis,
364 435 439 496 satis
453 434 630 512 potentibus
646 434 687 495 ad
701 433 834 496 animum
849 434 998 508 amantis,
1013 434 1078 494 sed
1092 449 1159 510 pre

172 521 259 586 cibus
285 527 316 581 et
339 518 551 581 misericordia
574 517 737 592 valuisset,
766 520 857 595 plena
882 516 1085 580 lacrimarum
1109 518 1159 579 ab

111 627 115 638 ·
171 611 298 680 testans,
323 619 362 664 ne
376 610 495 678 patrem
509 619 599 666 suum
615 603 806 679 patriamque
821 603 976 678 proderet,
993 602 1161 678 isdemque

171 688 302 749 flammis
318 686 545 764 Carthaginem,
566 687 678 764 quibus
700 693 802 748 castra
817 685 1090 762 conflagrassent,
1112 687 1161 745 ab·

172 771 252 834 sunni
272 772 394 832 sineret.
430 787 519 848 spem
541 787 667 847 quoque
688 778 862 847 opportune
884 768 1020 830 oblatam
1040 770 1161 830 adiere

170 855 245 917 bant
272 855 378 932 legatia
415 861 558 933 quattuor
585 856 666 918 milia
691 853 909 916 Celtiberorum
939 853 1025 916 circa
1054 853 1163 914 urbem

171 939 295 1000 nominc
310 937 441 1016 Obbam,
466 938 505 1000 ab
520 939 780 1015 conquisitoribus
796 939 862 1000 suis
884 939 1044 999 conducta
1068 938 1100 997 in
1116 939 1163 997 Hi·

171 1025 289 1101 spanla,
298 1023 440 1100 egregiae
454 1023 618 1086 iuventutis
634 1023 693 1084 sibi
705 1023 886 1098 occurrisse,
894 1021 1164 1084 etHasdrubalem
1213 1079 1214 1092 ἶ

170 1109 350 1186 propediem
365 1107 472 1170 adlore
487 1124 556 1170 cum
566 1125 658 1170 manu
670 1108 909 1184 haudquaquam
920 1107 1164 1169 contemnenda.
1213 1109 1214 1122 ¹

172 1192 261 1270 igitur
281 1209 343 1254 non
363 1193 496 1268 benigne
516 1193 608 1253 modo
625 1192 732 1266 legatis
747 1191 923 1268 respondit,
946 1191 1007 1252 sed
1022 1191 1164 1251 ostendit

172 1276 262 1339 etiarn
286 1277 507 1339 multitudinem
532 1275 699 1352 agrestium
718 1275 932 1348 Numidarum,
959 1275 1085 1352 quibus
1112 1291 1164 1351 per
1214 1268 1215 1350 l

171 1362 299 1425 eosdem
321 1361 387 1422 dies
410 1376 494 1420 arma
515 1375 677 1437 equosque
692 1359 845 1434 dedisset,
867 1366 898 1420 et
911 1374 1040 1420 omnem
1056 1361 1165 1420 iuven·
1214 1357 1215 1412 l

170 1451 264 1510 tutem
284 1445 424 1506 adfinnat
438 1461 478 1505 ax
491 1460 588 1520 regno
602 1443 783 1506 exciturum.
819 1446 899 1505 scire
912 1445 1082 1522 incendio,
1104 1461 1164 1505 non
1214 1447 1215 1452 ’

172 1529 290 1606 proelio
306 1531 424 1590 cladem
439 1536 612 1604 acceptam=
632 1545 702 1590 eum
716 1529 798 1590 bello
813 1528 989 1590 interiorem
1006 1544 1095 1602 esse,
1115 1528 1163 1604 qui

172 1611 264 1674 armis
279 1612 428 1674 vincatur.
459 1612 537 1673 haec
552 1614 659 1690 legatis
674 1629 843 1689 responsor
864 1618 983 1688 etpost
997 1613 1071 1673 dies
1087 1628 1162 1687 pau·
1215 1600 1216 1684 l

172 1712 228 1758 cos
252 1713 360 1756 rursus
386 1695 561 1758 Hasdrubal
587 1704 618 1758 et
639 1695 770 1777 Syphax
796 1696 903 1773 copias
927 1696 1110 1756 iunxerunt.
1139 1697 1163 1754 is

173 1781 271 1840 omnis
288 1781 442 1842 exercitus
458 1781 513 1842 luit
526 1781 648 1857 triginta
662 1781 757 1842 terma
771 1780 853 1840 milia
867 1787 1070 1840 armatorum.

257 1863 336 1924 v111.
358 1863 549 1941 Scipionem,
571 1868 654 1928 velut
673 1866 733 1926 iam
753 1864 919 1936 debellato,
942 1863 1031 1939 quod
1046 1863 1089 1924 ad
1105 1862 1162 1940 Sy·

173 1948 302 2026 phacem
318 1946 650 2025 Cartlmginieosesque
670 1949 825 2024 attineret,
845 1947 951 2010 Uticae
971 1963 1163 2024 oppugnan-

174 2034 233 2094 dae
247 2033 401 2108 intentum,
417 2033 540 2111 iamque
554 2033 712 2096 machinas
727 2033 942 2094 admoventem
955 2031 1057 2093 muris
1074 2047 1163 2092 aver·

172 2117 206 2178 tit
223 2117 303 2178 lama
316 2117 513 2193 redintegrati
529 2117 618 2188 belli;
640 2117 833 2193 modicisque
847 2116 1012 2192 praesidiis
1027 2116 1072 2176 ad
1088 2132 1163 2192 spe

172 2201 250 2262 ciem
273 2201 366 2264 modo
394 2202 564 2263 obsidionis
590 2208 670 2262 terra
697 2202 836 2278 marique
855 2201 969 2262 relictis
996 2200 1069 2276 ipse
1090 2216 1163 2261 cum

170 2286 284 2349 robore
305 2285 457 2346 exercitus
479 2286 522 2346 ire
544 2287 583 2346 ad
603 2286 709 2348 hostes
731 2287 847 2362 pergit·
871 2286 970 2362 primo
993 2285 1024 2345 lu
1041 2288 1163 2346 tumulo

173 2377 316 2447 quattuor
336 2369 417 2432 mitta
439 2370 534 2430 larme
555 2369 688 2432 distante
710 2369 749 2430 ab
764 2369 873 2431 castris
887 2370 980 2445 regiis
998 2371 1162 2440 consedita

171 2461 298 2529 postero
315 2453 364 2515 die
379 2470 447 2516 cum
463 2454 780 2530 equitatuinltlagnos
792 2454 886 2516 -ita
898 2462 1066 2515 vocant—
1078 2470 1162 2514 cam·

172 2553 249 2614 pos,
270 2537 428 2601 sublectos
445 2539 473 2598 ei
487 2540 619 2609 tumulo,
641 2539 809 2613 degressus
825 2538 1023 2600 succedendo
1040 2539 1083 2598 ad
1099 2545 1161 2599 sta·

172 2621 271 2683 tiones
292 2621 427 2684 hostium
447 2623 695 2698 lacessendoque
716 2622 835 2683 levibus
858 2622 983 2698 proeliis
1006 2622 1091 2682 diem
1107 2622 1160 2681 ab·

173 2706 313 2781 sumpsit.
333 2712 364 2765 ct
379 2720 434 2781 per
448 2705 615 2782 insequens
632 2705 758 2768 biduum
770 2706 967 2768 tumultuosis
979 2706 1053 2768 hinc
1065 2713 1160 2783 atque

172 2787 253 2850 illinc
267 2789 503 2850 excursionibus
519 2791 548 2850 in
561 2791 660 2851 vicem
672 2791 745 2852 nihil
756 2791 840 2852 dictu
850 2792 925 2852 satis
937 2791 1065 2867 dignum
1077 2791 1160 2852 lece-

171 2882 257 2934 runt:
281 2878 389 2949 quarto
412 2873 461 2934 die
481 2873 511 2934 in
527 2875 624 2936 aciem
640 2876 793 2952 utrimque
807 2875 995 2936 descensum
1010 2882 1068 2935 est.
1096 2877 1159 2937 Ro-

171 2974 281 3019 manus
292 2957 448 3034 principes
459 2965 533 3034 post
543 2959 732 3020 hastatorum
747 2959 844 3035 prima
854 2958 952 3034 signa,
964 2960 995 3020 in
1007 2960 1159 3022 subsidiis

172 3041 293 3104 triarios
317 3041 488 3112 constituit;
517 3043 684 3119 equitatum
699 3044 836 3105 Italicum
856 3043 896 3104 ab
917 3045 1026 3106 dextro
1050 3059 1157 3118 cornu,

172 3128 211 3188 ab
227 3129 316 3189 laevo
323 3126 470 3188 Numidas
481 3127 740 3203 Masinissamque
754 3127 912 3203 opposuit
935 3127 1067 3208 Syphax
1078 3129 1156 3188 Has·

173 3211 344 3286 drubalque
364 3211 530 3272 Numidicis
551 3211 703 3272 advorsus
723 3211 860 3274 Italicum
879 3213 1063 3288 equitatum,
1086 3211 1157 3272 Car·

173 3293 407 3367 thaginiensium
429 3301 536 3354 oonua
548 3293 744 3354 Masinissam
764 3296 889 3371 locatis,
911 3295 1081 3358 Celtiberos
1094 3313 1157 3356 me

173 3374 255 3434 diam
284 3377 380 3437 aciem
403 3377 434 3436 in
460 3378 593 3438 adversa
621 3377 710 3453 signa
738 3379 894 3453 legionum
922 3394 1085 3457 accepere.
1117 3382 1157 3440 ita

171 3454 310 3517 instructi
327 3467 519 3520 concurrunt.
547 3460 647 3536 primo
662 3461 777 3538 impetu
791 3463 881 3524 simul
896 3471 1027 3542 utraque
1041 3478 1156 3525 cornua
