2434 3902
200 253 259 318 180
337 251 453 313 LIBER
466 251 588 312 xxvll.
611 249 694 312 GAP.
712 257 753 313 15.
771 258 813 313 16.
837 257 874 324 [a.
891 255 924 309 υ.
940 273 965 308 0.
980 257 1043 324 543]

197 427 285 473 suam
300 409 409 472 consul
425 408 559 484 aliquam
575 406 638 466 vim
653 405 819 466 laceratae
834 404 924 480 signa
938 405 1076 480 interret,
1098 423 1171 482 pmc-

196 494 308 555 sidium
323 493 362 554 ad
377 507 489 566 arcem,
504 491 587 552 unde
601 490 733 550 maxime
744 489 886 550 terribilis
901 489 1066 550 accidebat
1081 505 1171 568 soum,

194 577 335 639 traducit.
366 576 481 638 Fabius
497 591 566 636 cum
583 579 612 635 et
627 589 666 635 cx
680 573 829 650 temporis
845 574 944 650 spatio
961 580 991 634 et
1007 590 1047 634 ex
1065 575 1170 636 silentio

194 663 282 738 ipsc,
305 661 406 738 quod,
428 660 480 722 ubi
497 660 589 736 paulo
606 665 676 719 ante
691 658 870 734 strepebant
883 658 1057 720 excitantes
1073 675 1168 719 vocan-

193 753 304 822 tesque
319 745 359 806 ad
380 759 479 818 arma,
502 743 573 804 inde
587 743 670 803 nulla
690 741 851 803 accidebat
865 759 942 818 nox,
965 743 1119 804 deductas
1133 761 1170 804 cu·

194 831 313 894 stodias
336 829 502 902 sensisset,
525 827 597 888 terri
613 829 714 888 scalas
730 827 769 889 ad
785 841 853 887 eam
872 825 991 902 partem
1006 829 1104 903 muri,
1125 844 1172 903 qna

193 915 379 976 Bruttiorum
394 914 553 975 cohortem
569 911 757 989 praesidium
780 911 895 986 agitare
909 909 1099 987 proditionis
1114 927 1171 973 con·

194 999 313 1061 ciliatcr
327 999 534 1069 nuntiaverat,
558 995 651 1059 iubet.
685 1011 722 1056 ca
737 995 867 1072 primum
883 1001 993 1071 captus
1017 1003 1068 1056 est
1083 1012 1171 1056 murus

194 1083 411 1145 adiuvantibus
423 1080 706 1158 recipientibusque
719 1079 854 1154 Bruttiis,
878 1085 908 1140 ct
918 1086 1138 1140 transcensum
1150 1079 1171 1138 in

194 1168 300 1229 urbem
321 1175 377 1228 est
411 1167 484 1226 iude
499 1172 529 1227 et
546 1166 688 1242 proxima
708 1165 841 1226 retracta
856 1171 958 1240 porta,
981 1169 1016 1224 ut
1030 1165 1171 1240 frequent

194 1252 314 1328 agruine
329 1252 419 1328 signa
433 1250 624 1310 inferrentur.
646 1257 709 1311 tum
724 1250 859 1310 clamore
873 1249 996 1309 sublato
1009 1248 1072 1310 sub
1089 1257 1172 1310 nrtm

193 1336 373 1398 lenuelncis
382 1337 464 1397 nullo
476 1334 567 1395 obvio
581 1341 695 1395 armato
704 1332 734 1394 in
743 1333 841 1395 lorum
849 1333 1050 1409 perveniunt;
1064 1349 1170 1395 ontnes-

194 1437 255 1497 que
269 1421 421 1496 nudique,
446 1419 499 1496 qui
514 1419 555 1480 ad
569 1433 669 1478 urcem
686 1424 870 1494 portumque
883 1416 1083 1495 pugnabant,
1107 1417 1134 1476 in
1146 1432 1171 1476 so

194 1508 418 1566 converterunt.
447 1503 528 1564 XVI.
550 1503 700 1579 proelium
716 1502 746 1561 in
761 1502 846 1562 aditu
861 1502 919 1562 iori
933 1502 1055 1562 maiore
1071 1502 1171 1578 impetu

195 1601 284 1658 quam
299 1587 531 1664 perseverantia
543 1587 745 1649 commissum
758 1593 820 1646 est:
843 1603 904 1646 non
920 1585 1032 1662 auimo,
1059 1603 1121 1647 non
1135 1601 1170 1644 ur·

192 1673 267 1747 nris,
293 1688 354 1734 non
375 1677 440 1732 arte
459 1670 547 1748 belli,
570 1670 633 1732 non
648 1671 756 1748 vigore
778 1686 815 1731 ac
829 1669 945 1731 uiribus
967 1670 1114 1746 corporis
1128 1663 1171 1745 pa'r

190 1753 331 1817 Romano
345 1755 525 1817 Tarentinus
551 1761 624 1816 erat.
668 1755 759 1832 igitur
783 1755 854 1832 pilis
879 1761 995 1816 tantum
1021 1755 1169 1826 coniectis,

191 1839 277 1916 prius
290 1855 388 1917 paene
405 1857 495 1918 quam
511 1847 709 1902 consererent
723 1857 840 1915 manus,
856 1846 942 1914 terga
958 1837 1121 1915 dederunt,
1135 1839 1169 1898 di·

191 1923 333 2000 lapsique
347 1941 403 2002 per
418 1931 492 1986 nota
511 1924 598 1986 urbis
613 1923 721 1985 itinera
737 1923 766 1983 in
783 1939 856 1985 suas
878 1923 1114 2000 amicorumque
1127 1923 1168 1982 do·

191 2024 269 2070 mos.
291 2008 353 2072 duo
369 2024 408 2069 ex
424 2009 556 2071 ducibus
569 2008 643 2069 Nico
656 2015 686 2069 et
696 2009 893 2068 Democrates
910 2009 1028 2069 lortiter
1042 2023 1169 2084 pugnan-

190 2101 237 2154 trs
254 2093 408 2166 cecidere;
428 2093 632 2167 Philemenus,
657 2094 708 2169 qui
724 2093 907 2169 proditionis
923 2092 963 2152 ad
977 2091 1167 2153 Hannibalern

191 2183 299 2238 auctor
318 2179 429 2250 luerat,
454 2194 521 2239 cum
538 2179 629 2238 citato
644 2193 725 2252 equo
742 2193 780 2238 cx
795 2177 913 2252 proelio
935 2175 1067 2237 avectus
1090 2181 1168 2248 esset

190 2277 309 2324 vacuus
324 2263 500 2339 paulopost
514 2278 612 2338 equus
628 2277 735 2322 errans
750 2277 808 2337 per
819 2261 926 2322 urbem
943 2261 1100 2336 cognitus,
1115 2273 1169 2320 cor·

189 2361 250 2421 pus
261 2363 427 2423 numquam
439 2348 597 2408 inventum
608 2354 669 2406 est:
685 2345 833 2405 creditum
844 2346 937 2420 vulgo
950 2351 998 2404 est
1008 2345 1039 2404 in
1052 2351 1168 2421 puteum

190 2435 329 2506 apertum
342 2446 380 2491 cx
392 2447 473 2506 equo
485 2431 716 2508 praecipitasse.
740 2429 951 2490 Carthalonem
963 2434 1073 2502 autem,
1090 2442 1167 2505 prac-

190 2512 413 2596 tcctuml’unici
429 2515 583 2590 praesidii,
599 2531 667 2575 cum
684 2513 973 2575 commemoratione
987 2514 1111 2590 paterni
1124 2513 1167 2572 ho·

190 2597 273 2672 spitii
294 2597 404 2672 positis
419 2598 512 2658 armis
527 2599 699 2659 venientem
721 2598 761 2658 ad
776 2597 934 2659 consulem
956 2599 1044 2658 miles
1064 2597 1166 2660 obvius

190 2680 359 2741 obtruncat.
394 2680 443 2739 alii
464 2681 541 2740 alios
563 2683 679 2756 passim
701 2682 768 2742 sine
783 2682 958 2742 discrimine
978 2688 1115 2742 anmatos
1131 2682 1167 2740 iu·

190 2780 290 2824 crmcs
317 2763 462 2839 caedunt,
492 2764 757 2841 Carthaginienses
782 2767 1025 2844 Tarentinosque
1049 2766 1165 2842 pariter.

188 2848 296 2910 Bruttii
312 2863 436 2925 quoque
451 2849 535 2909 multi
549 2849 714 2927 interlecti,
735 2867 792 2912 seu
806 2868 862 2927 per
877 2866 1027 2925 errorem,
1050 2867 1110 2911 seu
1123 2865 1167 2908 ve-

189 2939 254 2993 tere
274 2933 304 2993 in
320 2949 376 2993 eos
390 2933 481 2995 insito
504 2933 590 3010 odio,
612 2951 668 2995 seu
683 2936 723 2995 ad
745 2936 927 3012 proditionis
949 2937 1075 3008 lamam,
1098 2931 1167 2995 utri

188 3018 291 3094 potius
313 3024 404 3094 atque
426 3018 517 3079 annis
540 3025 662 3096 coptum
676 3019 837 3081 Tarentum
859 3020 1030 3095 videretur,
1060 3018 1166 3079 eustin-

188 3103 351 3178 guendam.
383 3109 446 3164 tum
461 3120 480 3163 a
494 3104 590 3164 caede
602 3104 643 3164 ad
654 3104 857 3180 diripiendam
869 3102 1165 3164 urbem-discursum

187 3187 269 3248 milia
280 3187 401 3262 triginta
414 3187 569 3246 servilium
585 3189 716 3264 capitum
733 3188 873 3250 dicuntur
887 3184 976 3264 capti,
993 3188 1110 3263 argenti
1124 3186 1164 3244 ris

188 3268 297 3344 ingens
318 3270 389 3330 tacti
409 3271 597 3346 signatique,
621 3273 685 3332 auri
708 3274 861 3347 octoginta
883 3272 939 3332 tria
953 3271 1037 3332 milia
1058 3270 1162 3347 pondo,

189 3352 277 3426 signa
291 3359 321 3413 et
332 3351 462 3427 tabulae,
478 3369 577 3430 prope
587 3361 620 3415 ut
632 3355 857 3433 Syracusarum
869 3363 1050 3416 ornamenta
1060 3369 1163 3431 aequa·

188 3436 296 3494 verint.
329 3435 385 3495 sed
400 3437 516 3496 maiore
537 3437 637 3498 animo
660 3440 782 3512 generis
803 3440 870 3500 eius
891 3441 1009 3516 praeda
1029 3436 1162 3501 abstinuit

84 3569 87 3576 .
188 3513 301 3595 Fabius
315 3534 405 3594 quam
412 3519 589 3592 Marcellum
606 3519 658 3598 qui
669 3520 865 3598 interroganti
878 3524 1006 3599 scribae,
1021 3524 1094 3602 quid
1106 3521 1162 3583 lieri
