2434 3902
177 182 236 296 tit
320 229 566 292 nmunxxvn.
589 227 783 290 centnm.
805 227 924 305 [aue.
938 233 1001 307 aa,

173 381 317 444 consules
339 381 472 453 inerant,
494 378 534 442 Μ.
551 377 710 440 dometius
730 377 883 454 cethegus
901 376 935 437 P.
950 375 1154 453 Sempronius

172 462 347 528 Tuditanus.
385 465 405 525 ii
426 478 572 526 censores
592 470 627 524 nt
650 477 758 537 agrum
778 461 966 537 Campanum
990 461 1155 523 fruendum

173 550 318 625 locarent,
333 564 373 609 ex
387 548 566 610 auctoritate
579 552 701 624 patrum
714 547 807 607 latam
820 545 861 608 ad
877 545 997 622 piebem
1011 552 1070 618 est,
1087 546 1153 622 pie·

172 633 291 710 besuae
305 632 403 693 scivit.
426 639 550 692 ssenatu
565 631 726 692 tectionem
740 630 894 692 eontentio
909 630 988 690 inter
1001 644 1155 692 censores

174 715 212 778 de
227 717 366 794 principe
385 715 516 791 legendo
531 713 634 776 tenuit.
666 713 839 790 Sempronii
859 713 950 776 tectio
965 721 1046 785 emt;
1070 719 1153 774 cete

174 816 239 862 rum
250 798 407 862 cornelius
418 813 533 862 morem
544 798 686 861 traditum
700 798 866 874 apotribus
880 797 1077 874 sequendum
1092 796 1153 858 aie

173 882 232 957 but,
247 891 279 944 ut
294 885 345 961 qni
361 884 475 960 primus
490 898 602 944 censor
616 898 655 942 ex
670 882 707 942 iis
723 882 775 958 qni
789 882 929 944 viverent
942 882 1061 956 inisset,
1083 897 1154 942 etun

172 967 342 1044 prinoipem
356 969 507 1043 tegerone
521 974 553 1028 et
566 966 593 1027 is
600 966 632 1025 T.
639 965 770 1027 Manlius
778 966 950 1042 Torquatus
966 974 1040 1026 erat
1063 965 1152 1026 Sem·

174 1052 315 1128 pronius,
336 1051 429 1113 cnidi
444 1059 558 1114 sortem
572 1050 694 1126 legendi
715 1049 890 1126 dedissent,
912 1049 1004 1113 etius
1020 1047 1153 1110 liberum

172 1137 300 1198 eosdem
314 1135 441 1198 dedisse
455 1135 543 1196 deos.
575 1150 612 1194 se
625 1133 658 1193 id
672 1149 731 1196 suo
752 1133 876 1196 arbitrio
892 1135 1041 1196 iacturum
1055 1134 1152 1194 tectu·

171 1235 300 1295 rumque
312 1217 345 1293 Q.
356 1217 483 1282 Fabium
493 1216 668 1292 Maximum,
682 1234 772 1295 quem
782 1224 845 1280 tum
860 1219 1028 1295 principem
1039 1218 1154 1279 Roma-

172 1319 230 1364 nae
241 1303 371 1364 civitatis
384 1317 455 1364 esse
467 1302 515 1363 vel
522 1302 692 1364 Hannibale
706 1303 807 1364 iudice
817 1302 952 1364 victuras
965 1309 1058 1363 esset.
1084 1317 1155 1362 cum

172 1388 224 1449 din
245 1393 390 1449 certatum
411 1385 512 1449 verbis
534 1393 632 1459 essct,
664 1387 854 1448 concedente
873 1386 992 1462 collega
1012 1385 1117 1447 lectus
1137 1402 1154 1445 a

172 1470 354 1548 Sempronio
370 1470 515 1548 princeps
529 1471 559 1532 in
575 1477 683 1532 senatu
694 1468 728 1544 Q.
739 1469 851 1531 Fabius
861 1471 1014 1532 Maximus
1030 1471 1153 1531 consui.

112 1569 116 1577 '
171 1555 329 1617 indealius
340 1557 438 1616 iectus
449 1560 574 1616 senatus
586 1561 655 1618 octo
664 1554 845 1631 praeteritis,
857 1554 937 1616 inter
947 1555 1070 1631 quosL.
1079 1553 1151 1615 Cae-

171 1639 406 1701 citinstdetetius
420 1646 495 1714 erat,
509 1638 631 1700 intumis
643 1645 750 1699 auctor
761 1638 953 1700 deserendae
963 1639 1070 1700 Italiae
1083 1645 1155 1714 post

172 1724 362 1787 Cannensem
377 1722 505 1784 cladem.
538 1724 569 1786 in
583 1721 778 1800 equestribus
798 1739 925 1800 quoque
939 1723 1019 1784 notis
1039 1723 1153 1784 eadem

171 1816 294 1870 servata
308 1822 420 1880 eansa3
442 1808 500 1870 sed
516 1816 602 1869 erant
616 1807 763 1885 perpauci
778 1823 857 1884 qnos
872 1823 910 1868 ea
924 1806 1049 1868 infamia
1066 1808 1152 1869 attin-

170 1900 263 1968 geret.
286 1892 345 1954 iliis
359 1891 500 1955 omnibns
511 1923 552 1937 -—
563 1891 688 1952 etmulti
699 1892 983 1969 erant-adempti
999 1891 1086 1967 equi,
1103 1892 1151 1968 qui

171 1977 373 2040 Cannensium
387 1976 540 2052 legionum
556 1976 675 2052 equites
689 1976 719 2035 in
733 1975 837 2038 Sicilia
849 1983 943 2037 erant.
966 1975 1152 2036 addiderant

169 2061 325 2124 acerbitati
341 2062 431 2124 eduin
445 2067 577 2137 tempus,
598 2075 638 2121 ne
653 2061 816 2136 praeterita
829 2060 984 2136 stipendia
999 2059 1150 2136 proceda·

169 2154 235 2207 rent
248 2145 296 2222 iis,
318 2161 399 2223 qnae
413 2160 495 2222 equo
511 2143 633 2221 publico
649 2151 847 2220 emeruerant,
869 2144 927 2205 sed
941 2145 1022 2206 dena
1035 2144 1150 2220 stipen-

169 2229 220 2292 dia
234 2230 324 2308 equis
339 2229 466 2306 privatis
482 2229 626 2290 iacerent
662 2245 804 2304 magnum
818 2235 978 2304 praeterea
991 2243 1151 2289 nnmerum

169 2331 276 2376 corum
297 2314 548 2392 conquisiverunt
568 2313 621 2390 qui
643 2328 725 2389 equo
740 2313 849 2374 mereri
871 2312 1034 2385 deberent;
1058 2318 1150 2388 atque

168 2414 208 2459 ex
227 2399 280 2475 iis,
303 2399 355 2475 qui
377 2398 526 2476 principio
547 2398 614 2460 eius
635 2397 707 2459 belii
727 2398 947 2473 septemdecim
968 2412 1070 2457 annos
1089 2395 1149 2456 nati

169 2483 288 2546 inerant
301 2499 402 2561 neque
416 2483 627 2557 militaverant,
647 2497 755 2542 omnes
770 2481 908 2543 aerarios
926 2483 1075 2543 iecerunt
1106 2481 1149 2539 io-

168 2574 316 2630 caverunt
334 2567 406 2629 inde
419 2567 586 2629 reficienda
601 2583 681 2643 quae
694 2566 777 2627 circa
791 2567 892 2627 iorum
911 2565 1055 2627 incendio
1078 2581 1148 2626 con·

168 2656 289 2727 sumpta
300 2658 395 2727 erant,
410 2657 527 2727 septem
539 2649 691 2726 tabernas,
706 2652 875 2723 macellum,
891 2652 1008 2726 atrium,
1022 2650 1149 2726 regiam.

250 2735 315 2796 XII.
336 2735 510 2796 'liansaetis
525 2733 675 2809 omnibus,
692 2751 772 2810 quae
786 2736 903 2796 Romae
917 2735 1040 2810 agenda
1054 2738 1146 2806 erant,

168 2819 313 2880 consules
334 2818 374 2880 ad
394 2818 507 2880 beilum
529 2818 667 2894 proiecti.
700 2818 786 2894 prior
798 2818 923 2880 Fulvius
945 2832 1146 2894 praegressus

43 2921 49 2930 ’
168 2903 317 2978 capuanis
337 2908 410 2980 post
424 2917 540 2980 paucos
556 2903 624 2962 dies
639 2911 825 2965 consecutus
837 2903 958 2977 Fabius,
975 2903 1028 2980 qui
1042 2909 1073 2963 et
1086 2899 1146 2960 col·

167 2988 266 3062 tegam
277 3001 380 3048 coram
396 2988 564 3049 obtestatus
581 2994 610 3048 et
622 3002 678 3063 per
690 2987 996 3062 litterasntareettum,
1012 2993 1144 3062 utquam

166 3069 314 3133 acerrimo
334 3071 415 3133 bello
438 3072 606 3133 detinerent
626 3070 841 3144 Hannibalem,
854 3073 926 3133 dum
948 3071 1019 3146 ipse
1037 3070 1144 3130 Teren·

167 3161 228 3215 tum
253 3163 460 3232 oppugnarem
487 3171 525 3217 ea
549 3155 626 3216 urbe
650 3156 795 3233 adempta
819 3155 901 3218 hosti
927 3155 988 3216 iam
1011 3155 1143 3228 undique

167 3237 266 3312 pulso,
289 3255 346 3300 nec
360 3240 413 3301 nbi
427 3239 618 3312 consisteret,
641 3255 699 3299 nec
714 3241 788 3316 quid
800 3240 895 3301 ddum
909 3239 1080 3316 respiceret
1093 3237 1141 3296 ha·

164 3318 264 3394 beuti,
286 3339 326 3382 nc
345 3322 520 3383 remorandi
542 3322 666 3398 quidem
687 3337 812 3384 causam
833 3324 863 3383 in
879 3323 964 3384 ltalia
980 3324 1056 3384 iore.
1087 3322 1142 3381 Re·

166 3401 247 3474 mum
268 3405 358 3466 etiam
371 3405 508 3466 nuntium
522 3405 610 3465 mittit
620 3405 660 3465 ad
676 3407 862 3481 praefectum
878 3406 1042 3484 praesidii,
1064 3403 1141 3482 quod

168 3481 205 3540 ab
225 3485 360 3548 Laevino
383 3490 509 3549 consule
530 3488 682 3548 adversus
702 3488 836 3551 Bruttios
857 3491 899 3551 ibi
920 3493 1052 3552 iocatum
1072 3494 1138 3550 erat
