2448 3900
165 105 229 169 312
314 105 429 166 LIBER
442 103 547 164 XXIX.
571 102 770 166 CAP.30.31.
794 103 830 178 [a.
848 105 881 160 li.
897 125 920 160 e.
938 108 1004 179 5ch

164 272 314 336 prospere
329 265 415 318 actae
430 256 579 318 convertit
592 256 632 315 ad
643 255 838 318 Masinissam
852 255 1013 332 Numidas,
1037 255 1149 317 adssue

163 344 299 419 bantque
319 341 455 416 undique
476 355 515 400 ex
537 340 618 415 agris
641 338 779 416 vicisque
793 348 912 402 veteres
927 340 1044 401 milites
1060 339 1152 400 Galae

164 435 194 489 et
207 425 375 488 invitabant
387 425 529 486 iuvenem
543 425 583 484 ad
592 423 827 499 reciperandum
838 431 1003 500 paternum
1014 439 1152 498 regnum

164 526 290 573 numero
312 509 438 584 militum
459 510 644 583 aliquantum
660 509 849 570 Mazaetulus
873 509 1062 584 superabat:
1087 525 1156 568 nam

164 603 194 656 et
207 596 277 671 ipse
292 610 361 654 eum
383 593 564 666 exereitum,
587 609 648 669 quo
663 593 832 670 Capussam
847 594 978 668 vicerat,
1004 600 1038 652 et
1051 608 1097 652 ex
1111 608 1153 650 re

164 679 261 755 ceptis
275 683 349 754 post
370 677 496 737 caedem
510 676 593 752 regis
614 677 731 752 aliquot
744 675 892 746 habebam
912 685 943 737 et
957 691 1043 752 puer
1057 676 1154 736 Lacu-

164 778 267 824 mazes
282 761 320 822 ab
328 760 475 840 Syphace
490 760 603 822 auxilia
616 761 751 837 ingentia
764 762 946 822 adduxerat.
969 761 1156 838 quindecim

163 847 245 907 milia
259 845 394 922 peditum
405 845 586 920 Mazaetulo,
601 845 709 906 decem
723 845 805 906 milia
819 845 952 922 equitum
967 852 1073 918 erant,
1092 845 1156 920 qui·

164 929 220 992 bus
237 947 304 992 eum
311 929 475 990 Masinissa
486 945 680 1006 nequaquam
690 937 806 992 tantum
817 930 955 1005 peditum
969 930 1157 1004 equitumve

162 1015 293 1076 habente
318 1015 384 1075 acie
409 1011 557 1074 conflixit.
596 1013 669 1074 vicit
687 1021 787 1074 nmen
813 1021 842 1075 et
862 1021 999 1074 veterum
1024 1013 1157 1074 militurn

164 1100 258 1160 virtus
275 1106 305 1160 et
319 1097 482 1174 prudentia
495 1098 573 1159 inter
579 1097 718 1158 Romana
730 1097 877 1160 etPunioa
891 1113 975 1158 arma
991 1097 1158 1156 exercitati

163 1183 266 1244 duois=
286 1183 409 1258 regulus
425 1197 493 1242 oum
508 1189 605 1242 tutore
621 1190 650 1244 et
665 1183 776 1258 exigua
786 1182 1048 1242 Masaesuliorum
1060 1197 1158 1240 manu

163 1266 193 1326 in
209 1266 487 1342 Carthaginiensem
507 1281 613 1342 agrum
627 1267 767 1342 perfugit.
799 1266 841 1326 ita
852 1273 1036 1342 recuperato
1055 1281 1158 1340 regno

162 1359 290 1427 paterno
310 1351 491 1428 Masinissa,
520 1350 591 1425 quia
611 1351 670 1412 sibi
691 1351 842 1412 adversus
865 1350 1045 1428 Syphacem
1069 1349 1159 1410 haud

162 1438 254 1511 paulo
280 1436 426 1495 maiorem
442 1441 558 1495 restare
579 1434 803 1495 dimicationem
818 1434 975 1505 cernebat,
999 1434 1158 1509 optimum
1207 1453 1208 1494 t

162 1525 246 1580 ratus
261 1535 330 1578 cum
345 1519 436 1578 fratre
451 1519 588 1594 patruele
602 1519 728 1594 gratiam
742 1519 951 1593 reconciliare,
971 1518 1086 1578 missis
1104 1519 1157 1592 qui

163 1609 193 1662 et
206 1618 304 1677 puero
320 1618 408 1678 spern
424 1603 573 1678 iacerent,
596 1603 668 1662 siin
684 1603 778 1663 tidem
791 1603 973 1664 Masinissae
989 1618 1068 1662 sese
1084 1619 1156 1678 per·

162 1685 305 1760 misisset,
320 1686 451 1747 loturum
466 1704 535 1746 enm
550 1687 580 1746 in
595 1687 706 1747 eodem
719 1687 846 1762 honore,
862 1703 922 1764 quo
938 1687 1024 1764 apud
1040 1685 1156 1746 Galam
1207 1687 1208 1744 i

78 1827 84 1838 ,
163 1767 309 1830 Oesalces
331 1771 485 1846 quondam
508 1771 629 1843 inisset,
652 1771 750 1848 etqui
764 1771 934 1833 Mazaetulo
948 1777 1078 1846 praeter
1099 1772 1155 1830 im·
1207 1761 1208 1802 ¹

163 1854 329 1928 punitatem
344 1870 402 1915 sua
416 1855 519 1915 omnia
533 1871 602 1915 cnm
616 1856 678 1916 fide
693 1855 810 1917 restitui
825 1855 1030 1930 sponderent,
1055 1853 1152 1913 ambo
1207 1855 1208 1860 ’

162 1945 380 2015 praeoptantes
395 1938 505 2001 exsilio
521 1940 673 2001 modicam
688 1940 771 2000 domi
785 1939 945 2013 fortunam,
968 1937 1088 2012 omnia,
1112 1955 1155 1998 ne
1207 2007 1208 2012 ἵ

161 2021 193 2081 id
213 2023 314 2094 tieret,
343 2022 642 2100 Carthaginiensibus
663 2025 702 2083 de
727 2023 877 2084 industria
898 2022 1082 2098 agentibus,
1113 2022 1155 2082 ad

162 2121 233 2166 sese
247 2106 400 2183 perduxit.
811 2181 815 2188 ⁴

244 2191 350 2252 XXXI.
382 2189 556 2251 Hasdrubal
572 2199 636 2252 tum
651 2192 742 2266 torte,
764 2207 833 2254 cum
853 2191 932 2252 haec
951 2191 1155 2267 gerebantur,

162 2275 245 2350 apud
261 2273 437 2352 Syphacem
459 2280 538 2346 crab
562 2275 615 2351 qni
633 2273 797 2351 Numidae,
818 2275 902 2336 haud
922 2291 998 2336 sane
1019 2279 1154 2337 multum

162 2357 202 2418 ad
216 2374 251 2418 se
266 2358 419 2434 pertinere
434 2359 577 2430 credenti,
593 2365 692 2419 utrum
707 2375 805 2436 penes
818 2359 1011 2421 Lacumazen
1027 2377 1071 2420 an
1085 2361 1153 2421 Ma-

162 2442 306 2503 sinissam
319 2458 446 2518 regnum
453 2442 670 2504 Maesuliorum
685 2450 776 2516 esset,
794 2442 856 2503 lalli
871 2458 940 2503 eum
954 2460 1152 2520 magnopere

161 2525 218 2599 ait,
241 2527 268 2586 si
281 2526 478 2587 Masinissam
499 2527 616 2587 eisdem
631 2534 804 2588 contentum
818 2528 885 2587 lore
900 2527 1012 2603 quibus
1028 2536 1153 2604 patrem

162 2608 267 2670 Galam
282 2617 333 2670 aut
344 2617 484 2685 patruum
498 2611 564 2672 eius
574 2609 732 2671 Oesaloem
747 2612 867 2672 credat:
888 2612 981 2672 multo
997 2613 1150 2672 maiorem

162 2692 296 2752 indolem
311 2693 341 2751 in
357 2708 395 2753 eo
416 2692 507 2754 anirni
527 2694 703 2771 ingeniique
722 2711 793 2756 esse
809 2712 899 2770 quarn
915 2696 945 2755 in
966 2696 1029 2757 ullo
1044 2697 1150 2774 gentis

161 2775 227 2836 eius
244 2777 518 2854 umquamlnisset.
552 2795 647 2855 saepe
662 2795 730 2838 eum
744 2780 775 2838 in
789 2778 938 2855 Hispania
956 2795 1047 2840 rarae
1072 2781 1146 2841 inter

162 2859 301 2922 homines
314 2861 433 2922 virtutis
444 2861 601 2937 specimen
615 2863 741 2924 dedisse
755 2864 849 2924 sociis
861 2863 976 2940 pariter
985 2863 1147 2926 hostibus·

163 2961 232 3020 que.
256 2951 285 3005 et
295 2945 471 3023 Syphacem
487 2951 518 3005 et
532 2947 806 3022 Carthaginienses,
825 2947 883 3008 nisi
899 2947 1047 3023 orientem
1063 2950 1147 3010 illino
1207 2993 1208 3011 t

161 3028 261 3104 ignem
277 3029 518 3107 oppressissent,
535 3031 648 3106 ingenti
660 3048 732 3091 mox
750 3031 902 3119 incendio,
918 3048 986 3091 com
999 3031 1062 3092 iam
1080 3035 1145 3093 nul-

161 3114 221 3175 lam
236 3132 328 3192 opem
343 3117 422 3176 ierre
433 3123 571 3192 possent,
588 3131 730 3176 arsuros:
753 3117 854 3176 adhue
868 3122 990 3176 teneras
1006 3123 1037 3175 et
1052 3117 1145 3190 tragi-

160 3198 206 3257 lcs
224 3199 305 3259 vires
328 3201 395 3260 eius
409 3215 495 3272 esse,
518 3198 643 3258 vixdum
659 3202 838 3260 coalescens
855 3199 986 3260 foventis
1004 3215 1144 3274 regnum.

161 3280 302 3342 instando
325 3283 571 3356 stimulandoque
592 3283 757 3358 pervincit,
777 3289 812 3344 ut
826 3284 993 3343 exercitum
1007 3283 1049 3344 ad
1064 3285 1143 3344 fines

161 3363 377 3424 Maesuliorum
391 3366 563 3436 admoveat,
579 3371 671 3438 atque
685 3366 716 3424 in
731 3383 815 3442 agro,
830 3367 870 3427 de
885 3383 946 3443 quo
962 3382 1060 3442 saepe
1076 3383 1142 3428 oum
