2428 3892
166 119 225 186 130
266 119 382 180 LIBER
395 117 502 180 xxvi.
525 116 608 178 CAP.
622 124 668 182 25.
690 123 729 193 [a.
739 121 775 176 U.
787 138 813 176 a.
823 122 886 184 can
903 138 929 176 a.
941 119 976 174 0.
988 119 1054 186 art]

247 273 340 334 XXV.
362 271 503 348 Philippo
519 269 699 332 Aetolorum
713 268 845 332 delectio
860 268 965 328 Pellae
979 265 1159 327 hibernanti

163 358 266 422 adlata
280 363 336 420 est.
364 355 477 434 itaque,
494 354 566 431 quia
579 353 677 430 primo
695 368 767 414 vere
782 359 921 417 motums
937 351 1116 416 exereitum
1131 351 1160 410 in

165 442 323 508 Graeciam
338 446 411 514 erat,
432 445 465 500 ut
477 437 598 514 Illyrios
613 427 820 514 uiittmasque
835 437 882 496 eis
897 436 993 498 arbes
1008 437 1050 498 ab
1067 442 1160 510 tergo

165 533 248 602 metu
267 524 386 601 quietos
406 521 589 584 Macedonia
609 521 750 596 haberet,
772 521 1007 600 expeditionem
1024 518 1162 582 subitam

165 611 196 670 in
211 609 401 675 Oricinorum
421 612 515 682 atquc
528 605 768 684 Apolloniatium
782 605 862 672 lines
879 605 966 682 lecit,
990 619 1161 683 egressos-

165 709 226 770 que
239 689 452 770 apolloniates
469 705 539 750 eum
553 705 663 764 magno
680 697 796 759 terrore
817 705 855 751 ac
870 704 990 764 pavore
1006 688 1161 764 compulit

164 777 243 838 iutra
257 791 373 839 muros.
405 773 533 834 vastatis
548 774 697 852 proximis
712 773 827 850 lllyrici
840 772 871 834 iu
886 772 1096 848 Pelagoniam
1110 787 1155 830 ea·

166 861 236 922 dem
257 859 409 922 eeleritate
430 857 520 918 vertit
539 857 610 930 iter;
633 858 705 920 iude
724 857 941 921 Dardanorum
962 856 1076 920 urbem
1091 855 1161 918 Sin-

164 945 245 1018 tiam,
268 943 298 1004 in
312 942 522 1009 Macedonian
538 942 698 1005 transitum
710 941 864 1007 Dardanis
880 942 1043 1015 iacturam,
1064 941 1160 1016 cepit.

164 1028 213 1092 his
227 1028 337 1102 raptim
352 1027 427 1091 actis
442 1041 559 1091 memor
568 1025 699 1089 Aetolici
714 1025 870 1100 iunctique
886 1042 955 1086 curn
971 1041 1010 1086 eo
1023 1025 1162 1087 Romani

165 1111 237 1175 belli
258 1126 313 1187 per
326 1109 520 1190 Pelagoniam
541 1117 571 1172 et
583 1109 724 1190 Lyncum
738 1113 768 1174 et
780 1109 952 1180 Bottiaeam
973 1111 1005 1170 in
1020 1109 1160 1178 Thessa-

167 1195 237 1261 liam
252 1195 425 1260 descendit:
448 1201 530 1259 metu
544 1195 585 1260 ad
598 1194 714 1264 bellum
727 1210 834 1261 secum
853 1195 1009 1265 adversus
1024 1193 1161 1264 Aetolos

165 1277 392 1355 capessendum
414 1278 532 1340 incitari
546 1293 642 1355 posse
656 1277 796 1342 hommes
812 1277 969 1343 credebat.
1001 1285 1034 1344 ct
1046 1277 1160 1341 relicto

165 1365 206 1426 nd
221 1364 327 1428 lauces
340 1363 517 1424 Thessaliae
531 1363 644 1424 Perseo
666 1378 735 1424 eum
750 1370 894 1440 quattuor
907 1362 1033 1424 milibus
1056 1378 1160 1425 arma·

166 1453 265 1508 torum
285 1447 325 1506 ad
345 1447 498 1508 arcendos
512 1447 598 1506 aditu
610 1448 753 1520 Aetolos,
777 1448 861 1524 ipse,
884 1447 1074 1523 priusquam
1098 1463 1161 1508 ma·
1203 1495 1204 1530 ,

165 1529 284 1590 loribus
299 1537 500 1605 occuparetur
513 1532 622 1605 rebus,
645 1531 676 1592 in
690 1531 906 1595 Macedoniarn
920 1539 1016 1608 atque
1036 1531 1119 1599 inde
1133 1532 1161 1590 in
1203 1531 1204 1568 l

163 1612 323 1672 Thraciam
337 1613 503 1682 exercitum
518 1615 559 1680 ad
570 1615 701 1678 Maedos
716 1616 812 1679 duxit.
843 1616 1002 1692 incurrere
1023 1631 1066 1676 ea
1081 1631 1160 1692 gens

165 1695 196 1754 in
209 1693 422 1758 Macedoniam
437 1698 528 1760 solita
541 1705 614 1773 erat,
635 1699 690 1760 ubi
702 1715 807 1773 regem
822 1708 1010 1778 occupatum
1025 1707 1159 1762 externo

165 1777 246 1838 bello
268 1795 305 1842 ae
320 1779 387 1844 siue
402 1781 556 1855 praesidio
578 1798 650 1846 esse
664 1799 793 1860 regnam
814 1784 977 1849 sensisset.
1010 1785 1054 1844 ad
1078 1785 1159 1847 iran-

164 1861 284 1935 gaudos
299 1863 389 1938 igitur
399 1871 521 1926 vasure
535 1882 626 1942 agros
638 1875 669 1930 et
678 1869 1045 1946 urbemlatnphorynam,
1066 1875 1159 1946 caput

165 1960 329 2024 arcemque
343 1948 510 2024 Maedicae,
530 1964 712 2026 oppugnare
726 1954 838 2029 eoepit
876 1953 998 2030 Scopas
1015 1953 1073 2017 ubi
1087 1970 1157 2031 pro-

166 2029 276 2090 tectum
287 2031 480 2094 inTlrraeiam
492 2049 595 2110 regem
612 2044 858 2113 occupatumque
873 2038 915 2098 ibi
926 2039 1009 2100 ballo
1025 2039 1158 2110 audivit,

164 2120 280 2176 armata
296 2116 377 2176 omui
391 2116 547 2178 iuventute
559 2120 741 2182 Aetolorum
755 2121 870 2182 bellum
885 2122 999 2184 inlerrc
1014 2126 1157 2184 Acarna-

165 2195 234 2290 niae
247 2204 345 2272 parat.
365 2199 517 2260 adversus
534 2202 618 2274 quod
633 2219 668 2264 so
678 2205 878 2267 Acarnanum
892 2222 972 2282 gens
988 2213 1020 2270 et
1034 2207 1156 2269 viribus

165 2294 312 2354 amparem
326 2287 356 2342 et
369 2282 429 2344 iam
445 2283 597 2346 Oeniadas
612 2287 790 2365 Nasumque
812 2291 932 2356 amissa
943 2307 1079 2355 cernens
1095 2293 1156 2353 Ro
1202 2295 1203 2328 l

164 2375 318 2458 maneque
332 2365 459 2443 insuper
473 2384 558 2428 arma
571 2370 723 2448 ingruere,
746 2373 793 2434 ira
805 2376 905 2452 magis
921 2376 1045 2440 instruit
1061 2393 1155 2454 quam

165 2444 293 2506 consilio
314 2448 438 2544 bellum.
471 2453 653 2529 coniugibus
668 2455 838 2533 liberisque
859 2468 890 2520 et
907 2460 1088 2525 senioribus
1103 2477 1152 2522 su·

165 2541 221 2620 per
240 2538 400 2624 sexagmta
421 2549 519 2596 anuos
540 2537 570 2596 in
591 2539 797 2616 propinquam
818 2543 945 2619 Epimm
965 2545 1092 2618 missis,
1117 2546 1155 2604 ab

166 2610 339 2708 quindecim
360 2615 399 2674 ad
415 2619 575 2694 sexaginta
594 2638 693 2686 annos
710 2626 872 2690 coniurant
885 2628 946 2691 nisi
960 2628 1102 2701 victores
1120 2645 1155 2691 se

164 2705 226 2750 non
246 2695 415 2759 redituros:
438 2703 489 2778 qui
505 2705 603 2768 victus
618 2708 685 2772 acie
700 2712 906 2789 excessisset,
928 2729 1000 2774 cum
1018 2730 1061 2778 ne
1084 2715 1153 2790 quis

162 2773 240 2834 urbe
256 2781 334 2841 teoto
350 2797 457 2848 mensa
471 2787 712 2866 lare-reciperet,
736 2793 835 2856 diram
856 2798 1108 2862 exsecrationem
1124 2799 1153 2857 in

165 2861 347 2937 reparares,
371 2868 603 2934 obtestationem
619 2891 712 2950 quam
732 2880 962 2942 sanctissimam
983 2889 1154 2958 potuerunt

165 2942 314 3006 adversus
335 2949 474 3026 hospites
496 2967 751 3032 composuerunt;
775 2965 956 3040 precatique
971 2966 1068 3028 simul
1081 2967 1151 3042 api-

164 3033 248 3090 rotas
263 3036 341 3106 sant,
357 3042 390 3096 ut
403 3037 455 3112 qui
469 3054 594 3101 suorum
608 3042 638 3102 in
655 3044 721 3106 acie
736 3046 933 3122 cecidissent,
953 3065 1010 3110 eos
1027 3067 1094 3112 uno
1109 3057 1151 3112 tu-

163 3111 245 3208 naulo
268 3122 475 3194 contegerent,
498 3124 739 3204 adhiberentque
759 3130 893 3194 humatis
913 3132 1053 3196 titulum:
1084 3134 1151 3196 “hic

163 3201 213 3254 srtr
235 3203 307 3257 sunt
325 3202 520 3282 Acarnanes,
548 3211 599 3284 qui
626 3212 778 3278 adversus
798 3217 862 3278 vim
889 3224 985 3296 atque
1009 3220 1150 3282 iniuriam

163 3276 342 3343 A⁰t⁰¹⁰ffl¹¹¹
364 3302 420 3362 Pl⁰
441 3291 540 3363 patrie
564 3303 736 3371 pugnantes
755 3303 1149 3380 mortem'oceubuenrnt,
1201 3301 1202 3386 ζ

164 3373 221 3432 per
233 3361 310 3424 haee
330 3366 461 3431 incitatis
483 3375 591 3437 animis
613 3386 715 3440 eastra
735 3382 766 3443 in
788 3387 936 3450 extremis
952 3389 1073 3458 unibus
1088 3390 1147 3452 suis
1201 3401 1202 3441 l
