<?xml version="1.0" encoding="UTF-8"?>
<!DOCTYPE html PUBLIC "-//W3C//DTD XHTML 1.0 Transitional//EN"
    "http://www.w3.org/TR/xhtml1/DTD/xhtml1-transitional.dtd">
<html xmlns="http://www.w3.org/1999/xhtml" xml:lang="en" lang="en">
 <head>
  <title>
</title>
<meta http-equiv="Content-Type" content="text/html;charset=utf-8" />
  <meta name='ocr-system' content='tesseract 3.04.00' />
  <meta name='ocr-capabilities' content='ocr_page ocr_carea ocr_par ocr_line ocrx_word'/>
</head>
<body>
  <div class='ocr_page' id='page_1' title='image "./titiliviaburbec09livygoog_0093.png"; bbox 0 0 2466 3900; ppageno 0'>
   <div class='ocr_carea' id='block_1_1' title="bbox 198 259 1018 334">
    <p class='ocr_par' dir='ltr' id='par_1_1' title="bbox 198 259 1018 334">
     <span class='ocr_line' id='line_1_1' title="bbox 198 259 1018 334; baseline -0.012 -4"><span class='ocrx_word' id='word_1_1' title='bbox 198 264 240 330; x_wconf 77' lang='lat' dir='ltr'><strong>db</strong></span> <span class='ocrx_word' id='word_1_2' title='bbox 350 261 466 324; x_wconf 77' lang='lat' dir='ltr'><strong>LtBEit</strong></span> <span class='ocrx_word' id='word_1_3' title='bbox 479 261 572 323; x_wconf 84' lang='lat' dir='ltr'><strong>xxv.</strong></span> <span class='ocrx_word' id='word_1_4' title='bbox 596 259 678 322; x_wconf 76' lang='grc' dir='ltr'><strong>οΑΡ.</strong></span> <span class='ocrx_word' id='word_1_5' title='bbox 696 268 738 322; x_wconf 80' lang='lat' dir='ltr'><strong>ll.</strong></span> <span class='ocrx_word' id='word_1_6' title='bbox 755 269 797 322; x_wconf 83' lang='lat' dir='ltr'><strong>rs.</strong></span> <span class='ocrx_word' id='word_1_7' title='bbox 819 265 855 334; x_wconf 73' lang='grc' dir='ltr'><strong>[ι.</strong></span> <span class='ocrx_word' id='word_1_8' title='bbox 867 265 902 318; x_wconf 82' lang='grc' dir='ltr'><strong>υ.</strong></span> <span class='ocrx_word' id='word_1_9' title='bbox 915 282 939 319; x_wconf 74' lang='lat' dir='ltr'><strong>e.</strong></span> <span class='ocrx_word' id='word_1_10' title='bbox 956 263 1018 331; x_wconf 78' lang='lat' dir='ltr'><strong>bloi</strong></span> 
     </span>
    </p>
   </div>
   <div class='ocr_carea' id='block_1_2' title="bbox 198 410 1201 998">
    <p class='ocr_par' dir='ltr' id='par_1_2' title="bbox 198 410 1201 998">
     <span class='ocr_line' id='line_1_2' title="bbox 199 410 1167 496; baseline -0.011 -16"><span class='ocrx_word' id='word_1_11' title='bbox 199 433 297 496; x_wconf 87' lang='lat' dir='ltr'><strong>seque</strong></span> <span class='ocrx_word' id='word_1_12' title='bbox 318 422 349 477; x_wconf 90' lang='lat' dir='ltr'><strong>et</strong></span> <span class='ocrx_word' id='word_1_13' title='bbox 368 415 541 489; x_wconf 86' lang='lat' dir='ltr'><strong>eohortem,</strong></span> <span class='ocrx_word' id='word_1_14' title='bbox 569 412 596 476; x_wconf 88' lang='lat' dir='ltr'><strong>si</strong></span> <span class='ocrx_word' id='word_1_15' title='bbox 618 413 686 474; x_wconf 90' lang='lat' dir='ltr'><strong>eius</strong></span> <span class='ocrx_word' id='word_1_16' title='bbox 709 411 811 472; x_wconf 84' lang='lat' dir='ltr'><strong>vexilli</strong></span> <span class='ocrx_word' id='word_1_17' title='bbox 833 410 940 472; x_wconf 84' lang='lat' dir='ltr'><strong>hostes</strong></span> <span class='ocrx_word' id='word_1_18' title='bbox 961 410 1049 487; x_wconf 91' lang='lat' dir='ltr'><strong>potiti</strong></span> <span class='ocrx_word' id='word_1_19' title='bbox 1067 417 1167 483; x_wconf 79' lang='lat' dir='ltr'><strong>esseut</strong></span> 
     </span>
     <span class='ocr_line' id='line_1_3' title="bbox 199 493 1163 580; baseline -0.009 -17"><span class='ocrx_word' id='word_1_20' title='bbox 199 502 345 580; x_wconf 86' lang='lat' dir='ltr'><strong>prineeps</strong></span> <span class='ocrx_word' id='word_1_21' title='bbox 354 499 422 576; x_wconf 87' lang='lat' dir='ltr'><strong>ipse</strong></span> <span class='ocrx_word' id='word_1_22' title='bbox 432 512 489 574; x_wconf 93' lang='lat' dir='ltr'><strong>per</strong></span> <span class='ocrx_word' id='word_1_23' title='bbox 500 497 617 558; x_wconf 86' lang='lat' dir='ltr'><strong>lessam</strong></span> <span class='ocrx_word' id='word_1_24' title='bbox 628 497 804 571; x_wconf 83' lang='lat' dir='ltr'><strong>vallumque</strong></span> <span class='ocrx_word' id='word_1_25' title='bbox 814 496 844 555; x_wconf 93' lang='lat' dir='ltr'><strong>in</strong></span> <span class='ocrx_word' id='word_1_26' title='bbox 856 501 959 559; x_wconf 76' lang='lat' dir='ltr'><strong>casua</strong></span> <span class='ocrx_word' id='word_1_27' title='bbox 969 493 1086 570; x_wconf 87' lang='lat' dir='ltr'><strong>inupit</strong></span> <span class='ocrx_word' id='word_1_28' title='bbox 1108 493 1163 554; x_wconf 86' lang='lat' dir='ltr'><strong>ian·</strong></span> 
     </span>
     <span class='ocr_line' id='line_1_4' title="bbox 200 577 1168 662; baseline -0.012 -14"><span class='ocrx_word' id='word_1_29' title='bbox 200 601 260 662; x_wconf 89' lang='lat' dir='ltr'><strong>que</strong></span> <span class='ocrx_word' id='word_1_30' title='bbox 273 585 353 646; x_wconf 83' lang='lat' dir='ltr'><strong>intra</strong></span> <span class='ocrx_word' id='word_1_31' title='bbox 365 583 479 644; x_wconf 83' lang='lat' dir='ltr'><strong>vallum</strong></span> <span class='ocrx_word' id='word_1_32' title='bbox 492 577 607 656; x_wconf 73' lang='lat' dir='ltr'><strong>Peligni</strong></span> <span class='ocrx_word' id='word_1_33' title='bbox 621 579 809 656; x_wconf 69' lang='lat' dir='ltr'><strong>pugnabant,</strong></span> <span class='ocrx_word' id='word_1_34' title='bbox 825 594 894 641; x_wconf 88' lang='lat' dir='ltr'><strong>eum</strong></span> <span class='ocrx_word' id='word_1_35' title='bbox 908 579 1002 640; x_wconf 86' lang='lat' dir='ltr'><strong>altera</strong></span> <span class='ocrx_word' id='word_1_36' title='bbox 1019 582 1106 654; x_wconf 88' lang='lat' dir='ltr'><strong>parte</strong></span> <span class='ocrx_word' id='word_1_37' title='bbox 1119 578 1168 636; x_wconf 87' lang='lat' dir='ltr'><strong>Va·</strong></span> 
     </span>
     <span class='ocr_line' id='line_1_5' title="bbox 200 661 1201 740; baseline -0.01 -11"><span class='ocrx_word' id='word_1_38' title='bbox 200 669 274 730; x_wconf 91' lang='lat' dir='ltr'><strong>terio</strong></span> <span class='ocrx_word' id='word_1_39' title='bbox 289 667 400 728; x_wconf 82' lang='lat' dir='ltr'><strong>Flaeeo</strong></span> <span class='ocrx_word' id='word_1_40' title='bbox 420 665 541 726; x_wconf 91' lang='lat' dir='ltr'><strong>tribuno</strong></span> <span class='ocrx_word' id='word_1_41' title='bbox 563 663 689 726; x_wconf 89' lang='lat' dir='ltr'><strong>militum</strong></span> <span class='ocrx_word' id='word_1_42' title='bbox 702 663 810 724; x_wconf 79' lang='lat' dir='ltr'>tertiae</span> <span class='ocrx_word' id='word_1_43' title='bbox 823 662 954 740; x_wconf 76' lang='lat' dir='ltr'><strong>legionis</strong></span> <span class='ocrx_word' id='word_1_44' title='bbox 976 661 1170 738; x_wconf 75' lang='lat' dir='ltr'>exprobrante</span> <span class='ocrx_word' id='word_1_45' title='bbox 1200 719 1201 740; x_wconf 25' lang='lat' dir='ltr'><strong>p</strong></span> 
     </span>
     <span class='ocr_line' id='line_1_6' title="bbox 198 741 1201 827; baseline -0.01 -14"><span class='ocrx_word' id='word_1_46' title='bbox 198 751 347 814; x_wconf 84' lang='lat' dir='ltr'><strong>Romanis</strong></span> <span class='ocrx_word' id='word_1_47' title='bbox 361 749 522 827; x_wconf 73' lang='lat' dir='ltr'><strong>ignadam,</strong></span> <span class='ocrx_word' id='word_1_48' title='bbox 537 749 590 824; x_wconf 78' lang='lat' dir='ltr'><strong>qui</strong></span> <span class='ocrx_word' id='word_1_49' title='bbox 602 748 697 810; x_wconf 87' lang='lat' dir='ltr'><strong>soeiis</strong></span> <span class='ocrx_word' id='word_1_50' title='bbox 712 754 871 825; x_wconf 80' lang='lat' dir='ltr'><strong>captorum</strong></span> <span class='ocrx_word' id='word_1_51' title='bbox 886 753 1058 810; x_wconf 81' lang='lat' dir='ltr'><strong>castrortuu</strong></span> <span class='ocrx_word' id='word_1_52' title='bbox 1073 761 1169 808; x_wconf 87' lang='lat' dir='ltr'><strong>eonee·</strong></span> <span class='ocrx_word' id='word_1_53' title='bbox 1200 741 1201 814; x_wconf 64' lang='lat' dir='ltr'><strong>l</strong></span> 
     </span>
     <span class='ocr_line' id='line_1_7' title="bbox 199 830 1201 910; baseline -0.008 -13"><span class='ocrx_word' id='word_1_54' title='bbox 199 837 308 898; x_wconf 90' lang='lat' dir='ltr'><strong>dereut</strong></span> <span class='ocrx_word' id='word_1_55' title='bbox 320 835 426 908; x_wconf 80' lang='lat' dir='ltr'><strong>decus,</strong></span> <span class='ocrx_word' id='word_1_56' title='bbox 445 835 478 895; x_wconf 84' lang='lat' dir='ltr'><strong>T.</strong></span> <span class='ocrx_word' id='word_1_57' title='bbox 493 833 645 895; x_wconf 83' lang='lat' dir='ltr'><strong>Pedanius</strong></span> <span class='ocrx_word' id='word_1_58' title='bbox 660 832 807 910; x_wconf 78' lang='lat' dir='ltr'><strong>princeps</strong></span> <span class='ocrx_word' id='word_1_59' title='bbox 819 831 936 909; x_wconf 86' lang='lat' dir='ltr'><strong>primus</strong></span> <span class='ocrx_word' id='word_1_60' title='bbox 950 830 1099 904; x_wconf 81' lang='lat' dir='ltr'><strong>centurio,</strong></span> <span class='ocrx_word' id='word_1_61' title='bbox 1114 846 1171 890; x_wconf 77' lang='lat' dir='ltr'><strong>euru</strong></span> <span class='ocrx_word' id='word_1_62' title='bbox 1200 835 1201 898; x_wconf 64' lang='grc' dir='ltr'>ξ</span> 
     </span>
     <span class='ocr_line' id='line_1_8' title="bbox 199 914 1201 998; baseline -0.009 -17"><span class='ocrx_word' id='word_1_63' title='bbox 199 920 344 998; x_wconf 77' lang='lat' dir='ltr'><strong>signifero</strong></span> <span class='ocrx_word' id='word_1_64' title='bbox 359 919 481 996; x_wconf 79' lang='lat' dir='ltr'><strong>signum</strong></span> <span class='ocrx_word' id='word_1_65' title='bbox 495 917 671 993; x_wconf 79' lang='lat' dir='ltr'><strong>ademisset,</strong></span> <span class='ocrx_word' id='word_1_66' title='bbox 694 917 775 993; x_wconf 85' lang='lat' dir='ltr'><strong>„iarn</strong></span> <span class='ocrx_word' id='word_1_67' title='bbox 787 917 849 978; x_wconf 88' lang='lat' dir='ltr'><strong>hoe</strong></span> <span class='ocrx_word' id='word_1_68' title='bbox 863 915 985 992; x_wconf 76' lang='lat' dir='ltr'><strong>signum</strong></span> <span class='ocrx_word' id='word_1_69' title='bbox 999 922 1031 977; x_wconf 88' lang='lat' dir='ltr'><strong>et</strong></span> <span class='ocrx_word' id='word_1_70' title='bbox 1045 914 1097 976; x_wconf 88' lang='lat' dir='ltr'><strong>hie</strong></span> <span class='ocrx_word' id='word_1_71' title='bbox 1111 929 1169 976; x_wconf 89' lang='lat' dir='ltr'><strong>een·</strong></span> <span class='ocrx_word' id='word_1_72' title='bbox 1200 937 1201 964; x_wconf 66' lang='lat' dir='ltr'><strong>r</strong></span> 
     </span>
    </p>
   </div>
   <div class='ocr_carea' id='block_1_3' title="bbox 192 998 1201 3608">
    <p class='ocr_par' dir='ltr' id='par_1_3' title="bbox 192 998 1201 3608">
     <span class='ocr_line' id='line_1_9' title="bbox 199 998 1201 1082; baseline -0.01 -15"><span class='ocrx_word' id='word_1_73' title='bbox 199 1005 298 1067; x_wconf 83' lang='lat' dir='ltr'><strong>turi0“</strong></span> <span class='ocrx_word' id='word_1_74' title='bbox 319 1003 417 1082; x_wconf 90' lang='lat' dir='ltr'><strong>inquit</strong></span> <span class='ocrx_word' id='word_1_75' title='bbox 436 1003 536 1079; x_wconf 87' lang='lat' dir='ltr'><strong>„intra</strong></span> <span class='ocrx_word' id='word_1_76' title='bbox 557 1003 670 1063; x_wconf 87' lang='lat' dir='ltr'><strong>vallum</strong></span> <span class='ocrx_word' id='word_1_77' title='bbox 690 1001 824 1063; x_wconf 89' lang='lat' dir='ltr'><strong>hostium</strong></span> <span class='ocrx_word' id='word_1_78' title='bbox 845 1000 915 1062; x_wconf 67' lang='lat' dir='ltr'><strong>erite</strong></span> <span class='ocrx_word' id='word_1_79' title='bbox 938 1005 1109 1076; x_wconf 88' lang='lat' dir='ltr'><strong>sequantur</strong></span> <span class='ocrx_word' id='word_1_80' title='bbox 1128 998 1170 1072; x_wconf 86' lang='lat' dir='ltr'><strong>qui</strong></span> <span class='ocrx_word' id='word_1_81' title='bbox 1200 1007 1201 1068; x_wconf 63' lang='grc' dir='ltr'>ἕ</span> 
     </span>
     <span class='ocr_line' id='line_1_10' title="bbox 199 1082 1168 1167; baseline -0.008 -17"><span class='ocrx_word' id='word_1_82' title='bbox 199 1090 269 1167; x_wconf 88' lang='lat' dir='ltr'><strong>eopi</strong></span> <span class='ocrx_word' id='word_1_83' title='bbox 284 1090 405 1166; x_wconf 75' lang='lat' dir='ltr'><strong>signum</strong></span> <span class='ocrx_word' id='word_1_84' title='bbox 425 1089 464 1148; x_wconf 90' lang='lat' dir='ltr'><strong>ab</strong></span> <span class='ocrx_word' id='word_1_85' title='bbox 479 1089 568 1149; x_wconf 87' lang='lat' dir='ltr'><strong>hoste</strong></span> <span class='ocrx_word' id='word_1_86' title='bbox 583 1086 765 1164; x_wconf 80' lang='lat' dir='ltr'><strong>prohibituri</strong></span> <span class='ocrx_word' id='word_1_87' title='bbox 779 1089 880 1147; x_wconf 80' lang='lat' dir='ltr'><strong>sunt‘t</strong></span> <span class='ocrx_word' id='word_1_88' title='bbox 909 1084 1118 1160; x_wconf 78' lang='lat' dir='ltr'><strong>manipulares</strong></span> <span class='ocrx_word' id='word_1_89' title='bbox 1131 1082 1168 1142; x_wconf 89' lang='lat' dir='ltr'><strong>sui</strong></span> 
     </span>
     <span class='ocr_line' id='line_1_11' title="bbox 198 1170 1201 1250; baseline -0.002 -18"><span class='ocrx_word' id='word_1_90' title='bbox 198 1174 328 1250; x_wconf 88' lang='lat' dir='ltr'><strong>primum</strong></span> <span class='ocrx_word' id='word_1_91' title='bbox 348 1173 615 1234; x_wconf 78' lang='lat' dir='ltr'><strong>transcendentem</strong></span> <span class='ocrx_word' id='word_1_92' title='bbox 634 1172 768 1246; x_wconf 87' lang='lat' dir='ltr'><strong>lessam,</strong></span> <span class='ocrx_word' id='word_1_93' title='bbox 791 1170 862 1230; x_wconf 91' lang='lat' dir='ltr'><strong>dein</strong></span> <span class='ocrx_word' id='word_1_94' title='bbox 883 1170 968 1245; x_wconf 76' lang='lat' dir='ltr'><strong>legio</strong></span> <span class='ocrx_word' id='word_1_95' title='bbox 985 1176 1054 1230; x_wconf 85' lang='lat' dir='ltr'><strong>tota</strong></span> <span class='ocrx_word' id='word_1_96' title='bbox 1077 1175 1169 1228; x_wconf 76' lang='lat' dir='ltr'><strong>secuta</strong></span> <span class='ocrx_word' id='word_1_97' title='bbox 1200 1193 1201 1230; x_wconf 70' lang='lat'>1</span> 
     </span>
     <span class='ocr_line' id='line_1_12' title="bbox 198 1249 1169 1334; baseline -0.009 -15"><span class='ocrx_word' id='word_1_98' title='bbox 198 1264 255 1319; x_wconf 89' lang='lat' dir='ltr'><strong>est.</strong></span> <span class='ocrx_word' id='word_1_99' title='bbox 286 1259 347 1319; x_wconf 89' lang='lat' dir='ltr'><strong>iam</strong></span> <span class='ocrx_word' id='word_1_100' title='bbox 362 1264 393 1319; x_wconf 93' lang='lat' dir='ltr'><strong>et</strong></span> <span class='ocrx_word' id='word_1_101' title='bbox 407 1258 525 1334; x_wconf 82' lang='lat' dir='ltr'><strong>consul,</strong></span> <span class='ocrx_word' id='word_1_102' title='bbox 540 1257 581 1317; x_wconf 90' lang='lat' dir='ltr'><strong>ad</strong></span> <span class='ocrx_word' id='word_1_103' title='bbox 596 1263 797 1332; x_wconf 73' lang='lat' dir='ltr'><strong>conspectum</strong></span> <span class='ocrx_word' id='word_1_104' title='bbox 810 1253 1104 1330; x_wconf 74' lang='lat' dir='ltr'><strong>transgredientium</strong></span> <span class='ocrx_word' id='word_1_105' title='bbox 1119 1249 1169 1310; x_wconf 83' lang='lat' dir='ltr'><strong>vol-</strong></span> 
     </span>
     <span class='ocr_line' id='line_1_13' title="bbox 197 1336 1168 1416; baseline -0.008 -14"><span class='ocrx_word' id='word_1_106' title='bbox 197 1343 260 1404; x_wconf 87' lang='lat' dir='ltr'><strong>tum</strong></span> <span class='ocrx_word' id='word_1_107' title='bbox 274 1349 387 1404; x_wconf 89' lang='lat' dir='ltr'><strong>mutato</strong></span> <span class='ocrx_word' id='word_1_108' title='bbox 402 1342 541 1416; x_wconf 84' lang='lat' dir='ltr'><strong>oonsilio,</strong></span> <span class='ocrx_word' id='word_1_109' title='bbox 564 1340 603 1402; x_wconf 90' lang='lat' dir='ltr'><strong>ab</strong></span> <span class='ocrx_word' id='word_1_110' title='bbox 618 1340 796 1402; x_wconf 90' lang='lat' dir='ltr'><strong>revoeando</strong></span> <span class='ocrx_word' id='word_1_111' title='bbox 812 1339 854 1400; x_wconf 90' lang='lat' dir='ltr'><strong>ad</strong></span> <span class='ocrx_word' id='word_1_112' title='bbox 868 1337 1043 1400; x_wconf 88' lang='lat' dir='ltr'><strong>ineitandos</strong></span> <span class='ocrx_word' id='word_1_113' title='bbox 1058 1336 1168 1397; x_wconf 89' lang='lat' dir='ltr'><strong>horten-</strong></span> 
     </span>
     <span class='ocr_line' id='line_1_14' title="bbox 199 1419 1168 1502; baseline -0.011 -14"><span class='ocrx_word' id='word_1_114' title='bbox 199 1429 319 1502; x_wconf 89' lang='lat' dir='ltr'><strong>dosque</strong></span> <span class='ocrx_word' id='word_1_115' title='bbox 340 1443 450 1488; x_wconf 87' lang='lat' dir='ltr'><strong>versus</strong></span> <span class='ocrx_word' id='word_1_116' title='bbox 469 1426 595 1500; x_wconf 81' lang='lat' dir='ltr'><strong>milites,</strong></span> <span class='ocrx_word' id='word_1_117' title='bbox 618 1425 794 1498; x_wconf 89' lang='lat' dir='ltr'><strong>ostendere,</strong></span> <span class='ocrx_word' id='word_1_118' title='bbox 816 1423 846 1484; x_wconf 92' lang='lat' dir='ltr'><strong>in</strong></span> <span class='ocrx_word' id='word_1_119' title='bbox 868 1429 982 1498; x_wconf 87' lang='lat' dir='ltr'><strong>quanto</strong></span> <span class='ocrx_word' id='word_1_120' title='bbox 1004 1419 1168 1483; x_wconf 86' lang='lat' dir='ltr'><strong>diserimine</strong></span> 
     </span>
     <span class='ocr_line' id='line_1_15' title="bbox 198 1503 1201 1586; baseline -0.001 -15"><span class='ocrx_word' id='word_1_121' title='bbox 198 1527 235 1571; x_wconf 87' lang='lat' dir='ltr'><strong>ae</strong></span> <span class='ocrx_word' id='word_1_122' title='bbox 254 1511 392 1586; x_wconf 81' lang='lat' dir='ltr'><strong>periculo</strong></span> <span class='ocrx_word' id='word_1_123' title='bbox 414 1511 581 1574; x_wconf 80' lang='lat' dir='ltr'><strong>fortissima</strong></span> <span class='ocrx_word' id='word_1_124' title='bbox 601 1508 715 1569; x_wconf 87' lang='lat' dir='ltr'><strong>eohors</strong></span> <span class='ocrx_word' id='word_1_125' title='bbox 736 1507 894 1570; x_wconf 82' lang='lat' dir='ltr'><strong>sociorum</strong></span> <span class='ocrx_word' id='word_1_126' title='bbox 913 1513 944 1569; x_wconf 91' lang='lat' dir='ltr'><strong>et</strong></span> <span class='ocrx_word' id='word_1_127' title='bbox 965 1506 1080 1568; x_wconf 78' lang='lat' dir='ltr'><strong>civium</strong></span> <span class='ocrx_word' id='word_1_128' title='bbox 1100 1503 1166 1580; x_wconf 80' lang='lat' dir='ltr'><strong>legio</strong></span> <span class='ocrx_word' id='word_1_129' title='bbox 1200 1535 1201 1570; x_wconf 67' lang='lat' dir='ltr'><strong>t</strong></span> 
     </span>
     <span class='ocr_line' id='line_1_16' title="bbox 198 1585 1201 1670; baseline -0.008 -16"><span class='ocrx_word' id='word_1_130' title='bbox 198 1603 290 1656; x_wconf 87' lang='lat' dir='ltr'><strong>esset</strong></span> <span class='ocrx_word' id='word_1_131' title='bbox 323 1595 425 1670; x_wconf 86' lang='lat' dir='ltr'><strong>itaque</strong></span> <span class='ocrx_word' id='word_1_132' title='bbox 440 1609 496 1670; x_wconf 90' lang='lat' dir='ltr'><strong>pro</strong></span> <span class='ocrx_word' id='word_1_133' title='bbox 511 1609 547 1654; x_wconf 89' lang='lat' dir='ltr'><strong>se</strong></span> <span class='ocrx_word' id='word_1_134' title='bbox 562 1592 694 1669; x_wconf 90' lang='lat' dir='ltr'><strong>quisque</strong></span> <span class='ocrx_word' id='word_1_135' title='bbox 709 1607 816 1654; x_wconf 89' lang='lat' dir='ltr'><strong>omnes</strong></span> <span class='ocrx_word' id='word_1_136' title='bbox 830 1607 887 1669; x_wconf 91' lang='lat' dir='ltr'><strong>per</strong></span> <span class='ocrx_word' id='word_1_137' title='bbox 901 1606 1001 1668; x_wconf 84' lang='lat' dir='ltr'><strong>nequo</strong></span> <span class='ocrx_word' id='word_1_138' title='bbox 1016 1596 1110 1667; x_wconf 89' lang='lat' dir='ltr'><strong>atque</strong></span> <span class='ocrx_word' id='word_1_139' title='bbox 1122 1587 1167 1648; x_wconf 91' lang='lat' dir='ltr'><strong>ini·</strong></span> <span class='ocrx_word' id='word_1_140' title='bbox 1200 1585 1201 1590; x_wconf 76' lang='grc'>’</span> 
     </span>
     <span class='ocr_line' id='line_1_17' title="bbox 199 1676 1166 1754; baseline -0.007 -17"><span class='ocrx_word' id='word_1_141' title='bbox 199 1693 260 1754; x_wconf 91' lang='lat' dir='ltr'><strong>qua</strong></span> <span class='ocrx_word' id='word_1_142' title='bbox 270 1679 348 1752; x_wconf 86' lang='lat' dir='ltr'><strong>loeo,</strong></span> <span class='ocrx_word' id='word_1_143' title='bbox 365 1691 433 1740; x_wconf 79' lang='lat' dir='ltr'><strong>etam</strong></span> <span class='ocrx_word' id='word_1_144' title='bbox 447 1677 584 1752; x_wconf 90' lang='lat' dir='ltr'><strong>undique</strong></span> <span class='ocrx_word' id='word_1_145' title='bbox 593 1676 654 1737; x_wconf 88' lang='lat' dir='ltr'><strong>tela</strong></span> <span class='ocrx_word' id='word_1_146' title='bbox 669 1677 888 1749; x_wconf 81' lang='lat' dir='ltr'><strong>conicerentur,</strong></span> <span class='ocrx_word' id='word_1_147' title='bbox 905 1691 1054 1750; x_wconf 86' lang='lat' dir='ltr'><strong>annaque</strong></span> <span class='ocrx_word' id='word_1_148' title='bbox 1069 1681 1098 1734; x_wconf 89' lang='lat' dir='ltr'><strong>et</strong></span> <span class='ocrx_word' id='word_1_149' title='bbox 1111 1687 1166 1732; x_wconf 80' lang='lat' dir='ltr'><strong>eor·</strong></span> 
     </span>
     <span class='ocr_line' id='line_1_18' title="bbox 197 1755 1166 1838; baseline -0.01 -14"><span class='ocrx_word' id='word_1_150' title='bbox 197 1778 275 1838; x_wconf 91' lang='lat' dir='ltr'><strong>pora</strong></span> <span class='ocrx_word' id='word_1_151' title='bbox 296 1761 404 1823; x_wconf 88' lang='lat' dir='ltr'><strong>hostes</strong></span> <span class='ocrx_word' id='word_1_152' title='bbox 424 1761 596 1836; x_wconf 80' lang='lat' dir='ltr'><strong>obicerent,</strong></span> <span class='ocrx_word' id='word_1_153' title='bbox 624 1762 797 1837; x_wconf 84' lang='lat' dir='ltr'><strong>pervadunt</strong></span> <span class='ocrx_word' id='word_1_154' title='bbox 817 1762 1061 1837; x_wconf 88' lang='lat' dir='ltr'><strong>irrumpuntque.</strong></span> <span class='ocrx_word' id='word_1_155' title='bbox 1095 1755 1166 1818; x_wconf 89' lang='lat' dir='ltr'><strong>multi</strong></span> 
     </span>
     <span class='ocr_line' id='line_1_19' title="bbox 198 1841 1166 1922; baseline -0.007 -16"><span class='ocrx_word' id='word_1_156' title='bbox 198 1847 361 1922; x_wconf 87' lang='lat' dir='ltr'><strong>vulnerati,</strong></span> <span class='ocrx_word' id='word_1_157' title='bbox 390 1847 480 1908; x_wconf 89' lang='lat' dir='ltr'><strong>etiarn</strong></span> <span class='ocrx_word' id='word_1_158' title='bbox 502 1862 583 1922; x_wconf 89' lang='lat' dir='ltr'><strong>quos</strong></span> <span class='ocrx_word' id='word_1_159' title='bbox 603 1845 686 1906; x_wconf 87' lang='lat' dir='ltr'><strong>vires</strong></span> <span class='ocrx_word' id='word_1_160' title='bbox 708 1845 833 1921; x_wconf 81' lang='lat' dir='ltr'><strong>sanguis</strong></span> <span class='ocrx_word' id='word_1_161' title='bbox 856 1846 1027 1920; x_wconf 87' lang='lat' dir='ltr'><strong>desereret,</strong></span> <span class='ocrx_word' id='word_1_162' title='bbox 1050 1849 1084 1904; x_wconf 90' lang='lat' dir='ltr'><strong>ut</strong></span> <span class='ocrx_word' id='word_1_163' title='bbox 1102 1841 1166 1901; x_wconf 87' lang='lat' dir='ltr'><strong>intra</strong></span> 
     </span>
     <span class='ocr_line' id='line_1_20' title="bbox 198 1929 1166 2006; baseline -0.005 -17"><span class='ocrx_word' id='word_1_164' title='bbox 198 1931 309 1992; x_wconf 91' lang='lat' dir='ltr'><strong>vallum</strong></span> <span class='ocrx_word' id='word_1_165' title='bbox 334 1931 468 1993; x_wconf 91' lang='lat' dir='ltr'><strong>hostium</strong></span> <span class='ocrx_word' id='word_1_166' title='bbox 493 1932 638 1993; x_wconf 83' lang='lat' dir='ltr'><strong>oederent</strong></span> <span class='ocrx_word' id='word_1_167' title='bbox 661 1929 843 1992; x_wconf 81' lang='lat' dir='ltr'><strong>nitebantur.</strong></span> <span class='ocrx_word' id='word_1_168' title='bbox 876 1937 966 2006; x_wconf 87' lang='lat' dir='ltr'><strong>eapte</strong></span> <span class='ocrx_word' id='word_1_169' title='bbox 987 1929 1093 2006; x_wconf 85' lang='lat' dir='ltr'><strong>itaque</strong></span> <span class='ocrx_word' id='word_1_170' title='bbox 1112 1940 1166 1985; x_wconf 90' lang='lat' dir='ltr'><strong>mo·</strong></span> 
     </span>
     <span class='ocr_line' id='line_1_21' title="bbox 197 2013 1166 2093; baseline -0.01 -18"><span class='ocrx_word' id='word_1_171' title='bbox 197 2024 298 2077; x_wconf 90' lang='lat' dir='ltr'><strong>mento</strong></span> <span class='ocrx_word' id='word_1_172' title='bbox 312 2016 461 2093; x_wconf 88' lang='lat' dir='ltr'><strong>temporis</strong></span> <span class='ocrx_word' id='word_1_173' title='bbox 475 2018 559 2077; x_wconf 90' lang='lat' dir='ltr'><strong>velut</strong></span> <span class='ocrx_word' id='word_1_174' title='bbox 578 2015 608 2075; x_wconf 89' lang='lat' dir='ltr'><strong>in</strong></span> <span class='ocrx_word' id='word_1_175' title='bbox 623 2014 716 2091; x_wconf 85' lang='lat' dir='ltr'><strong>plano</strong></span> <span class='ocrx_word' id='word_1_176' title='bbox 732 2015 791 2076; x_wconf 88' lang='lat' dir='ltr'><strong>sita</strong></span> <span class='ocrx_word' id='word_1_177' title='bbox 805 2030 862 2075; x_wconf 88' lang='lat' dir='ltr'><strong>nee</strong></span> <span class='ocrx_word' id='word_1_178' title='bbox 877 2013 1051 2090; x_wconf 84' lang='lat' dir='ltr'><strong>permunita</strong></span> <span class='ocrx_word' id='word_1_179' title='bbox 1069 2019 1166 2072; x_wconf 86' lang='lat' dir='ltr'><strong>eastra.</strong></span> 
     </span>
     <span class='ocr_line' id='line_1_22' title="bbox 197 2095 1167 2175; baseline -0.006 -14"><span class='ocrx_word' id='word_1_180' title='bbox 197 2101 310 2161; x_wconf 85' lang='lat' dir='ltr'><strong>eaedes</strong></span> <span class='ocrx_word' id='word_1_181' title='bbox 332 2101 403 2161; x_wconf 93' lang='lat' dir='ltr'><strong>inde</strong></span> <span class='ocrx_word' id='word_1_182' title='bbox 424 2116 485 2161; x_wconf 92' lang='lat' dir='ltr'><strong>non</strong></span> <span class='ocrx_word' id='word_1_183' title='bbox 506 2099 567 2160; x_wconf 89' lang='lat' dir='ltr'><strong>iam</strong></span> <span class='ocrx_word' id='word_1_184' title='bbox 587 2114 692 2175; x_wconf 82' lang='lat' dir='ltr'><strong>pugna</strong></span> <span class='ocrx_word' id='word_1_185' title='bbox 713 2105 778 2159; x_wconf 91' lang='lat' dir='ltr'><strong>erat</strong></span> <span class='ocrx_word' id='word_1_186' title='bbox 802 2098 943 2160; x_wconf 88' lang='lat' dir='ltr'><strong>omnibus</strong></span> <span class='ocrx_word' id='word_1_187' title='bbox 965 2099 1047 2159; x_wconf 84' lang='lat' dir='ltr'><strong>intra</strong></span> <span class='ocrx_word' id='word_1_188' title='bbox 1067 2095 1167 2158; x_wconf 84' lang='lat' dir='ltr'><strong>vatium</strong></span> 
     </span>
     <span class='ocr_line' id='line_1_23' title="bbox 197 2182 1165 2262; baseline -0.001 -17"><span class='ocrx_word' id='word_1_189' title='bbox 197 2185 364 2260; x_wconf 85' lang='lat' dir='ltr'><strong>permixtis.</strong></span> <span class='ocrx_word' id='word_1_190' title='bbox 398 2191 492 2262; x_wconf 85' lang='lat' dir='ltr'><strong>supra</strong></span> <span class='ocrx_word' id='word_1_191' title='bbox 506 2200 561 2245; x_wconf 88' lang='lat' dir='ltr'><strong>sex</strong></span> <span class='ocrx_word' id='word_1_192' title='bbox 576 2183 658 2244; x_wconf 89' lang='lat' dir='ltr'><strong>milia</strong></span> <span class='ocrx_word' id='word_1_193' title='bbox 671 2182 805 2243; x_wconf 89' lang='lat' dir='ltr'><strong>hostium</strong></span> <span class='ocrx_word' id='word_1_194' title='bbox 820 2183 932 2258; x_wconf 86' lang='lat' dir='ltr'><strong>oeeisa,</strong></span> <span class='ocrx_word' id='word_1_195' title='bbox 948 2199 1045 2258; x_wconf 88' lang='lat' dir='ltr'><strong>supra</strong></span> <span class='ocrx_word' id='word_1_196' title='bbox 1060 2187 1165 2256; x_wconf 88' lang='lat' dir='ltr'><strong>septen</strong></span> 
     </span>
     <span class='ocr_line' id='line_1_24' title="bbox 196 2263 1165 2347; baseline -0.007 -18"><span class='ocrx_word' id='word_1_197' title='bbox 196 2269 279 2330; x_wconf 79' lang='lat' dir='ltr'><strong>niilia</strong></span> <span class='ocrx_word' id='word_1_198' title='bbox 304 2270 436 2347; x_wconf 83' lang='lat' dir='ltr'><strong>capitum</strong></span> <span class='ocrx_word' id='word_1_199' title='bbox 458 2285 527 2330; x_wconf 88' lang='lat' dir='ltr'><strong>eum</strong></span> <span class='ocrx_word' id='word_1_200' title='bbox 553 2265 820 2330; x_wconf 78' lang='lat' dir='ltr'><strong>irrumentatoribus</strong></span> <span class='ocrx_word' id='word_1_201' title='bbox 842 2266 1005 2343; x_wconf 84' lang='lat' dir='ltr'><strong>Campanis</strong></span> <span class='ocrx_word' id='word_1_202' title='bbox 1031 2263 1165 2339; x_wconf 87' lang='lat' dir='ltr'><strong>omnique</strong></span> 
     </span>
     <span class='ocr_line' id='line_1_25' title="bbox 195 2348 1201 2434; baseline -0.008 -21"><span class='ocrx_word' id='word_1_203' title='bbox 195 2355 400 2430; x_wconf 86' lang='lat' dir='ltr'><strong>plaustrorum</strong></span> <span class='ocrx_word' id='word_1_204' title='bbox 421 2360 451 2414; x_wconf 89' lang='lat' dir='ltr'><strong>et</strong></span> <span class='ocrx_word' id='word_1_205' title='bbox 471 2354 672 2414; x_wconf 89' lang='lat' dir='ltr'><strong>iumentorum</strong></span> <span class='ocrx_word' id='word_1_206' title='bbox 692 2356 841 2429; x_wconf 86' lang='lat' dir='ltr'><strong>apparatu</strong></span> <span class='ocrx_word' id='word_1_207' title='bbox 862 2357 961 2428; x_wconf 86' lang='lat' dir='ltr'><strong>eapte.</strong></span> <span class='ocrx_word' id='word_1_208' title='bbox 1000 2357 1029 2412; x_wconf 93' lang='lat' dir='ltr'><strong>et</strong></span> <span class='ocrx_word' id='word_1_209' title='bbox 1054 2350 1113 2411; x_wconf 87' lang='lat' dir='ltr'><strong>alia</strong></span> <span class='ocrx_word' id='word_1_210' title='bbox 1130 2348 1165 2406; x_wconf 91' lang='lat' dir='ltr'><strong>in·</strong></span> <span class='ocrx_word' id='word_1_211' title='bbox 1200 2373 1201 2434; x_wconf 38' lang='lat' dir='ltr'><strong>p</strong></span> 
     </span>
     <span class='ocr_line' id='line_1_26' title="bbox 195 2435 1201 2514; baseline -0.004 -18"><span class='ocrx_word' id='word_1_212' title='bbox 195 2452 272 2511; x_wconf 81' lang='lat' dir='ltr'><strong>gens</strong></span> <span class='ocrx_word' id='word_1_213' title='bbox 283 2439 399 2514; x_wconf 88' lang='lat' dir='ltr'><strong>praeda</strong></span> <span class='ocrx_word' id='word_1_214' title='bbox 410 2439 473 2510; x_wconf 77' lang='lat' dir='ltr'><strong>luit</strong></span> <span class='ocrx_word' id='word_1_215' title='bbox 489 2437 706 2513; x_wconf 84' lang='lat' dir='ltr'><strong>quam-Hanno,</strong></span> <span class='ocrx_word' id='word_1_216' title='bbox 720 2435 959 2513; x_wconf 86' lang='lat' dir='ltr'><strong>populabundus</strong></span> <span class='ocrx_word' id='word_1_217' title='bbox 974 2435 1094 2510; x_wconf 86' lang='lat' dir='ltr'><strong>passim</strong></span> <span class='ocrx_word' id='word_1_218' title='bbox 1108 2446 1165 2493; x_wconf 79' lang='lat' dir='ltr'><strong>euni</strong></span> <span class='ocrx_word' id='word_1_219' title='bbox 1200 2459 1201 2506; x_wconf 59' lang='lat' dir='ltr'><strong>l</strong></span> 
     </span>
     <span class='ocr_line' id='line_1_27' title="bbox 195 2515 1201 2597; baseline -0.007 -18"><span class='ocrx_word' id='word_1_220' title='bbox 195 2520 286 2595; x_wconf 87' lang='lat' dir='ltr'><strong>isset,</strong></span> <span class='ocrx_word' id='word_1_221' title='bbox 309 2537 348 2581; x_wconf 88' lang='lat' dir='ltr'><strong>ex</strong></span> <span class='ocrx_word' id='word_1_222' title='bbox 369 2521 523 2582; x_wconf 80' lang='lat' dir='ltr'><strong>sociorum</strong></span> <span class='ocrx_word' id='word_1_223' title='bbox 543 2521 650 2597; x_wconf 92' lang='lat' dir='ltr'><strong>populi</strong></span> <span class='ocrx_word' id='word_1_224' title='bbox 670 2519 800 2580; x_wconf 87' lang='lat' dir='ltr'><strong>Romani</strong></span> <span class='ocrx_word' id='word_1_225' title='bbox 820 2520 902 2596; x_wconf 81' lang='lat' dir='ltr'><strong>agris</strong></span> <span class='ocrx_word' id='word_1_226' title='bbox 923 2526 1066 2581; x_wconf 84' lang='lat' dir='ltr'><strong>traxerat.</strong></span> <span class='ocrx_word' id='word_1_227' title='bbox 1104 2515 1165 2576; x_wconf 89' lang='lat' dir='ltr'><strong>inde</strong></span> <span class='ocrx_word' id='word_1_228' title='bbox 1200 2515 1201 2590; x_wconf 55' lang='grc' dir='ltr'>ζ</span> 
     </span>
     <span class='ocr_line' id='line_1_28' title="bbox 196 2603 1164 2680; baseline -0.002 -18"><span class='ocrx_word' id='word_1_229' title='bbox 196 2603 322 2664; x_wconf 88' lang='lat' dir='ltr'><strong>deieetis</strong></span> <span class='ocrx_word' id='word_1_230' title='bbox 343 2604 477 2666; x_wconf 89' lang='lat' dir='ltr'><strong>hostium</strong></span> <span class='ocrx_word' id='word_1_231' title='bbox 497 2605 605 2664; x_wconf 87' lang='lat' dir='ltr'><strong>eastris</strong></span> <span class='ocrx_word' id='word_1_232' title='bbox 619 2605 827 2665; x_wconf 89' lang='lat' dir='ltr'><strong>Beneventum</strong></span> <span class='ocrx_word' id='word_1_233' title='bbox 846 2605 992 2676; x_wconf 88' lang='lat' dir='ltr'><strong>reditum,</strong></span> <span class='ocrx_word' id='word_1_234' title='bbox 1014 2603 1164 2680; x_wconf 87' lang='lat' dir='ltr'><strong>praedam·</strong></span> 
     </span>
     <span class='ocr_line' id='line_1_29' title="bbox 196 2687 1164 2764; baseline -0.004 -17"><span class='ocrx_word' id='word_1_235' title='bbox 196 2702 256 2762; x_wconf 88' lang='lat' dir='ltr'><strong>que</strong></span> <span class='ocrx_word' id='word_1_236' title='bbox 276 2687 318 2747; x_wconf 93' lang='lat' dir='ltr'><strong>ibi</strong></span> <span class='ocrx_word' id='word_1_237' title='bbox 339 2687 429 2748; x_wconf 89' lang='lat' dir='ltr'><strong>ambo</strong></span> <span class='ocrx_word' id='word_1_238' title='bbox 448 2689 592 2749; x_wconf 88' lang='lat' dir='ltr'><strong>eonsules</strong></span> <span class='ocrx_word' id='word_1_239' title='bbox 612 2719 654 2734; x_wconf 84' lang='lat'><strong>--</strong></span> <span class='ocrx_word' id='word_1_240' title='bbox 672 2704 742 2748; x_wconf 87' lang='lat' dir='ltr'><strong>narn</strong></span> <span class='ocrx_word' id='word_1_241' title='bbox 763 2696 793 2748; x_wconf 91' lang='lat' dir='ltr'><strong>et</strong></span> <span class='ocrx_word' id='word_1_242' title='bbox 805 2690 866 2764; x_wconf 87' lang='lat' dir='ltr'><strong>Ap.</strong></span> <span class='ocrx_word' id='word_1_243' title='bbox 882 2689 1026 2750; x_wconf 85' lang='lat' dir='ltr'><strong>Claudius</strong></span> <span class='ocrx_word' id='word_1_244' title='bbox 1044 2703 1082 2748; x_wconf 92' lang='lat' dir='ltr'><strong>eo</strong></span> <span class='ocrx_word' id='word_1_245' title='bbox 1102 2687 1164 2763; x_wconf 87' lang='lat' dir='ltr'><strong>post</strong></span> 
     </span>
     <span class='ocr_line' id='line_1_30' title="bbox 195 2769 1162 2848; baseline -0.004 -18"><span class='ocrx_word' id='word_1_246' title='bbox 195 2786 314 2846; x_wconf 82' lang='lat' dir='ltr'><strong>paucos</strong></span> <span class='ocrx_word' id='word_1_247' title='bbox 333 2771 401 2833; x_wconf 93' lang='lat' dir='ltr'><strong>dies</strong></span> <span class='ocrx_word' id='word_1_248' title='bbox 422 2772 503 2832; x_wconf 87' lang='lat' dir='ltr'><strong>venit</strong></span> <span class='ocrx_word' id='word_1_249' title='bbox 522 2807 566 2820; x_wconf 81' lang='lat'><strong>-·</strong></span> <span class='ocrx_word' id='word_1_250' title='bbox 581 2771 783 2833; x_wconf 90' lang='lat' dir='ltr'><strong>vendiderunt</strong></span> <span class='ocrx_word' id='word_1_251' title='bbox 798 2773 1037 2848; x_wconf 87' lang='lat' dir='ltr'><strong>diviseruntque.</strong></span> <span class='ocrx_word' id='word_1_252' title='bbox 1075 2776 1104 2832; x_wconf 90' lang='lat' dir='ltr'><strong>et</strong></span> <span class='ocrx_word' id='word_1_253' title='bbox 1117 2769 1162 2828; x_wconf 90' lang='lat' dir='ltr'><strong>do·</strong></span> 
     </span>
     <span class='ocr_line' id='line_1_31' title="bbox 194 2851 1162 2934; baseline -0.005 -20"><span class='ocrx_word' id='word_1_254' title='bbox 194 2855 257 2916; x_wconf 90' lang='lat' dir='ltr'><strong>nati</strong></span> <span class='ocrx_word' id='word_1_255' title='bbox 272 2872 402 2932; x_wconf 91' lang='lat' dir='ltr'><strong>quorum</strong></span> <span class='ocrx_word' id='word_1_256' title='bbox 417 2871 512 2932; x_wconf 86' lang='lat' dir='ltr'><strong>opera</strong></span> <span class='ocrx_word' id='word_1_257' title='bbox 528 2864 628 2916; x_wconf 86' lang='lat' dir='ltr'><strong>eastra</strong></span> <span class='ocrx_word' id='word_1_258' title='bbox 641 2855 773 2917; x_wconf 89' lang='lat' dir='ltr'><strong>hostiurn</strong></span> <span class='ocrx_word' id='word_1_259' title='bbox 789 2863 879 2934; x_wconf 86' lang='lat' dir='ltr'><strong>eapte</strong></span> <span class='ocrx_word' id='word_1_260' title='bbox 893 2863 987 2930; x_wconf 87' lang='lat' dir='ltr'><strong>erant,</strong></span> <span class='ocrx_word' id='word_1_261' title='bbox 1009 2865 1080 2919; x_wconf 91' lang='lat' dir='ltr'><strong>ante</strong></span> <span class='ocrx_word' id='word_1_262' title='bbox 1094 2851 1162 2915; x_wconf 89' lang='lat' dir='ltr'><strong>alios</strong></span> 
     </span>
     <span class='ocr_line' id='line_1_32' title="bbox 193 2937 1162 3018; baseline -0.008 -18"><span class='ocrx_word' id='word_1_263' title='bbox 193 2941 335 3002; x_wconf 87' lang='lat' dir='ltr'><strong>Aeeaeus</strong></span> <span class='ocrx_word' id='word_1_264' title='bbox 355 2940 497 3016; x_wconf 83' lang='lat' dir='ltr'><strong>Pelignus</strong></span> <span class='ocrx_word' id='word_1_265' title='bbox 518 2942 550 3000; x_wconf 88' lang='grc' dir='ltr'><strong>Τ.</strong></span> <span class='ocrx_word' id='word_1_266' title='bbox 566 2941 717 3002; x_wconf 88' lang='lat' dir='ltr'><strong>Pedanius</strong></span> <span class='ocrx_word' id='word_1_267' title='bbox 739 2941 884 3018; x_wconf 81' lang='lat' dir='ltr'><strong>princeps</strong></span> <span class='ocrx_word' id='word_1_268' title='bbox 904 2941 1011 3002; x_wconf 84' lang='lat' dir='ltr'><strong>tertiae</strong></span> <span class='ocrx_word' id='word_1_269' title='bbox 1030 2937 1162 3017; x_wconf 81' lang='lat' dir='ltr'><strong>legionis.</strong></span> 
     </span>
     <span class='ocr_line' id='line_1_33' title="bbox 193 3021 1161 3101; baseline -0.006 -17"><span class='ocrx_word' id='word_1_270' title='bbox 193 3024 302 3086; x_wconf 84' lang='lat' dir='ltr'><strong>Hanno</strong></span> <span class='ocrx_word' id='word_1_271' title='bbox 318 3025 357 3085; x_wconf 88' lang='lat' dir='ltr'><strong>ab</strong></span> <span class='ocrx_word' id='word_1_272' title='bbox 373 3025 508 3086; x_wconf 86' lang='lat' dir='ltr'><strong>Cominio</strong></span> <span class='ocrx_word' id='word_1_273' title='bbox 525 3025 632 3099; x_wconf 76' lang='lat' dir='ltr'><strong>Cerito,</strong></span> <span class='ocrx_word' id='word_1_274' title='bbox 657 3042 718 3101; x_wconf 91' lang='lat' dir='ltr'><strong>quo</strong></span> <span class='ocrx_word' id='word_1_275' title='bbox 734 3025 869 3086; x_wconf 87' lang='lat' dir='ltr'><strong>nuntiate</strong></span> <span class='ocrx_word' id='word_1_276' title='bbox 882 3031 1052 3088; x_wconf 78' lang='lat' dir='ltr'><strong>castrorum</strong></span> <span class='ocrx_word' id='word_1_277' title='bbox 1067 3021 1161 3085; x_wconf 84' lang='lat' dir='ltr'><strong>clades</strong></span> 
     </span>
     <span class='ocr_line' id='line_1_34' title="bbox 194 3106 1160 3188; baseline 0.003 -20"><span class='ocrx_word' id='word_1_278' title='bbox 194 3107 255 3184; x_wconf 81' lang='lat' dir='ltr'><strong>e‘st,</strong></span> <span class='ocrx_word' id='word_1_279' title='bbox 282 3124 350 3171; x_wconf 90' lang='lat' dir='ltr'><strong>eum</strong></span> <span class='ocrx_word' id='word_1_280' title='bbox 371 3109 478 3186; x_wconf 83' lang='lat' dir='ltr'><strong>paneis</strong></span> <span class='ocrx_word' id='word_1_281' title='bbox 501 3109 783 3184; x_wconf 78' lang='lat' dir='ltr'><strong>frumentatoribus,</strong></span> <span class='ocrx_word' id='word_1_282' title='bbox 806 3127 884 3188; x_wconf 90' lang='lat' dir='ltr'><strong>quos</strong></span> <span class='ocrx_word' id='word_1_283' title='bbox 900 3111 978 3171; x_wconf 89' lang='lat' dir='ltr'><strong>lorte</strong></span> <span class='ocrx_word' id='word_1_284' title='bbox 998 3125 1102 3171; x_wconf 88' lang='lat' dir='ltr'><strong>seeum</strong></span> <span class='ocrx_word' id='word_1_285' title='bbox 1115 3106 1160 3164; x_wconf 87' lang='lat' dir='ltr'><strong>ha·</strong></span> 
     </span>
     <span class='ocr_line' id='line_1_35' title="bbox 192 3189 1160 3270; baseline -0.006 -18"><span class='ocrx_word' id='word_1_286' title='bbox 192 3191 307 3269; x_wconf 87' lang='lat' dir='ltr'><strong>buerat,</strong></span> <span class='ocrx_word' id='word_1_287' title='bbox 323 3196 414 3269; x_wconf 83' lang='lat' dir='ltr'><strong>fugae</strong></span> <span class='ocrx_word' id='word_1_288' title='bbox 428 3195 525 3270; x_wconf 82' lang='lat' dir='ltr'><strong>magis</strong></span> <span class='ocrx_word' id='word_1_289' title='bbox 541 3211 633 3270; x_wconf 89' lang='lat' dir='ltr'><strong>quam</strong></span> <span class='ocrx_word' id='word_1_290' title='bbox 647 3194 763 3256; x_wconf 91' lang='lat' dir='ltr'><strong>itineris</strong></span> <span class='ocrx_word' id='word_1_291' title='bbox 778 3195 870 3256; x_wconf 89' lang='lat' dir='ltr'><strong>modo</strong></span> <span class='ocrx_word' id='word_1_292' title='bbox 886 3195 916 3254; x_wconf 93' lang='lat' dir='ltr'><strong>in</strong></span> <span class='ocrx_word' id='word_1_293' title='bbox 922 3193 1057 3256; x_wconf 90' lang='lat' dir='ltr'><strong>Bruttios</strong></span> <span class='ocrx_word' id='word_1_294' title='bbox 1071 3189 1160 3254; x_wconf 89' lang='lat' dir='ltr'><strong>rediit</strong></span> 
     </span>
     <span class='ocr_line' id='line_1_36' title="bbox 192 3273 1201 3356; baseline -0.007 -18"><span class='ocrx_word' id='word_1_295' title='bbox 192 3276 257 3338; x_wconf 87' lang='lat' dir='ltr'><strong>XV.</strong></span> <span class='ocrx_word' id='word_1_296' title='bbox 287 3286 318 3339; x_wconf 93' lang='lat' dir='ltr'><strong>et</strong></span> <span class='ocrx_word' id='word_1_297' title='bbox 338 3279 484 3356; x_wconf 84' lang='lat' dir='ltr'><strong>Campani</strong></span> <span class='ocrx_word' id='word_1_298' title='bbox 505 3280 608 3340; x_wconf 87' lang='lat' dir='ltr'><strong>audita</strong></span> <span class='ocrx_word' id='word_1_299' title='bbox 629 3295 686 3340; x_wconf 90' lang='lat' dir='ltr'><strong>sua</strong></span> <span class='ocrx_word' id='word_1_300' title='bbox 707 3279 820 3355; x_wconf 91' lang='lat' dir='ltr'><strong>pariter</strong></span> <span class='ocrx_word' id='word_1_301' title='bbox 841 3279 1058 3355; x_wconf 82' lang='lat' dir='ltr'><strong>sociorumque</strong></span> <span class='ocrx_word' id='word_1_302' title='bbox 1081 3273 1158 3338; x_wconf 83' lang='lat' dir='ltr'><strong>clade</strong></span> <span class='ocrx_word' id='word_1_303' title='bbox 1200 3289 1201 3292; x_wconf 44' lang='lat'>¹</span> 
     </span>
     <span class='ocr_line' id='line_1_37' title="bbox 193 3362 1158 3438; baseline -0.001 -20"><span class='ocrx_word' id='word_1_304' title='bbox 193 3369 310 3436; x_wconf 79' lang='lat' dir='ltr'><strong>legatos</strong></span> <span class='ocrx_word' id='word_1_305' title='bbox 325 3362 571 3424; x_wconf 88' lang='lat' dir='ltr'><strong>adHannibalem</strong></span> <span class='ocrx_word' id='word_1_306' title='bbox 582 3362 736 3436; x_wconf 82' lang='lat' dir='ltr'><strong>miserunt,</strong></span> <span class='ocrx_word' id='word_1_307' title='bbox 753 3363 804 3438; x_wconf 90' lang='lat' dir='ltr'><strong>qui</strong></span> <span class='ocrx_word' id='word_1_308' title='bbox 816 3364 988 3425; x_wconf 86' lang='lat' dir='ltr'><strong>nuntiarent</strong></span> <span class='ocrx_word' id='word_1_309' title='bbox 1002 3363 1081 3424; x_wconf 86' lang='lat' dir='ltr'><strong>duos</strong></span> <span class='ocrx_word' id='word_1_310' title='bbox 1095 3375 1158 3421; x_wconf 87' lang='lat' dir='ltr'><strong>eou-</strong></span> 
     </span>
     <span class='ocr_line' id='line_1_38' title="bbox 193 3445 1154 3524; baseline -0.001 -21"><span class='ocrx_word' id='word_1_311' title='bbox 193 3447 277 3504; x_wconf 90' lang='lat' dir='ltr'><strong>sules</strong></span> <span class='ocrx_word' id='word_1_312' title='bbox 291 3446 332 3505; x_wconf 91' lang='lat' dir='ltr'><strong>ad</strong></span> <span class='ocrx_word' id='word_1_313' title='bbox 345 3446 553 3506; x_wconf 90' lang='lat' dir='ltr'><strong>Beneventum</strong></span> <span class='ocrx_word' id='word_1_314' title='bbox 567 3461 640 3506; x_wconf 89' lang='lat' dir='ltr'><strong>esse</strong></span> <span class='ocrx_word' id='word_1_315' title='bbox 655 3445 715 3505; x_wconf 92' lang='lat' dir='ltr'><strong>diei</strong></span> <span class='ocrx_word' id='word_1_316' title='bbox 730 3447 787 3507; x_wconf 90' lang='lat' dir='ltr'><strong>iter</strong></span> <span class='ocrx_word' id='word_1_317' title='bbox 801 3464 820 3506; x_wconf 86' lang='lat' dir='ltr'><strong>a</strong></span> <span class='ocrx_word' id='word_1_318' title='bbox 834 3447 954 3524; x_wconf 85' lang='lat' dir='ltr'><strong>Capua,</strong></span> <span class='ocrx_word' id='word_1_319' title='bbox 976 3453 1091 3508; x_wconf 88' lang='lat' dir='ltr'><strong>tentum</strong></span> <span class='ocrx_word' id='word_1_320' title='bbox 1104 3456 1154 3504; x_wconf 86' lang='lat' dir='ltr'><strong>non</strong></span> 
     </span>
     <span class='ocr_line' id='line_1_39' title="bbox 194 3525 1156 3608; baseline 0.001 -24"><span class='ocrx_word' id='word_1_321' title='bbox 194 3525 234 3586; x_wconf 88' lang='lat' dir='ltr'><strong>ad</strong></span> <span class='ocrx_word' id='word_1_322' title='bbox 253 3535 358 3603; x_wconf 88' lang='lat' dir='ltr'><strong>portas</strong></span> <span class='ocrx_word' id='word_1_323' title='bbox 379 3537 409 3588; x_wconf 91' lang='lat' dir='ltr'><strong>et</strong></span> <span class='ocrx_word' id='word_1_324' title='bbox 427 3545 533 3590; x_wconf 87' lang='lat' dir='ltr'><strong>muros</strong></span> <span class='ocrx_word' id='word_1_325' title='bbox 553 3527 665 3589; x_wconf 90' lang='lat' dir='ltr'><strong>bellum</strong></span> <span class='ocrx_word' id='word_1_326' title='bbox 687 3543 768 3590; x_wconf 91' lang='lat' dir='ltr'><strong>esse.</strong></span> <span class='ocrx_word' id='word_1_327' title='bbox 799 3529 830 3589; x_wconf 91' lang='lat' dir='ltr'><strong>ni</strong></span> <span class='ocrx_word' id='word_1_328' title='bbox 844 3547 978 3608; x_wconf 88' lang='lat' dir='ltr'><strong>propere</strong></span> <span class='ocrx_word' id='word_1_329' title='bbox 998 3528 1156 3596; x_wconf 81' lang='lat' dir='ltr'><strong>subveniat</strong></span> 
     </span>
    </p>
   </div>
   <div class='ocr_carea' id='block_1_4' title="bbox 0 0 1238 3900">
    <p class='ocr_par' dir='ltr' id='par_1_4' title="bbox 0 0 1238 3900">
     <span class='ocr_line' id='line_1_40' title="bbox 0 0 1238 3900; baseline 0 1"><span class='ocrx_word' id='word_1_330' title='bbox 0 0 1238 3900; x_wconf 95' lang='lat' dir='ltr'><strong> </strong></span> 
     </span>
    </p>
   </div>
  </div>
 </body>
</html>
