2466 3900
193 205 235 270 tt
336 203 454 266 menn
465 203 574 264 xrrrv.
597 201 680 263 car.
696 209 739 264 ra.
754 208 798 263 ιι.
819 201 906 280 [eu.
920 205 1020 274 em]

191 359 292 436 ipsum
312 357 422 433 ingens
437 355 551 432 cupido
571 355 742 414 incesserat
754 351 875 412 Tarenti
889 351 1028 429 potiundi
1066 350 1172 413 urbrnr

190 459 263 504 esse
276 439 402 502 videbat
415 456 486 500 eum
506 439 684 515 opulentam
698 436 894 511 nobilemque
908 444 972 498 tum
993 435 1170 497 maritimam

190 535 222 589 ct
231 529 262 587 in
268 525 483 586 Macedoniam
497 531 671 600 opportune
680 538 813 596 versam,
827 535 993 596 regemque
1000 519 1170 597 Philippum

190 611 272 672 bunc
285 617 417 686 portum,
432 609 460 668 si
474 609 619 669 transiret
631 606 661 667 in
676 606 802 678 ltaliam,
824 621 894 666 cum
907 605 1103 666 Brundisium
1109 606 1169 666 llo·

190 695 272 770 mani
286 693 442 765 haberent,
459 693 632 769 petiturum.
655 706 745 753 sacro
760 691 832 750 inde
847 696 1021 766 perpetrato
1037 690 1076 749 ad
1089 690 1169 764 quod

191 786 332 853 venerat,
354 785 401 850 et,
420 778 493 838 dum
514 777 557 837 ibi
576 782 725 852 moratur,
747 780 924 851 pervastato
948 790 1022 849 agro
1038 774 1170 834 Cumano

188 878 291 940 usque
305 863 347 922 ad
359 861 470 922 Miseni
484 861 742 938 promontorium,
764 859 908 920 Puteolos
923 866 1050 935 repente
1063 874 1172 934 agmen

190 947 341 1008 convertit
367 947 408 1006 ad
434 946 668 1022 opprimendum
696 943 883 1021 praesidium
902 944 1082 1003 Romanum.
1116 957 1172 1003 sex

190 1031 272 1091 milia
290 1031 448 1093 hominum
469 1036 570 1103 erant,
600 1037 630 1091 ct
649 1031 737 1090 locus
758 1029 943 1089 munimento
966 1042 1091 1104 quoque
1110 1044 1171 1088 non

189 1122 297 1176 natura
311 1116 404 1177 modo
419 1121 510 1175 tutus.
539 1115 671 1175 triduum
691 1113 733 1173 ibi
748 1121 883 1173 moratus
897 1112 1017 1172 Poenus
1033 1110 1070 1172 ab
1091 1113 1170 1171 omni

189 1207 277 1276 parte
290 1206 437 1276 temptato
452 1199 621 1274 praesidio,
637 1198 759 1270 deinde,
777 1204 812 1258 ut
826 1195 900 1256 nihil
915 1196 1109 1272 procedebat,
1132 1196 1170 1255 orl

189 1283 402 1363 populandum
416 1300 523 1359 agrum
529 1283 764 1360 Neapolitanum
778 1283 875 1356 magis
890 1281 936 1341 ira
947 1297 1037 1356 quam
1053 1281 1170 1356 potiun-

191 1369 250 1429 dae
270 1367 355 1428 urbis
377 1385 435 1444 spe
456 1370 619 1445 processit
660 1368 795 1427 adventu
820 1367 886 1425 eius
912 1366 941 1425 in
966 1365 1171 1442 propinquum

189 1469 297 1528 agrum
310 1459 393 1512 mota
404 1453 523 1513 Nolana
537 1458 585 1512 est
598 1450 697 1526 plebs,
712 1451 772 1510 ianr
787 1450 839 1511 diu
854 1465 966 1510 aversa
979 1449 1018 1509 ab
1025 1449 1172 1510 Romanis

190 1544 220 1596 et
233 1537 345 1596 intesta
359 1536 479 1596 senatui
490 1552 559 1596 suo.
582 1535 686 1610 itaque
700 1534 792 1610 legati
806 1534 847 1593 ad
862 1535 1078 1594 arcessendum
1090 1533 1172 1592 Han—

188 1619 322 1680 nibalem
337 1635 406 1679 cum
419 1620 503 1681 haud
519 1618 612 1681 dubio
628 1617 783 1695 promisso
799 1618 967 1679 tradendae
980 1617 1066 1678 urbis
1080 1633 1173 1678 vene

191 1709 270 1764 runt.
301 1704 460 1777 praevenit
480 1703 635 1780 inceptum
656 1719 763 1764 eorum
776 1703 940 1763 Marcellus
957 1702 1063 1763 consul
1078 1718 1096 1760 a
1111 1703 1173 1778 pri·

189 1786 326 1847 moribus
341 1788 467 1848 accitus.
500 1787 627 1848 dicum
643 1787 823 1848 Suessulam
838 1804 857 1846 a
872 1786 1003 1860 Calibus,
1019 1801 1087 1846 cum
1098 1786 1173 1846 Vul-

188 1879 296 1932 turnus
308 1872 405 1933 amnis
416 1872 604 1932 traicientem
615 1878 751 1933 moratus
763 1877 856 1945 esset,
872 1871 1085 1940 contenderat;
1101 1869 1175 1929 inde
1228 1863 1229 1884 ³

189 1956 332 2031 proxima
352 1964 441 2017 nocte
462 1972 520 2017 sex
533 1956 617 2016 milia
630 1955 768 2032 peditum
789 1954 908 2032 equites
929 1962 1096 2031 trecentos,
1120 1954 1175 2030 qui

189 2040 346 2117 praesidio
361 2041 481 2101 senatui
496 2046 616 2115 essent,
637 2040 746 2100 Nolam
760 2040 932 2100 intromisit
964 2039 1050 2100 etuti
1065 2055 1084 2099 a
1098 2054 1175 2100 cou-

189 2125 257 2186 sulo
271 2125 373 2186 omnia
387 2125 516 2200 impigre
529 2125 609 2184 lacte
620 2131 692 2184 sunt
704 2124 745 2184 ad
761 2123 1174 2200 praeoccupandamNolam,

189 2209 231 2269 ita
250 2208 401 2269 Hannibal
424 2216 547 2284 tempus
572 2209 703 2282 terebat,
735 2208 782 2269 bis
806 2208 866 2268 iarn
891 2215 962 2268 unte
986 2207 1176 2286 nequiquam

189 2299 382 2368 temptatore
397 2293 577 2368 segniorad
592 2293 780 2353 credendum
794 2292 920 2354 Nolanis
936 2293 1044 2353 lactus.
1227 2283 1228 2302 ³

272 2375 352 2436 XlV.
371 2377 473 2438 Isdem
489 2377 598 2437 diebus
613 2382 643 2436 et
655 2377 688 2451 Q.
700 2377 812 2438 Fabius
829 2378 937 2439 consul
951 2376 992 2437 ad
1007 2374 1177 2438 casilinum

189 2461 411 2535 temptandum,
433 2462 517 2536 quod
532 2461 688 2538 praesidio
703 2460 818 2522 Punico
832 2460 1000 2537 tenebatur,
1022 2461 1121 2531 venit;
1144 2467 1177 2518 et

188 2543 229 2603 ad
238 2543 449 2604 Beneventum
462 2545 547 2606 velut
560 2561 600 2606 ex
614 2545 786 2621 composito
800 2553 887 2622 parte
901 2545 998 2606 altera
1007 2546 1117 2605 Hanno
1133 2559 1176 2603 ex

186 2627 310 2687 Bruttiis
323 2642 392 2689 cum
402 2645 514 2704 magna
525 2629 660 2706 peditum
676 2630 873 2705 equitumque
884 2647 986 2704 manu,
1002 2631 1097 2690 altera
1107 2627 1176 2686 Tib.
1226 2691 1227 2698 χ

187 2711 344 2772 Gracchus
360 2712 398 2772 ab
413 2713 541 2773 Luceria
555 2713 696 2774 accessit.
727 2714 779 2789 qui
795 2715 891 2790 primo
915 2715 1064 2790 oppidum
1080 2713 1176 2772 intra-

187 2795 240 2871 vit,
255 2795 376 2872 deinde,
395 2803 428 2856 nt
440 2798 622 2858 Hannonem
636 2797 694 2858 tria
709 2797 790 2858 utilia
805 2799 899 2858 terme
914 2799 953 2859 ab
968 2799 1045 2859 urbe
1060 2797 1100 2858 ad
1117 2795 1176 2855 Ca-

186 2881 284 2939 lorem
295 2878 422 2956 llnvium
438 2888 539 2943 castra
549 2881 695 2959 posuisse
710 2889 740 2943 ct
754 2883 825 2944 inde
840 2899 945 2959 agrurn
960 2880 1104 2959 populari
1119 2896 1176 2940 au-

187 2963 277 3039 divit,
299 2965 417 3043 etipse
437 2982 583 3042 egressus
606 2965 766 3028 moenibus
788 2967 870 3026 mille
892 2967 986 3027 terme
1001 2981 1117 3043 passus
1133 2963 1177 3024 ab

186 3048 276 3109 hoste
297 3056 400 3110 castra
419 3046 512 3110 locat.
543 3049 584 3110 ibi
600 3050 774 3112 contionem
788 3051 914 3112 militum
928 3050 1043 3112 habuit.
1075 3048 1175 3124 legio·

186 3149 242 3192 nes
263 3149 373 3208 magna
393 3150 432 3193 cx
453 3141 541 3209 parte
560 3136 707 3196 volonum
721 3133 869 3208 habebat,
893 3136 946 3211 qui
960 3135 1020 3196 iam
1041 3134 1175 3195 alterum

187 3233 299 3276 annum
312 3216 482 3277 libertatem
493 3218 583 3278 tacite
593 3218 703 3279 mereri
716 3235 807 3293 quam
822 3220 979 3294 postulare
990 3219 1093 3295 palam
1107 3234 1173 3277 ma-

187 3300 315 3360 luerant.
354 3307 494 3360 senserat
515 3307 615 3360 tamen
636 3298 772 3361 hibernis
799 3303 962 3377 egrediens
983 3319 1120 3363 murmur
1140 3300 1172 3360 in

187 3383 308 3458 ogrnirm
329 3398 401 3443 esse
423 3384 649 3460 quaerentium,
676 3400 880 3463 enumquam
905 3387 992 3448 liberi
1017 3385 1172 3446 militaturi

186 3472 305 3539 essent,
328 3465 558 3546 scripseratque
573 3469 690 3530 senatui
705 3476 842 3531 nontam
857 3471 931 3547 quid
947 3469 1171 3544 desiderarent,
