2466 3900
214 225 258 292 tt
344 224 456 288 ttsaa
465 223 573 284 xxiv.
595 220 677 282 cAP.
692 229 735 282 ta.
747 227 790 281 re.
802 227 846 280 tt.
867 220 905 296 [ι.
915 221 954 278 rt.
964 239 988 276 c.
1001 221 1066 295 aas]

214 381 358 441 Vismaro
378 377 502 438 nomina
522 382 610 436 erant
627 401 670 418 -
695 388 734 436 eo
756 373 874 450 proelio
897 344 1081 434 oeciderunt.
1126 380 1189 436 oeto

215 461 368 540 elephanti
383 461 473 538 capti,
487 465 549 520 tres
564 456 669 522 occisi.
683 489 727 502 -
748 457 821 520 cum
835 457 896 518 iam
911 471 1081 533 prosperae
1096 471 1151 518 res
1165 458 1189 518 in

215 546 363 623 Hispania
376 552 490 620 essent,
508 541 695 604 verecundia
709 542 865 604 Romanos
879 541 1001 602 tandem
1016 540 1118 618 cepit,
1141 539 1188 602 Sa-

212 637 338 707 guntum
357 629 520 705 oppidum,
544 643 623 704 quoe
644 641 740 687 eausa
754 625 826 686 belli
845 632 944 696 esset,
967 631 1114 686 octavum
1136 625 1196 689 iem

214 705 327 774 annum
347 711 405 774 sub
425 713 558 773 bostium
580 716 731 789 potestate
751 725 832 772 esse.
866 709 969 784 itaque
989 707 1020 770 id
1041 708 1189 786 oppidum

212 799 243 859 vi
259 801 350 875 pulso
365 797 520 874 praesidio
534 796 649 858 Punico
663 801 852 870 receperunt,
870 791 1103 869 oratoribusque
1119 794 1184 854 anti

212 883 292 958 quis,
311 898 390 957 quos
404 897 445 942 ex
458 881 496 942 iis
510 881 559 940 vis
573 879 739 955 reliquerat
752 877 832 953 belli,
852 878 1057 950 restituerunt,
1076 883 1111 938 et
1123 877 1188 936 Tur·

213 969 352 1042 detanos,
375 966 426 1041 qui
440 971 655 1026 contraxerant
669 963 714 1024 eis
729 977 798 1024 curu
813 960 1116 1037 cathaginieusibus
1131 962 1188 1022 bei-

213 1052 291 1124 ium;
322 1051 353 1110 in
383 1055 565 1127 potestatem
587 1047 731 1110 redactos
756 1046 813 1108 sub
841 1059 957 1107 corona
986 1045 1187 1106 vendiderunt

212 1135 380 1210 urbemque
395 1149 500 1196 eorum
514 1133 661 1194 deterunt

294 1219 397 1280 XLIII.
416 1218 546 1278 Haecin
558 1216 707 1292 Hispania
722 1215 756 1288 Q.
770 1213 864 1276 Fabio
878 1214 919 1276 Μ.
936 1213 1061 1274 claudio
1079 1229 1186 1276 consu-

212 1303 292 1364 libus
306 1309 403 1378 gesta.
434 1303 551 1363 Romae
565 1315 634 1360 cum
654 1299 765 1360 tribuni
779 1298 880 1375 piebis
895 1298 967 1359 novi
982 1297 1186 1374 magistratum

211 1387 348 1461 inissent,
370 1386 523 1462 extempio
540 1382 766 1460 censoribusl’.
780 1382 872 1445 Furio
887 1389 918 1444 et
930 1382 971 1442 M.
985 1381 1079 1444 Atilio
1095 1383 1184 1446 atto-

210 1473 282 1531 tetlo
297 1471 417 1532 tribuno
440 1470 539 1545 plebis
553 1469 621 1529 dies
636 1469 717 1529 dieta
736 1468 776 1527 ad
791 1468 940 1544 populum
955 1473 1011 1527 est
1045 1475 1186 1543 quaesto·

212 1569 275 1614 rem
299 1569 369 1614 eum
390 1555 530 1629 proximo
555 1568 636 1612 anno
664 1553 807 1627 adempto
827 1567 909 1627 equo
931 1551 1010 1612 tribu
1032 1557 1187 1610 moverant

212 1645 304 1713 atque
325 1637 472 1697 aerarium
487 1639 623 1697 fecerant
641 1642 770 1712 propter
783 1635 1022 1698 coniurationem
1045 1635 1185 1696 deseren—

211 1721 270 1780 dae
284 1721 388 1781 Itaiiae
402 1721 443 1782 ed
457 1721 577 1781 Cannas
592 1721 712 1780 iactam.
735 1719 794 1780 sed
807 1733 919 1781 novem
933 1719 1122 1780 tribunorum
1137 1735 1183 1778 au-

210 1804 283 1864 xilio
303 1805 388 1865 vetiti
406 1820 529 1866 oausam
549 1806 579 1864 in
598 1804 777 1880 magistratu
792 1803 894 1864 dicere
922 1802 1104 1878 dimissique
1124 1803 1173 1863 iue

210 1895 286 1948 rant.
331 1904 370 1950 ne
395 1890 522 1951 lustrum
545 1888 728 1966 perficerent
752 1903 836 1948 mors
860 1885 1015 1963 probibuit
1038 1885 1071 1946 P.
1096 1885 1183 1948 Furii.

209 1971 249 2030 Μ.
265 1973 375 2034 Atilius
388 1973 570 2049 magistratu·
582 1988 618 2033 se
631 1970 795 2032 abdicavit.
809 2003 853 2018 --
873 1970 1000 2043 Comitia
1014 1972 1184 2034 consularia

209 2055 312 2118 habita
326 2056 364 2117 ab
377 2056 651 2130 Q.FabioMarrimo
666 2057 804 2117 conside.
827 2055 920 2117 creati
936 2057 1081 2116 consules
1097 2055 1182 2115 arnbo

208 2141 352 2202 absentes
375 2141 408 2214 Q.
422 2139 533 2201 Fabius
547 2140 697 2201 Maximus
719 2139 856 2201 consulis
877 2139 957 2200 iilius
978 2145 1009 2200 et
1021 2139 1087 2200 tib.
1103 2138 1183 2200 Som-

208 2227 335 2301 pronius
357 2225 513 2286 Gracchus
533 2225 649 2286 iterum.
681 2231 839 2300 praetores
859 2223 935 2284 iiunt
953 2222 994 2284 Μ
1014 2223 1128 2286 Atilius
1146 2233 1182 2295 et

209 2311 261 2384 qui
283 2311 482 2371 tum'aediles
495 2310 617 2370 curules
639 2315 739 2381 erant,
759 2307 791 2367 P.
807 2306 1006 2383 Sempronius
1019 2308 1183 2370 'luditanus

207 2400 239 2452 et
253 2393 305 2453 Cn.
318 2393 444 2455 Fulvius
457 2395 649 2455 centmnntus
664 2397 695 2452 et
708 2391 748 2452 Μ.
762 2391 913 2453 Aemilius
928 2391 1073 2467 Lepidus.
1096 2392 1183 2453 iudos

207 2476 348 2536 scenicos
363 2493 419 2553 per
433 2477 635 2553 quadriduum
649 2492 687 2538 eo
699 2491 779 2537 anno
791 2473 920 2552 primum
932 2477 1030 2536 iactos
1045 2476 1085 2536 ab
1101 2492 1180 2536 euru·

206 2557 287 2620 libus
305 2560 455 2620 aedilibus
469 2560 634 2621 memoriae
648 2559 796 2636 proditur.
834 2558 942 2620 aedilis
956 2557 1124 2623 Tuditanus
1138 2559 1183 2618 bic

207 2649 280 2715 erat
297 2644 348 2717 qui
360 2645 400 2702 ad
412 2645 531 2704 cannas
543 2659 660 2718 pauore
674 2643 741 2704 aliis
757 2644 787 2704 in
802 2649 885 2704 tanta
897 2643 985 2704 clade
996 2642 1183 2720 torpentibus

207 2742 264 2802 per
277 2727 396 2787 medios
412 2727 518 2789 hostes
534 2727 644 2790 duxitt

290 2811 330 2870 iis
347 2811 476 2872 comitiis
492 2811 636 2887 perfectis
658 2818 783 2874 auctore
798 2811 831 2887 Q.
845 2809 940 2871 Fabio
956 2811 1086 2874 consule
1106 2810 1183 2874 desi·

205 2895 289 2969 gnati
303 2897 448 2956 consules
462 2896 591 2956 Romam
605 2897 746 2956 aceerdti
760 2896 967 2970 magistratum
981 2894 1124 2970 inierunt,
1139 2911 1183 2956 se·

206 2985 370 3054 notumque
391 2981 430 3040 de
450 2979 532 3041 bello
553 2995 590 3040 ae
615 2979 783 3055 provinciis
808 2979 872 3040 suis
899 2985 1139 3056 praetorumque
1158 2985 1185 3038 et

205 3062 244 3122 de
260 3063 458 3139 exercitibus,
482 3063 592 3139 quibus
610 3064 723 3138 quique
737 3069 933 3136 praeessent,
956 3064 1183 3124 consuluerunt

203 3146 307 3207 XLIV.
332 3147 436 3223 itaque
456 3148 634 3225 provinciae
653 3155 747 3223 atque
767 3146 921 3220 exercitus
944 3145 1052 3206 divisi:
1074 3147 1184 3212 bellum

203 3245 273 3292 oum
279 3230 450 3292 Hannibale
465 3232 643 3294 consulibus
656 3232 830 3292 mandatum
844 3237 875 3290 et
890 3231 1080 3292 exercituum
1095 3247 1183 3304 uuus,

204 3330 294 3388 quem
308 3316 377 3390 ipse
391 3315 592 3392 Sempronius
607 3314 764 3378 habuerat.
780 3315 864 3386 aiter,
882 3329 973 3388 quem
983 3313 1099 3376 Fabius
1115 3331 1182 3376 eon-

203 3397 261 3459 sui.
284 3413 339 3458 eae
353 3398 444 3459 binae
460 3406 546 3459 erant
561 3397 709 3473 legiones.
730 3397 771 3456 Μ.
783 3397 932 3458 Aemilius
949 3405 1082 3474 praetor,
1098 3399 1183 3459 euius

203 3479 365 3554 peregrina
379 3497 448 3543 sors
464 3489 536 3555 erat,
553 3481 626 3542 iuris
638 3479 823 3544 dictionebi.
834 3480 927 3542 Atilio
942 3483 1081 3556 collegae
1095 3497 1182 3559 prae·
1219 3501 1220 3548 t
