2448 3900
187 247 250 312 tio
380 247 495 310 LIBER
505 247 595 308 XXX.
615 247 774 312 calco.
797 255 834 322 [ι.
845 253 881 306 U.
893 272 918 313 e.
931 251 996 326 549]

270 402 310 460 V.
331 399 387 461 His
412 399 603 476 praeparatis
628 398 844 476 advocatoque
864 399 996 460 consilio
1017 405 1056 459 et
1081 399 1187 462 dicere

188 483 436 562 exploratoribus
451 483 559 559 iussis,
576 497 656 559 quae
670 491 827 558 comperta
840 483 1014 558 adferrent,
1027 482 1186 544 Masinis·

188 585 295 647 saque,
311 569 361 629 cui
376 567 478 628 omnia
491 567 625 629 hostium
638 574 712 628 nota
725 575 820 643 erant,
834 573 995 643 postremo
1011 567 1098 642 ipse
1116 568 1186 642 quid

188 660 312 732 pararet
335 653 366 712 ln
386 651 558 728 proximam
581 656 703 712 noctem
724 651 884 728 proponit;
910 649 1050 712 tribunis
1084 651 1186 726 edicit,

188 746 235 813 ut,
256 735 309 797 ubi
324 735 479 811 praetorio
501 735 629 797 dimisso
644 735 732 810 signa
746 735 993 810 concinuissent,
1015 737 1184 810 extemplo

188 822 356 883 educerent
375 819 485 881 castris
499 819 646 894 legiones.
669 819 725 880 ita
738 827 772 882 ut
785 819 993 896 imperaverat
1009 819 1116 893 signa
1132 820 1184 878 sub

189 919 333 969 occasum
349 905 424 966 solis
439 903 541 964 ellerri
555 909 627 964 sunt
641 911 760 981 coepta.
786 903 826 963 ad
840 903 969 978 primam
985 903 1098 962 imme
1113 903 1184 976 vigi·

189 991 260 1051 liam
280 1004 389 1064 agnen
411 987 656 1063 explicaverunt;
677 987 778 1048 media
798 995 1091 1062 nocte-septem
1108 988 1184 1046 enin

189 1073 271 1134 milla
294 1073 410 1134 itineris
436 1076 522 1132 erant
535 1070 705 1132 -modico
731 1069 829 1146 gradu
848 1070 888 1132 ad
909 1077 1014 1131 castra
1042 1071 1184 1132 hostium

190 1163 370 1234 perventum
387 1161 444 1216 est.
476 1154 518 1215 ibi
534 1154 637 1230 Scipio
655 1163 772 1230 partem
787 1154 945 1231 copiamm
957 1155 1077 1215 Laelio
1093 1155 1183 1215 Masi·

190 1241 368 1318 nissamque
383 1255 420 1300 ac
433 1238 579 1300 Numidas
595 1238 736 1314 attribuit,
756 1246 788 1299 et
800 1245 900 1299 castra
914 1237 1084 1317 Syphacis
1100 1239 1182 1298 inva-

190 1328 264 1387 dere
277 1325 427 1400 ignesque
441 1323 584 1385 conicere
597 1324 690 1384 iubet.
723 1322 862 1398 singulos
877 1323 991 1383 deinde
1006 1323 1183 1399 separatim

189 1408 326 1472 Laelium
340 1424 376 1469 ac
390 1407 585 1468 Masinissam
598 1406 749 1486 deductos
765 1407 941 1482 obtestatur,
962 1413 1007 1479 ut
1025 1414 1181 1482 quantun

189 1510 251 1555 nox
266 1491 476 1568 providentiae
491 1491 613 1566 adimat,
627 1497 742 1552 tamum
756 1491 911 1568 diligentia
924 1491 1082 1566 expleant
1096 1508 1180 1552 cura-

191 1593 260 1654 que.
294 1593 328 1638 se
352 1574 577 1638 Hasdrubalem
602 1575 778 1652 Punicaque
805 1581 908 1635 castra
934 1575 1179 1650 adgressurum:

190 1668 323 1722 ceterum
336 1675 398 1720 non
409 1665 479 1721 ante
491 1666 679 1737 coepturum,
696 1675 789 1735 quam
799 1658 899 1734 ignem
913 1658 944 1718 in
954 1659 1056 1734 regiis
1070 1660 1177 1720 castris

191 1743 416 1819 conspexisset.
454 1759 555 1820 neque
582 1759 619 1804 ea
642 1759 693 1804 res
722 1751 840 1804 morato
868 1743 920 1803 diu
950 1751 1014 1803 esta
1055 1759 1132 1802 nam
1150 1749 1176 1802 ut

192 1828 339 1906 proximis
362 1827 443 1888 casis
464 1828 594 1888 iniectus
614 1827 694 1902 ignis
715 1825 830 1902 haesit,
856 1828 1010 1902 extemplo
1034 1827 1175 1902 proxima
1214 1843 1215 1926 l

192 1927 335 1990 quaeque
355 1918 386 1972 et
400 1912 547 1988 deinceps
569 1911 711 1972 condona
731 1912 892 1986 amplexus
911 1910 983 1972 totis
1006 1927 1044 1971 se
1060 1911 1173 1987 passim
1214 1933 1215 1984 l

193 1993 355 2072 dissipavit
374 1997 493 2058 castris.
529 2001 561 2056 et
572 1994 735 2071 trepidatio
751 1994 889 2070 quidem,
913 2002 1028 2070 quanta
1045 2009 1172 2056 necesse
1214 1997 1215 2032 l

192 2087 272 2157 erat,
293 2081 324 2141 in
338 2087 487 2142 nocturno
503 2079 604 2141 elhrso
618 2087 679 2140 tam
693 2080 752 2140 late
766 2079 908 2140 incendio
924 2086 992 2140 orta
1006 2086 1074 2140 est=
1097 2085 1171 2140 cete

193 2181 259 2226 rum
280 2164 435 2227 fortuitum
454 2181 517 2226 non
536 2162 678 2224 hostilem
699 2178 735 2223 ac
748 2163 891 2225 bellicum
905 2163 1006 2238 ignem
1017 2161 1080 2224 rati
1095 2178 1171 2235 esse,

192 2249 260 2310 sine
274 2249 366 2310 armis
381 2249 422 2308 ad
434 2247 685 2323 restinguendum
699 2246 873 2308 incendium
888 2245 978 2308 effusi
992 2247 1023 2307 in
1040 2255 1171 2307 armatos
1214 2247 1215 2328 ζ

193 2333 329 2394 incidere
352 2332 476 2406 hostes,
501 2331 632 2392 maxime
651 2329 798 2391 Numidas
823 2331 862 2390 ab
882 2330 1050 2391 Masinissa
1070 2331 1171 2392 notitia
1214 2331 1215 2414 l

191 2417 347 2493 regiorum
368 2422 538 2477 castrorum
559 2416 599 2476 ad
613 2413 713 2476 exitus
728 2413 869 2475 itinerum
883 2413 1003 2475 idoneis
1017 2414 1098 2475 locis
1114 2415 1171 2475 dis·

193 2501 323 2577 positos.
359 2499 389 2559 in
411 2499 488 2577 ipsis
513 2500 665 2560 cubilibus
686 2499 891 2560 semisomnos
911 2497 1014 2558 hausit
1033 2497 1169 2568 flammam

193 2584 277 2645 multi
297 2584 328 2643 in
348 2583 509 2660 praecipiti
534 2586 607 2658 luga
633 2587 757 2644 ruentes
785 2597 880 2658 super
898 2583 977 2643 alios
999 2581 1051 2642 alii
1069 2582 1101 2642 in
1123 2599 1158 2642 an

192 2667 302 2743 gustlis
324 2673 481 2742 portarum
503 2666 604 2729 obtriti
625 2674 704 2728 sunt.
738 2667 790 2726 Vl.
813 2666 999 2728 relucentem
1019 2663 1168 2726 flamniam

194 2751 291 2827 primo
313 2750 422 2826 vigiles
444 2751 751 2833 Carthaginiensium,
773 2750 886 2811 deinde
906 2749 1027 2810 excitati
1048 2749 1099 2810 olii
1121 2767 1168 2811 no-

194 2842 302 2896 cturno
317 2836 446 2896 tumultu
457 2851 527 2896 curn
542 2835 794 2912 conspexissent,
810 2835 848 2895 ab
864 2833 974 2894 eodem
989 2849 1093 2894 errore
1108 2850 1165 2894 cre·

192 2919 268 2980 dere
292 2925 323 2979 et
341 2919 401 2994 ipsi
427 2935 485 2980 sua
509 2927 621 2995 sponte
643 2919 819 2980 incendium
845 2925 961 2987 ortum;
994 2923 1026 2978 et
1049 2919 1165 2992 clamor,

193 3004 271 3068 inter
292 3003 418 3064 caedem
432 3010 463 3064 et
475 3005 603 3064 vulnera
623 3002 762 3066 sublatus
783 3019 822 3062 an
838 3017 878 3062 ex
901 3001 1104 3079 trepidatione
1118 3019 1164 3063 no·

193 3095 301 3148 cturna
315 3095 411 3163 esset,
434 3088 582 3148 contusus
599 3103 725 3149 sensum
741 3087 804 3148 veri
818 3085 979 3147 adimebat.
1012 3085 1101 3160 igitur
1114 3102 1163 3160 pro

194 3187 229 3232 se
251 3172 384 3248 quisque
403 3171 550 3245 inanitae,
579 3178 612 3232 ut
633 3171 743 3248 quibus
763 3171 837 3231 nihil
861 3170 973 3231 hostile
994 3175 1162 3245 suspectum

194 3263 287 3328 esset,
314 3255 455 3316 omnibus
480 3254 592 3330 portis,
621 3271 682 3329 qua
706 3253 817 3330 cuique
838 3253 1010 3329 proximum
1031 3259 1105 3328 erat,
1130 3268 1162 3313 ea

194 3337 286 3396 modo
309 3353 388 3413 quae
401 3337 621 3412 restinguendo
636 3336 698 3412 igni
712 3338 813 3398 tarent
826 3343 998 3412 portantes,
1017 3337 1047 3396 in
1062 3351 1159 3412 nmen

195 3416 364 3479 Romanum
383 3420 521 3481 ruebant.
558 3418 669 3494 quibus
685 3419 785 3479 caesis
801 3419 942 3480 omnibus
956 3425 1160 3495 praeterquam

193 3495 297 3558 hostili
319 3501 405 3573 odio,
427 3501 516 3561 etiam
537 3517 576 3560 ne
597 3502 666 3576 quis
688 3503 811 3563 nuntius
833 3501 995 3578 effugeret,
1017 3501 1158 3578 extemplo
