2466 3900
182 235 220 297 io
325 231 441 293 LIBER
455 229 557 290 XXIV.
581 227 664 290 CAP.
682 235 722 290 15.
740 235 782 291 16.
805 233 843 302 [a.
858 231 893 286 U.
910 249 933 290 c.
947 233 1009 296 538]

179 389 291 449 claram
314 384 389 461 satis
403 390 435 444 et
453 382 604 458 insignem
618 381 760 442 virtutem
774 395 846 442 esse
859 397 917 442 uec
932 380 1055 441 dubiam
1071 379 1159 440 iiber-

180 478 271 532 tatem
285 470 415 528 futuram
430 466 663 527 strenuis‘viris.
690 472 753 526 tum
768 465 973 542 redintegrata
987 481 1090 540 pugna
1104 471 1161 539 est,

179 563 211 616 et
231 568 326 629 eques
349 552 437 611 ctiam
459 550 487 610 in
510 550 615 610 hostes
638 549 780 610 emissus.
816 549 927 625 quibus
942 564 1010 609 curn
1032 548 1162 624 impigre
1220 554 1221 620 t

181 636 328 699 Numidae
343 633 584 710 concurrissent,
606 648 664 694 nec
679 634 803 710 segnior
817 633 951 708 equitum
968 648 1057 707 quam
1074 632 1163 708 pedi-

182 731 243 783 tum
265 735 366 796 pugna
386 725 484 790 esset,
515 719 623 780 ieram
644 717 677 778 in
697 715 819 780 duritiem
843 717 978 778 adducta
997 732 1063 791 res,
1093 733 1163 775 cum
1220 759 1221 778 .

182 805 334 879 utrimqre
350 804 461 874 duces,
483 804 641 863 Romanus
655 801 804 862 Bruttium
818 799 1035 875 Lucanumque
1049 801 1163 860 totiens

186 887 387 951 anraioribus
408 886 473 947 suis
494 886 594 947 victos
616 885 840 962 subactosque,
865 885 987 946 Poenus
1010 885 1164 960 mancipia

183 975 320 1034 Romana
341 978 371 1032 et
392 987 431 1030 ex
454 971 609 1046 ergastulo
632 969 756 1030 militem
776 969 880 1030 verbis
902 968 1063 1030 obtereret.
1108 985 1164 1045 po·

182 1065 294 1118 stremo
316 1055 489 1132 pronuntiat
505 1054 661 1115 Gracchus
680 1070 753 1115 esse
771 1053 845 1115 nihil
868 1055 951 1129 quod
966 1053 1164 1114 de'iibertate

182 1147 349 1218 sperarent,
363 1139 422 1201 nisi
433 1155 470 1199 eo
481 1138 531 1199 die
542 1140 602 1200 iusi
612 1137 768 1214 fugatique
779 1139 884 1199 hostes
897 1145 1010 1198 essent.
1031 1137 1113 1197 XVI.
1128 1153 1165 1197 ea

183 1227 305 1286 demum
327 1240 388 1285 vax
408 1225 449 1284 ita
473 1224 592 1285 animos
618 1223 772 1298 accendit,
797 1229 830 1283 ut
849 1229 995 1283 renovato
1020 1222 1164 1293 clamore,

183 1311 266 1371 velut
279 1309 329 1369 aiii
344 1314 470 1384 repente
486 1309 566 1384 iacti,
581 1314 664 1368 tanta
678 1308 709 1366 vi
725 1323 760 1368 se
774 1306 803 1366 in
819 1306 937 1367 hostem
954 1307 1118 1379 intulerint,
1133 1313 1164 1364 ui
1222 1325 1223 1362 t

183 1394 326 1456 sustineri
341 1394 420 1454 ultra
433 1409 493 1454 non
510 1398 647 1468 possent.
676 1392 773 1467 primo
789 1391 978 1466 antesignani
992 1391 1165 1450 Poenorum

183 1481 254 1540 dein
270 1479 358 1553 signa
373 1477 556 1552 perturbata,
579 1482 734 1552 postremo
749 1481 811 1537 toto
826 1475 957 1552 impulsa
971 1475 1070 1545 acies;
1094 1474 1165 1534 inde

184 1559 374 1624 hauddubie
390 1567 474 1635 terga
489 1560 568 1637 data,
591 1567 742 1637 ruuntque
758 1561 909 1636 fugientes
925 1559 954 1617 in
971 1564 1071 1620 castra
1086 1558 1166 1619 adeo

186 1645 290 1723 pavidi
306 1644 495 1720 trepidique,
518 1652 551 1705 ut
566 1660 604 1704 ne
619 1645 649 1704 in
667 1646 763 1722 portis
780 1644 902 1720 quidem
917 1649 970 1705 aut
986 1643 1065 1703 valio
1082 1642 1166 1719 quis-

186 1982 318 2042 atrocior
330 1981 394 2042 iuit.
417 1987 447 2042 et
458 1982 603 2042 adiuvere
614 1981 736 2058 captivi,
748 1982 804 2057 qui
819 1987 906 2057 rapto
922 1980 999 2041 inter
1011 1981 1170 2040 tumultum

187 2068 268 2128 ierro
292 2066 465 2141 conglobati
488 2073 518 2125 et
537 2065 575 2126 ab
591 2072 676 2141 tergo
692 2066 868 2126 ceciderunt
881 2065 1003 2125 Poenos
1021 2071 1051 2125 et
1066 2065 1170 2140 fugam

184 1747 277 1807 quam
292 1729 443 1800 restiterit,
466 1744 503 1789 ac
518 1745 615 1806 prope
630 1728 794 1792 continenti
809 1728 929 1804 agmine
943 1727 1071 1814 Romani
1086 1728 1167 1786 inse·
1222 1783 1224 1790 ,

185 1814 245 1874 cuti
260 1828 373 1873 novum
390 1813 429 1873 de
444 1812 562 1888 integro
574 1814 722 1890 proelium
738 1813 846 1874 inclusi
860 1811 994 1874 hostium
1005 1812 1088 1871 valio
1104 1811 1169 1870 edi-

184 1898 294 1959 derint.
314 1896 356 1956 ibi
367 1897 446 1958 sicut
458 1913 561 1973 pugna
572 1897 776 1974 inexpeditior
787 1897 817 1956 in
830 1897 988 1972 augustiis,
1001 1897 1042 1956 ita
1053 1896 1169 1956 caedes

187 2149 397 2227 impedierunt.
430 2150 533 2224 itaque
552 2150 651 2210 minus
674 2151 735 2211 duo
751 2150 834 2210 milia
847 2148 1003 2209 hominum
1024 2164 1063 2208 ex
1086 2153 1170 2208 tanto
1224 2165 1225 2176 ¹

184 2236 322 2297 exercitu
343 2242 373 2294 et
387 2250 424 2294 ea
437 2234 535 2295 maior
549 2251 621 2310 pars
636 2235 770 2310 equitum
786 2250 853 2294 cum
868 2233 938 2308 ipso
956 2233 1035 2314 duce
1053 2231 1170 2308 effuge·

186 2325 271 2390 runt;
296 2318 346 2378 alii
369 2334 476 2378 omnes
498 2319 580 2378 caesi
595 2325 647 2380 aut
661 2319 752 2395 capti.
785 2323 875 2393 capta
897 2324 928 2377 et
943 2317 1031 2392 signa
1053 2316 1170 2376 duode-

189 2402 401 2478 quadraginta.
444 2419 484 2463 ex
507 2402 675 2463 victoribus
701 2404 762 2464 duo
789 2402 871 2461 milia
897 2402 991 2461 ienae
1019 2401 1170 2461 cecidere.

189 2487 306 2563 praeda
321 2485 420 2546 omnis
432 2492 646 2561 praeterquam
657 2486 813 2546 hominum
829 2491 985 2560 captorum
998 2483 1083 2544 miiiti
1100 2501 1171 2546 con-

189 2587 281 2630 cessa
295 2575 359 2638 est;
374 2575 405 2629 et
419 2585 514 2644 pecus
530 2577 692 2646 exceptum
707 2577 762 2644 est,
779 2570 862 2645 quod
877 2569 954 2629 intra
969 2569 1035 2629 dies
1050 2568 1172 2644 triginta

187 2653 303 2714 domini
318 2652 545 2736 cognovissent.

274 2737 348 2798 Cum
360 2737 475 2812 praeda
486 2737 587 2814 onusti
599 2737 629 2797 in
642 2744 743 2799 castra
756 2738 918 2814 redissent,
936 2743 1079 2814 quattuor
1090 2734 1173 2796 milia

190 2821 285 2882 ienae
305 2820 449 2881 volonum
470 2821 611 2897 miiitum,
635 2839 715 2898 quae
737 2829 947 2899 pugnaverant
967 2820 1095 2896 segnius
1117 2836 1173 2880 nec

189 2907 219 2965 in
235 2911 336 2965 castra
349 2905 522 2981 irruperant
532 2906 630 2978 simui,
647 2914 727 2967 metu
744 2923 863 2983 poenae
879 2907 988 2966 coliem
1002 2905 1086 2965 haud
1104 2920 1173 2982 pro-

190 2990 239 3050 cui
262 2989 370 3049 castris
392 2998 548 3065 ceperum.
587 2999 713 3067 postero
736 2991 785 3050 die
809 3007 863 3068 per
886 2990 1022 3051 tribunos
1045 2990 1172 3050 miiitum

190 3074 262 3134 inde
277 3071 399 3133 deducti
415 3075 557 3135 contione
571 3075 695 3136 miiitum
711 3074 862 3136 advocata
876 3092 895 3135 a
911 3074 1048 3135 Graccho
1065 3085 1173 3151 super-

190 3158 325 3218 veniunt.
345 3157 398 3217 ubi
410 3173 479 3218 cum
490 3160 658 3234 proconsul
670 3165 791 3220 veteres
804 3159 913 3219 milites
927 3160 1065 3236 primum,
1083 3163 1174 3235 prout

192 3241 342 3318 cuiusque
358 3243 454 3302 virtus
469 3249 561 3318 atque
577 3258 673 3318 opera
687 3242 717 3302 in
733 3259 771 3303 ea
787 3260 889 3319 pugna
905 3245 1015 3318 iuerat,
1037 3242 1168 3304 militari·

192 3326 249 3385 hus
259 3326 349 3385 donis
359 3325 515 3398 donasset,
528 3332 609 3400 tunc,
623 3327 706 3400 quod
719 3327 896 3387 advolones
907 3328 1051 3400 attineret,
1065 3343 1172 3388 omnes

193 3409 234 3467 ait
247 3409 338 3468 maile
353 3410 493 3469 laudatos
508 3425 527 3468 a
542 3425 576 3468 se
591 3409 701 3484 dignos
717 3411 937 3487 indignosque,
962 3427 1052 3486 quarn
1069 3427 1173 3487 quem-

194 3507 286 3565 quam
301 3508 339 3552 eo
355 3492 404 3551 die
420 3493 598 3567 castigatum
615 3509 696 3554 esse.
720 3496 803 3569 quod
813 3494 928 3556 bonurn
940 3497 1072 3556 iaustum
1088 3496 1173 3556 felix·
