2428 3892
259 182 379 244 ΜΒΕΒ
392 183 500 246 XXVI.
523 183 607 246 CAP.
624 196 649 249 1.
660 194 687 248 2.
710 193 747 261 [a.
760 191 870 262 Mil]
993 185 1054 250 103

66 345 103 390 ne
120 330 150 390 in
170 329 305 406 oppidis
326 331 539 411 hibernarent,
560 349 640 396 nere
652 335 790 398 *hiberna
809 338 941 414 propius
961 338 1053 399 ullam

66 413 165 475 urbem
177 414 295 475 decem
314 416 828 495 mitibuspessunmaealncarent.
863 421 897 482 L.
913 422 1053 485 cornelio

64 499 91 558 in
105 498 250 560 Sardinia
265 500 351 562 duae
366 502 506 577 legiones
521 504 628 580 datae,
651 505 763 581 quibus
779 505 813 579 Q.
822 499 950 568 'Mucius
965 518 1054 582 prae

60 583 171 644 luerat=
185 587 467 661 supplementum,
488 588 517 648 si
537 605 617 665 opus
629 597 734 664 esset,
745 592 903 652 consules
918 591 1055 652 scribere

59 667 144 728 iussi.
180 668 214 728 Τ.
236 667 371 731 Otacilio
386 680 425 733 'et
437 671 479 732 Μ.
492 673 619 734 Valerio
636 671 758 734 Siciliae
774 674 985 751 Graeciaeque
1000 689 1055 736 ora

58 767 125 811 cum
143 752 329 826 legionibus
352 755 572 834 classibusque
593 757 705 832 quibus
721 765 885 832 praeerant
902 759 1055 820 decretae.

61 834 287 912 quinquaginta
309 839 441 901 Graecia
465 855 537 902 cum
562 842 685 916 legione
702 854 781 919 una,
807 850 930 904 centuni
952 843 1057 904 Sicilia

58 934 125 980 cum
138 918 462 999 ‘duabuslegionibus
476 925 634 986 habebant
647 941 755 987 naves.
793 926 891 988 tribus
907 935 937 987 et
951 926 1055 1002 rigirai

62 1003 231 1080 legionibus
253 1003 409 1070 Romanis
434 1021 473 1071 eo
495 1025 576 1070 anno
603 1011 718 1072 belllnn
741 1017 824 1072 terra
848 1011 992 1086 marique
1009 1018 1057 1070 est

59 1095 183 1162 gestum.
923 1161 935 1182 ³

137 1173 176 1232 lt.
198 1174 367 1252 Principio
389 1179 457 1238 eius
479 1177 552 1238 anni
572 1192 641 1239 eum
661 1179 703 1239 'de
718 1179 825 1240 litteris
839 1177 873 1237 L.
886 1177 996 1237 Marcii
1008 1191 1056 1236 re-

65 1257 201 1334 tenetur,
225 1274 286 1321 res
301 1269 410 1336 gestae
424 1259 609 1338 magnificae
624 1262 746 1324 secani
758 1261 861 1321 visae:
883 1261 987 1321 titulus
1002 1260 1056 1319 bo-

66 1343 148 1417 noris,
160 1346 257 1420 'qnod
273 1346 407 1422 irnperio
423 1361 486 1407 non
501 1347 611 1422 pupuli
625 1347 730 1420 iussu,
746 1359 809 1405 non
824 1357 863 1404 ex
878 1341 1058 1405 auctoritate

65 1432 175 1498 patrtnn
191 1429 283 1492 <dato
308 1439 516 1508 „propraetor
542 1429 682 1491 senatui‘
707 1429 888 1504 scripserat,
915 1435 1058 1502 magnam

64 1517 173 1583 partem
188 1513 359 1576 hominurn
374 1513 570 1577 offendebare
590 1526 658 1574 rem
671 1514 743 1574 muli
757 1511 891 1587 exempli
907 1525 988 1586 esse,
1003 1511 1058 1570 im-

64 1602 217 1668 peratores
241 1598 308 1674 legi
329 1600 369 1660 ab
390 1597 595 1674 exercitibus,
617 1606 647 1659 el
661 1599 811 1659 sollemne
829 1597 1058 1672 suspicaturum

64 1681 252 1744 comburam
277 1683 310 1743 in
324 1691 428 1744 eastra
443 1689 474 1744 et
488 1683 667 1759 prouincias
682 1683 791 1758 procul
805 1681 845 1741 ab
859 1677 980 1756 legibus
995 1693 1058 1737 ma-

62 1763 307 1844 gistratibusque
322 1769 363 1828 ad
374 1768 537 1828 militarem
548 1766 748 1828 temeritatem
757 1765 927 1826 benammi.
939 1768 980 1823 et
990 1772 1059 1822 eam

65 1848 182 1920 cuidam
203 1853 410 1914 referendum
427 1853 468 1914 ad
482 1857 626 1912 senatum
641 1857 818 1924 censerent,
828 1843 945 1908 ‘melius
959 1845 1060 1941 meula

64 1931 172 1994 dilleni
186 1949 264 1997 eam
280 1931 557 2011 consultationem,
573 1936 674 1996 donee
688 1934 959 2012 proficiscerentur
974 1941 1059 2002 equi-

66 2021 117 2091 tes,
133 2019 186 2094 qui
201 2021 243 2082 ab
256 2021 509 2084 Marcio'litteras
521 2021 692 2081 attulerant.
712 2014 844 2078 rescribi
856 2015 896 2074 de
908 2012 1059 2072 numento

65 2104 615 2181 etrestlmenusexercitusplacuiu
637 2114 707 2164 earn
714 2105 956 2182 utramquerem
968 2102 1061 2154 curae

67 2183 127 2246 lore
134 2191 282 2252 senatui:
306 2189 444 2250 adscribi
457 2197 559 2250 antem
575 2185 791 2264 „propraetori
800 2183 834 2242 L.
845 2173 983 2241 Maeror
997 2185 1059 2236 non

68 2268 190 2349 placuit,
205 2287 252 2334 ne
266 2274 299 2334 id
313 2275 434 2350 ipsum,
450 2275 538 2348 quod
553 2264 986 2361 consultationiflreliquerant,
1002 2274 1060 2334 pro

68 2355 280 2424 praeiudicato
295 2359 403 2419 lerret.
436 2356 577 2418 'obmissis
598 2352 755 2432 equitibus
766 2352 813 2412 'de
827 2347 960 2441 nullane
970 2343 1060 2420 prius

72 2439 208 2503 lomnes
221 2443 420 2517 rettulerunt,
436 2441 637 2516 omniumque
651 2440 682 2499 ln
697 2435 977 2498 unumsententrae
988 2431 1060 2488 con-

68 2524 230 2601 eruebant,
249 2527 409 2604 agendum
423 2537 495 2586 curn
507 2525 639 2586 tribunis
654 2521 755 2598 plebis
769 2529 852 2616 esse,
868 2514 968 2610 primo
979 2521 1061 2610 QZ

71 2621 126 2678 lua
138 2612 340 2688 tempuread
354 2610 479 2687 plebem
491 2610 625 2680 ferrent,
653 2614 746 2682 quem
760 2617 830 2664 curn
843 2607 972 2696 irnperio
986 2599 1059 2692 natta

70 2688 200 2761 placarer
220 2697 253 2756 in
268 2694 453 2771 Hispaniam
476 2694 516 2754 ad
532 2707 602 2754 eum
617 2687 801 2773 exercitrnn,
822 2701 871 2744 cui
887 2679 939 2742 Cn.
955 2679 1060 2752 Scrpro

71 2770 232 2848 inperator
253 2779 454 2856 praefuisset.
489 2789 529 2838 ea
547 2791 600 2836 res
616 2767 829 2835 cumuibunis
844 2774 913 2828 acta
924 2761 1060 2841 promul·

72 2865 136 2928 gata
157 2871 274 2924 ueest.
914 2927 915 2934 ,

137 2879 215 3008 qSed
226 2947 314 3009 cuiun
325 2954 486 3009 aeramen
499 2947 709 3018 occupaverat
719 2937 848 2998 animos.
872 2927 1058 3005 asempro·

75 3023 136 3086 nius
149 3027 285 3092 Blaesus
302 3032 355 3092 die
370 3031 455 3092 dieta
469 3023 523 3090 Cn.
537 3025 680 3089 Fulvium
694 3023 735 3085 ob
745 3019 916 3082 'exercittnn
930 3016 961 3074 ln
974 3015 1059 3110 npu-

75 3105 109 3166 lia
122 3113 271 3178 amissum
293 3116 325 3176 in
348 3111 545 3177 contionibus
558 3107 710 3182 vexabat,
732 3105 843 3166 multos
858 3102 1059 3196 imperatores

77 3196 235 3261 temeritate
258 3206 355 3277 atque
371 3197 498 3260 'inscitia
518 3192 732 3256 exercitumin
747 3190 848 3250 locum
862 3185 1059 3259 praecipitem

77 3277 256 3346 reluxisse
278 3283 437 3360 dictitans,
457 3281 613 3342 neminem
633 3281 757 3352 praeter
772 3271 823 3332 cn.
838 3265 976 3327 Fulviam
991 3269 1060 3323 ante

77 3368 249 3445 corrupisse
270 3367 418 3430 omnibus
437 3361 520 3428 uitiis
536 3364 681 3440 legiones
700 3367 776 3418 'snas
797 3359 889 3430 uuam
902 3345 1057 3447 proderet.

79 3436 171 3524 iinque
190 3469 267 3515 vere
288 3451 351 3514 diei
371 3463 471 3530 posse
491 3447 579 3526 prius
599 3461 656 3506 eos
677 3440 799 3518 perisse
814 3451 906 3513 quam
919 3430 1057 3494 viderer*
