2428 3892
272 197 389 258 LIBER
402 197 523 260 xxvll.
546 197 629 258 CAP.
645 207 671 259 5.
694 203 731 272 [a.
745 201 854 270 Mitt]
997 196 1058 261 165

64 363 172 428 prope
198 347 358 422 sexaginta
378 348 408 407 in
431 346 535 407 Sicilia
553 353 635 407 terra
654 345 794 424 marique
815 348 933 424 magnis
962 363 1058 426 saepe

65 431 214 494 cladibus
234 431 377 493 bellatum
399 439 498 506 esset,
518 447 554 492 se
574 447 642 491 eam
656 432 847 507 provinciam
867 431 1056 494 coniecisset

64 517 225 578 neminem
239 515 521 590 cmmagtniensem
535 515 567 574 in
581 514 687 575 Sicilia
701 531 782 591 esse,
804 517 955 576 neminem
971 515 1056 578 Sicu·

65 603 151 676 turn,
174 600 228 676 qui
249 600 344 674 iugali
358 603 441 660 metu
458 599 530 660 inde
550 599 695 672 afuerint,
718 615 779 660 non
793 615 881 671 esse;
903 615 1010 661 omnes
1025 602 1055 662 in

65 685 175 757 urbes,
191 683 222 743 in
237 697 330 758 agros
345 698 420 743 suos
434 683 581 744 reductos
596 697 684 743 arare
698 699 817 757 sererc;
840 684 994 746 desertam
1009 701 1054 746 re

67 769 132 830 coli
147 775 259 829 terram
273 767 411 843 tandem,
432 767 608 843 frugiferam
629 768 707 843 ipsis
722 768 905 844 cultoribus,
925 771 1053 847 populo·

69 853 280 930 queRomano
293 865 372 928 pace
382 866 419 912 ec
431 849 511 913 bello
524 851 707 932 fidissimum
722 867 863 913 annonae
874 853 1056 916 subsidium.

70 937 144 998 exin
158 935 285 996 Muttine
306 941 337 996 ct
357 934 383 996 si
406 951 536 1011 quorum
550 936 678 996 aliorum
692 937 800 998 merito
821 951 895 1012 erga
908 938 1055 1014 populum

69 1023 246 1082 Romanum
260 1023 347 1080 erant
359 1019 390 1078 in
405 1026 545 1080 senatum
559 1019 749 1097 introductis,
764 1022 899 1082 honores
914 1022 1055 1083 omnibus

69 1106 112 1166 ad
133 1103 355 1165 exsolvendam
372 1103 465 1165 fldem
487 1121 506 1164 a
526 1107 654 1166 consule
668 1104 771 1166 babiti.
806 1106 948 1167 Muttines
964 1107 1054 1168 etiam

70 1188 316 1250 civisltomanus
326 1189 425 1249 lectus
434 1190 594 1263 rogatione
605 1187 644 1250 ab
654 1189 776 1251 tribuno
789 1190 887 1265 plebis
900 1206 938 1250 ex
950 1199 1053 1252 aucto-

69 1274 162 1334 ritate
176 1279 296 1348 patrum
311 1272 351 1332 ad
365 1272 486 1348 plebem
501 1274 571 1335 lata.

156 1357 237 1418 Dum
247 1355 448 1418 haecRomae
461 1367 615 1432 geruntur,
630 1358 670 1418 Μ.
678 1358 821 1418 Valerius
835 1356 1054 1433 quinquaginta

71 1440 205 1503 navibus
220 1457 290 1502 cum
311 1446 381 1502 ante
395 1443 494 1502 lucem
508 1443 549 1502 ed
562 1442 699 1502 Africam
718 1439 923 1517 accessisset,
941 1442 1054 1518 impro-

71 1526 140 1587 viso
157 1525 188 1584 in
203 1540 309 1600 agrum
322 1526 498 1586 Uticensem
512 1529 725 1587 escensionem
740 1526 826 1597 lecim
849 1541 981 1602 eumque
995 1527 1055 1587 late

73 1610 296 1687 depopulatus,
318 1609 420 1671 multis
440 1609 620 1673 mortalibus
642 1627 711 1671 cum
730 1611 791 1670 elia
812 1611 912 1671 omnis
932 1611 1054 1686 generis

77 1693 192 1770 pracda
206 1693 305 1769 captis
320 1695 360 1754 ad
375 1710 471 1754 naves
486 1696 567 1756 redit
579 1703 610 1756 et
624 1696 653 1755 in
666 1695 801 1756 Siciliam
816 1695 951 1770 tramisit,
968 1695 1054 1757 tertio

75 1779 195 1838 decimo
210 1778 261 1838 die
276 1794 366 1853 quam
383 1779 540 1854 protectus
555 1780 628 1840 inde
641 1780 821 1858 Lilybaeum
835 1786 987 1840 revectus.
1015 1795 1056 1840 ex

74 1862 206 1938 captivis
232 1861 544 1937 quaestionehnbita
567 1864 646 1924 baec
671 1871 843 1940 comperta,
873 1863 1054 1940 consulique

71 1947 209 2008 Laevino
225 1947 328 2008 omnia
342 1947 450 2009 ordine
464 1949 652 2024 perscripta,
675 1955 708 2008 ut
722 1949 828 2022 sciret,
851 1963 912 2023 quo
928 1948 958 2006 in
974 1955 1055 2008 statu

70 2031 200 2092 Alricae
213 2047 265 2092 res
280 2038 400 2092 essent:
424 2032 559 2107 quinque
572 2031 865 2094 miliaNumidarum
880 2046 948 2092 cum
962 2031 1053 2091 Masi·

70 2114 345 2189 nissaiialaetlllo,
361 2115 508 2176 acerrimo
520 2117 640 2191 iuvene,
656 2115 828 2191 Carthagini
840 2130 920 2189 esse,
935 2122 966 2174 et
976 2115 1053 2176 alios

73 2215 130 2276 per
145 2200 381 2260 totamAlricam
395 2198 505 2261 milites
521 2201 664 2261 mercede
678 2199 819 2272 conduci,
840 2199 890 2273 qul
906 2199 1054 2275 inHispa-

72 2284 157 2344 niam
177 2284 218 2343 ad
232 2283 458 2345 Hasdrubalem
472 2285 685 2359 traicerentur,
705 2293 739 2346 ut
759 2285 787 2344 is
809 2299 899 2358 quam
921 2283 1053 2345 maximo

71 2368 211 2429 exercitu
230 2367 329 2444 primo
352 2384 477 2444 quoque
495 2377 634 2445 tempore
654 2370 685 2428 in
705 2368 821 2429 Italiam
842 2374 1053 2442 transgressus

70 2453 213 2526 iungeret
233 2467 268 2513 se
282 2453 460 2514 Hannibali:
482 2453 512 2514 in
534 2469 572 2515 eo
594 2453 724 2530 positam
746 2451 905 2512 victoriam
927 2453 1054 2512 credere

73 2536 352 2612 Carthaginienses.
374 2538 507 2598 classem
518 2546 679 2614 praetcrea
692 2539 844 2613 ingentem
859 2536 1002 2612 apparari
1014 2537 1053 2597 ad

73 2620 209 2681 Siciliam
220 2622 428 2697 repetendam,
440 2637 571 2700 eamque
582 2621 1053 2682 secrederebrevitraiecturam.

74 2705 153 2764 haec
171 2705 298 2765 recitata
313 2721 332 2766 a
346 2707 473 2767 consule
494 2707 534 2767 ita
548 2721 673 2768 movere
694 2714 849 2782 senatum,
871 2713 904 2768 ut
923 2721 985 2768 non
1001 2722 1062 2768 ex-.

74 2790 246 2865 spectanda
257 2790 378 2851 comitia
389 2790 508 2851 consuli
521 2798 690 2865 censerent,
702 2790 759 2850 sed
770 2791 948 2852 dictatorem
961 2792 1053 2853 comi·

74 2872 186 2934 tiorum
194 2873 405 2936 habendorum
417 2890 511 2935 causa
522 2876 591 2948 dici,
609 2882 640 2935 et
654 2875 806 2951 extemplo
819 2877 849 2936 ln
866 2876 1054 2952 provinciam

14 3033 16 3038 Α
74 2957 274 3018 redeundum.
304 2959 356 3019 illa
371 2957 552 3035 disceptatio
567 2960 698 3032 tenebat,
715 2959 798 3035 quod
813 2961 921 3021 consul
935 2961 965 3019 in
979 2960 1053 3019 Sici·

75 3041 118 3101 lia
131 3057 167 3100 sc
180 3041 221 3100 Μ.
236 3042 392 3102 Valerium
405 3043 595 3118 Messallam,
620 3043 671 3119 qui
686 3052 748 3104 tum
769 3044 863 3106 classi
885 3051 1053 3119 praeesset,

78 3125 257 3186 dictatorem
272 3125 422 3187 dictorum
438 3143 509 3188 esse
524 3128 639 3201 aiebat,
661 3135 765 3204 patres
783 3136 870 3189 extre
884 3127 1053 3190 Romanum

77 3225 184 3284 agrum
199 3239 244 3253 -
263 3226 333 3272 eum
354 3216 455 3272 autem
469 3213 499 3272 in
515 3213 601 3272 ltalia
615 3212 768 3272 terminari
780 3243 824 3258 --
844 3210 996 3285 negabant
1009 3209 1054 3268 di-

78 3300 225 3354 ctatorem
245 3294 306 3355 dici
329 3310 433 3371 posse.
464 3296 504 3356 Μ.
526 3297 686 3356 Lucretius
707 3294 845 3356 tribunus
866 3293 965 3370 plebis
986 3309 1054 3353 cum

79 3377 118 3438 de
133 3393 170 3438 ea
182 3393 218 3439 rc
233 3380 415 3454 consuleret,
430 3378 471 3440 lta
483 3380 619 3441 decrevit
629 3385 764 3454 senatus,
778 3386 813 3440 ut
823 3378 939 3451 consul,
954 3377 1054 3453 prins·

79 3477 169 3538 quem
185 3463 223 3524 ab
237 3462 314 3525 urbe
328 3462 509 3540 discederet,
532 3465 680 3541 populum
693 3469 830 3538 rogaret,
854 3477 944 3536 quem
960 3459 1056 3520 dicta-
