2434 3902
181 245 243 311 182
342 247 459 312 amhn
473 247 592 308 XXVII.
616 245 699 309 enit
715 253 759 310 tt.
783 251 820 321 [a.
835 251 872 306 U.
887 269 912 305 c.
927 251 990 319 ota]

180 397 372 460 Hasdrubale
383 397 551 459 secedendi
565 397 596 457 in
610 397 802 458 imminentes
815 398 923 459 castris
939 397 1007 459 cius
1022 397 1163 474 tumulos,

179 482 260 543 unde
268 481 519 558 percontinentia
530 481 841 558 iugatutusreceptus
853 482 893 542 ad
902 483 1063 544 Romanos
1076 489 1164 542 esset

177 566 360 640 Hasdruhai,
382 581 450 626 cum
464 565 598 628 hostium
611 582 662 627 res
676 567 767 628 tands
782 582 951 642 augescere
965 567 1163 626 incrementis

177 659 331 724 comeret,
351 667 425 711 suas
440 649 590 725 imminui,
614 665 651 710 ac
666 650 731 711 iore
746 656 788 726 ut,
811 651 871 715 nisi
886 649 1032 712 audendo
1049 649 1164 725 aliquid

177 741 323 809 moveret,
347 749 409 811 qua
421 735 599 811 coepissent
609 733 748 809 fluerent,
764 734 909 795 dimicare
924 734 1164 810 quamprimum

178 819 289 880 statuit.
318 817 423 895 Scipio
442 819 563 879 avidior
575 818 666 879 etiam
679 819 854 880 certaminis
869 826 942 890 erat,
959 834 1031 880 cum
1048 833 1089 879 ea
1103 834 1163 894 spe,

178 919 268 980 quam
280 917 448 965 successus
459 919 561 964 rerum
573 903 711 979 augebat,
723 909 787 964 tum
800 903 893 979 quod,
905 903 1093 978 priusquam
1104 903 1164 963 iun·

176 993 319 1064 gerentur
330 987 463 1048 hostium
475 986 637 1062 exercitus,
650 1001 718 1047 cum
728 1003 791 1048 uno
800 986 945 1048 dimicare
953 987 1035 1046 duce
1048 988 1163 1047 exerci-

90 1115 92 1120 ,
176 1079 271 1150 tuque
282 1087 374 1149 quam
384 1071 476 1132 simul
486 1087 555 1132 cum
565 1070 718 1132 universis
730 1070 871 1135 malebat.
887 1079 1032 1144 ceterum,
1047 1071 1163 1132 etiamsi

176 1171 244 1217 cum
259 1155 399 1232 pluribus
412 1154 528 1233 pariter
543 1155 749 1216 dimicandum
763 1156 857 1230 ieret,
879 1161 944 1215 arte
959 1155 1100 1230 quadam
1116 1171 1163 1214 co·

177 1241 244 1317 pias
259 1245 396 1301 auxerat.
418 1255 488 1302 nam
500 1255 569 1300 cum
580 1239 699 1301 videret
709 1241 825 1303 nullum
840 1254 912 1300 esse
923 1239 1052 1299 navium
1066 1255 1162 1314 usum

176 1327 248 1402 quia
263 1341 361 1385 vacua
377 1325 476 1386 omnis
491 1324 659 1400 hispaniae
674 1339 729 1385 ora
743 1332 809 1385 erat
823 1323 986 1399 classibus,
1002 1323 1161 1384 subductis

176 1410 304 1470 navibus
318 1408 491 1472 Tarracone
510 1411 638 1469 navales
653 1409 758 1470 socios
779 1407 975 1469 terrestribus
990 1407 1093 1483 copiis
1112 1408 1160 1467 ad·

175 1493 260 1554 didit.
281 1499 311 1554 et
324 1508 479 1554 armornm
493 1492 618 1554 adfatim
633 1501 706 1570 erat,
729 1500 760 1554 et
771 1499 927 1570 caparrum
940 1493 1161 1567 Carthupincet

175 1593 255 1654 quae
277 1583 348 1653 post
361 1584 482 1654 captum
496 1593 564 1638 eam
581 1578 695 1638 iecerat
709 1584 792 1638 tanto
808 1576 955 1653 opificum
966 1587 1095 1638 numero
1113 1580 1159 1637 ic-

173 1665 264 1725 ciuso.
297 1661 418 1722 cuniis
433 1662 532 1738 copiis
549 1660 654 1738 Scipio
669 1661 751 1722 veris
767 1661 919 1738 principio
932 1659 973 1721 ab
985 1660 1158 1722 Tarracone

174 1760 321 1821 egressus
335 1765 378 1791 ὺ-
391 1746 452 1808 iam
474 1745 554 1807 enim
569 1754 599 1808 et
612 1745 735 1808 Laetius
749 1746 883 1806 redierat
902 1746 941 1805 ab
956 1745 1072 1818 Rauca,
1096 1745 1158 1804 sinc

175 1845 235 1906 quo
252 1830 326 1891 nihil
337 1830 461 1892 maioris
475 1831 520 1892 rei
532 1837 646 1892 motum
662 1830 786 1892 volebat
797 1861 842 1876 -
855 1829 968 1890 ducere
984 1828 1025 1888 ad
1039 1828 1158 1890 hostem

174 1915 280 1992 pergit.
313 1916 486 1992 peremnia
501 1923 611 1992 pacata
626 1911 723 1989 eunti,
744 1921 779 1976 ut
793 1915 943 1989 cuiusque
957 1913 1067 1989 popuii
1082 1913 1157 1974 fines

173 1998 329 2075 transiret,
353 1999 611 2076 prosequentibus
631 1997 920 2076 excipientibusque
935 1997 1048 2072 sociis,
1071 1997 1157 2056 Inde

172 2082 242 2146 bitis
262 2091 292 2146 ct
299 2085 484 2146 Mandonius
499 2087 706 2146 occurrerunt.
736 2084 882 2144 Indebilis
895 2097 951 2158 pro
965 2086 1102 2156 utroque
1116 2081 1158 2141 io-

175 2177 270 2243 tutas,
282 2169 520 2245 haudquaquam
533 2176 689 2244 tamquam
700 2167 851 2228 barbarus
862 2165 975 2228 stolide
985 2165 1158 2239 incauteve,

63 2289 66 2294 ·
172 2253 229 2314 sed
250 2253 352 2329 potius
368 2269 437 2314 cum
451 2252 639 2314 verecundia
656 2268 693 2314 ac
707 2251 869 2328 gravitate,
892 2249 1087 2326 propiorque
1108 2266 1158 2310 ex-

172 2337 290 2399 cusanti
300 2338 550 2400 transitionemut
559 2337 768 2398 necessariam
779 2351 870 2410 quam
881 2334 1024 2410 glorianti
1032 2335 1159 2394 cavetut

171 2423 210 2483 ad
232 2422 359 2496 primam
383 2421 579 2482 occasionem
598 2427 699 2498 rapta:
722 2420 803 2481 scire
825 2419 957 2480 enimse
978 2418 1158 2494 transfugae

170 2503 1157 2580 nomenexsecrabileveteribussociis,novissuspectumesse;

171 2605 273 2665 noque
287 2605 357 2650 eum
372 2605 407 2651 se
419 2589 647 2666 reprehendere
664 2603 781 2649 morem
795 2587 962 2662 hominum,
983 2587 1010 2648 si
1026 2594 1091 2647 tam
1106 2603 1157 2647 an-

171 2687 246 2748 ccps
261 2673 365 2733 odium
380 2689 484 2748 causa,
506 2689 568 2734 non
583 2689 695 2735 nomen
711 2673 812 2734 iaciat.
843 2671 951 2732 merita
965 2671 1039 2733 inde
1055 2688 1113 2732 sua
1126 2672 1156 2732 in

171 2757 266 2817 duces
289 2757 555 2833 carthaginienses
576 2756 840 2831 commemoravit,
868 2756 1029 2817 avaritiam
1051 2762 1157 2818 contra

170 2856 277 2902 eorum
288 2841 526 2918 superbiamque
541 2848 571 2902 ct
585 2841 684 2903 omnis
696 2841 818 2917 generis
833 2839 959 2902 iniurias
971 2841 1002 2902 iu
1014 2855 1051 2902 sc
1064 2846 1156 2916 atque

169 2927 347 3001 populares.
380 2926 484 3003 itaque
505 2941 619 3004 corpus
641 2926 800 2987 dumtaxat
820 2941 909 2986 suum
930 2925 971 2986 ad
987 2924 1019 2986 id
1035 2931 1155 3001 tempus

169 3010 254 3086 apud
267 3025 323 3072 eos
339 3011 451 3082 tuisse;
475 3010 609 3071 animum
623 3010 683 3070 iarn
698 3010 818 3085 pridem
831 3008 873 3069 ibi
888 3024 969 3082 esse,
985 3008 1039 3070 ubi
1054 3009 1104 3070 ius
1119 3023 1154 3069 ac

169 3093 218 3155 ias
234 3095 395 3156 crederent
409 3095 479 3158 coli.
513 3094 553 3155 ad
568 3094 646 3155 deos
661 3110 787 3171 quoque
802 3095 969 3170 coningere
985 3093 1152 3170 supptices,

170 3177 221 3253 qui
236 3185 390 3255 nequeant
403 3178 559 3240 hominum
574 3177 636 3238 vim
652 3184 744 3254 atque
758 3177 884 3240 iniurias
900 3179 979 3256 pati=
995 3195 1032 3240 se
1046 3177 1078 3240 id
1090 3176 1152 3239 Sci-

169 3260 292 3336 pionem
314 3277 417 3337 orare,
440 3267 473 3323 ut
491 3261 628 3323 transitio
643 3262 703 3322 sibi
716 3279 775 3324 nec
790 3262 891 3324 iraudi
911 3264 997 3339 apud
1011 3279 1082 3324 eum
1096 3275 1151 3322 nec

169 3341 278 3405 honori
293 3347 341 3405 sit.
375 3346 482 3420 quales
498 3361 537 3405 ex
551 3345 610 3406 hac
625 3346 676 3406 die
697 3346 890 3422 experiundo
906 3347 1063 3422 cognorit,
1086 3361 1151 3422 per-

168 3425 240 3487 inde
255 3443 371 3505 operae
383 3443 490 3489 eoram
501 3428 630 3504 pretium
642 3429 766 3491 iaceret.
788 3431 831 3491 ita
842 3447 972 3506 prorsus
984 3429 1151 3508 respondet

169 3507 315 3571 iacturum
322 3512 489 3587 Romanas,
504 3526 561 3572 nec
576 3526 632 3587 pru
644 3512 809 3588 transfugis
824 3514 1007 3591 habiturum,
1026 3512 1152 3592 quinon
