2428 3892
200 234 315 297 LIBER
328 235 435 298 XXVI.
460 235 542 298 cAP.
556 245 600 300 st.
614 245 658 301 aa.
681 239 716 318 [ι
732 245 764 298 c.
780 244 844 312 tro]
949 238 1010 307 lbi

42 393 137 467 portus
152 393 335 465 aperturum,
353 388 404 464 qui
419 397 552 452 annotos
568 391 677 453 milites
691 408 778 454 meos
793 392 823 454 in
838 393 946 455 urbem
960 411 1011 458 ac·

43 478 189 550 ceptorum
210 472 408 548 promiseritt
429 473 538 535 odistis
561 482 590 535 et
610 477 811 537 exsecramini
830 479 951 556 eosqui
968 481 1012 542 ic·

42 562 143 632 cerunt,
159 563 188 616 et
200 572 241 616 ne
254 555 306 616 bic
321 557 445 632 quidem
460 561 651 621 contumeliis
666 559 696 620 in
711 575 767 622 eos
786 562 925 623 dicendis
940 580 1010 640 par·

43 635 113 700 citis=
127 646 241 700 tantum
253 640 343 701 abest
354 649 387 702 ut
401 648 431 701 et
445 641 504 718 ipsi
516 644 576 704 tnle
589 644 753 720 quicquam
766 646 871 706 inauri
884 648 1011 710 fueritis.

42 725 101 800 ipsa
110 723 260 784 humilitas
273 739 387 799 eorum,
399 733 503 801 patres
513 728 689 804 conscripti,
702 745 793 804 quam
805 730 854 790 isti
867 731 1011 808 obiciunt,

44 807 160 868 maximo
175 816 354 884 argumento
372 817 419 870 est
430 825 478 870 me
489 811 649 887 neminem,
665 813 717 887 qui
729 820 870 874 navatam
885 830 1011 891 operam

43 891 229 967 reipublicae
244 900 370 954 nostrae
383 895 483 967 veliet,
502 901 674 956 aversatum
689 912 770 957 esse.
803 905 834 958 et
848 905 1011 974 antequam

44 975 200 1036 obsiderem
208 975 393 1054 Syracusas,
409 995 491 1040 nunc
504 980 613 1055 legatis
627 979 781 1042 mittendis
796 997 876 1044 nunc
892 983 931 1042 ad
947 984 1010 1044 col-

44 1059 161 1133 loquium
189 1063 293 1122 eundo
315 1063 460 1138 temptavi
483 1078 607 1140 pacem3
637 1070 666 1124 et
686 1071 888 1142 posteaquam
909 1083 1012 1143 neque

45 1142 148 1218 legatos
158 1144 298 1206 violandi
311 1147 500 1208 verecundia
514 1154 588 1220 erat
604 1164 662 1209 nce
677 1149 749 1208 mihi
765 1149 824 1226 ipsi
840 1165 1010 1226 congresso

47 1227 183 1308 adportas
196 1244 268 1290 cum
277 1229 467 1307 principibus
478 1247 663 1308 responsum
671 1232 808 1306 dabatur,
821 1235 921 1293 multis
930 1242 1010 1294 terra

50 1309 165 1386 narique
179 1313 342 1374 exhaustis
357 1314 514 1376 laboribus
525 1315 648 1378 undem
664 1317 694 1375 vi
709 1323 802 1393 atque
817 1318 908 1377 annis
918 1317 1010 1396 Syra·

51 1408 121 1454 cusas
134 1397 211 1473 cepi.
253 1415 334 1475 quae
350 1399 447 1474 captis
469 1399 644 1475 acciderint,
666 1400 749 1476 apud
763 1401 961 1462 Hannibalem
981 1409 1010 1462 et

51 1475 295 1556 camagmimses
310 1483 407 1548 victos
423 1499 529 1546 secum
548 1483 658 1544 iustius
675 1501 766 1561 quam
786 1486 869 1562 apud
885 1485 1010 1546 victoris

48 1564 134 1636 popuii
148 1574 289 1627 senatum
306 1575 514 1643 quererentur.
547 1583 614 1644 ego,
635 1575 738 1645 patres
753 1569 930 1645 conscripti,
951 1568 1009 1647 Sy·

49 1659 155 1709 ncusas
176 1652 328 1726 spoliatas
349 1652 375 1712 si
394 1657 561 1728 negaturus
576 1668 694 1729 essem,
716 1669 879 1728 numquam
902 1654 1009 1730 spoliis

49 1743 133 1790 aarum
151 1735 258 1794 urbem
279 1735 408 1796 Romam
428 1751 619 1798 exornarem.
659 1753 739 1814 quae
759 1744 859 1798 nartem
880 1738 1009 1814 singuiis

50 1812 129 1875 victor
140 1824 189 1879 aut
203 1819 307 1879 ademi
321 1827 373 1881 aut
387 1821 468 1896 dedi,
483 1837 551 1881 cum
565 1820 637 1880 belii
652 1821 717 1882 iure
730 1827 793 1882 tum
806 1838 845 1882 ex
862 1822 1011 1898 cuiusque

50 1898 136 1961 merito
152 1903 224 1966 satis
241 1903 308 1966 scio
323 1920 373 1963 me
388 1905 510 1966 iecisse.
539 1920 576 1964 ea
590 1921 649 1966 vos
664 1912 729 1965 rata
743 1903 891 1980 habeatis,
907 1912 1010 1981 patres

50 1984 203 2060 conscripti,
224 2003 334 2064 necne,
356 1989 456 2064 magis
471 1989 515 2048 rei
530 1987 671 2064 publicae
686 1988 811 2048 interest
826 2005 916 2065 quam
933 2005 1010 2048 mea

50 2064 145 2142 quippe
157 2085 225 2131 mea
242 2073 323 2132 fides
338 2074 479 2134 exsoluto
493 2079 555 2132 est:
571 2073 610 2132 ad
625 2087 688 2132 rem
704 2071 857 2149 publicam
871 2072 1009 2148 pertinet,

49 2161 79 2206 ne
91 2158 151 2212 acta
163 2169 233 2216 mea
247 2156 452 2217 rescindendo
469 2158 547 2217 alios
562 2156 591 2216 in
608 2163 765 2232 posterum
781 2157 940 2232 segniores
955 2156 1009 2217 du-

50 2233 219 2300 nestaoiatis.
244 2246 274 2299 et
286 2240 430 2315 quoniam
445 2257 548 2302 coram
564 2249 594 2301 et
605 2239 776 2301 Siculorum
793 2245 822 2300 et
836 2255 904 2300 mea
916 2239 1010 2300 verba

50 2315 173 2397 audistis,
193 2330 299 2399 patres
314 2325 496 2400 conscripti,
520 2324 607 2386 simui
624 2325 737 2400 templo
754 2325 955 2398 excedemus,
977 2330 1011 2384 ut

49 2411 87 2457 mc
112 2403 234 2468 absente
260 2407 385 2470 liberius
406 2409 531 2470 consuli
557 2416 684 2470 senatus
710 2409 845 2485 possit“.
892 2407 934 2467 ita
965 2407 1010 2466 di-

51 2481 119 2544 nissi
132 2486 237 2568 Siculi,
261 2499 292 2553 et
304 2492 374 2568 ipse
388 2493 416 2552 in
434 2493 614 2570 Capitolium
638 2494 678 2554 ad
694 2493 835 2559 dilectum
856 2491 1009 2552 discessit.

51 2560 147 2630 XiCili.
161 2577 270 2637 consui
286 2578 361 2638 alter
373 2578 412 2637 de
423 2578 585 2654 postulatis
593 2576 765 2639 Siculorum
780 2577 819 2637 ad
831 2583 936 2654 patres
950 2583 1009 2636 ret-

52 2647 110 2710 tulit.
139 2654 178 2718 ibi
193 2675 263 2722 cum
279 2659 332 2722 diu
347 2661 386 2721 de
401 2662 559 2722 sententiis
577 2668 724 2722 certatum
739 2669 833 2736 esset,
857 2667 887 2721 et
901 2677 1011 2736 magna

52 2744 109 2802 iars
122 2751 250 2816 senatus,
266 2745 405 2821 principe
420 2745 486 2806 eius
498 2745 666 2806 sententiae
676 2747 707 2806 T.
720 2745 833 2807 Manlio
845 2747 1008 2821 Torquato,

53 2827 106 2877 tunt
118 2826 252 2901 tymnnis
262 2829 376 2889 beilum
391 2831 560 2906 gerendum
572 2829 670 2890 inisse
685 2836 853 2903 censerent,
870 2827 1010 2890 hostibus

53 2904 74 2957 et
84 2899 337 2982 Syracusanorum
352 2922 382 2974 ct
395 2916 503 2990 populi
513 2913 659 2985 Romani;
675 2921 705 2974 et
718 2914 824 2974 urbem
839 2913 934 2988 recipi
948 2927 1011 2972 nou

54 2986 121 3059 iiiia
147 3001 176 3056 et
194 3004 350 3074 receptam
373 2998 492 3074 legibus
513 2998 647 3074 antiquis
667 3006 698 3059 et
718 2997 854 3060 libertate
875 2995 1010 3070 stabiliri,

56 3078 101 3128 nnn
114 3073 221 3143 fessam
236 3083 411 3142 miseranda
426 3082 573 3144 servitute
583 3082 665 3142 bello
681 3081 795 3158 adfligi.
816 3082 894 3141 inter
907 3087 1005 3158 tyrun-

55 3161 141 3219 ssorum
159 3172 187 3224 nt
207 3166 295 3227 ducis
311 3166 441 3228 Romani
464 3168 629 3227 certamina
649 3165 817 3243 praemium
836 3163 962 3224 victoris
978 3161 1008 3219 in

57 3237 136 3324 medio
146 3250 273 3322 positam
289 3250 396 3310 urbem
409 3251 641 3326 pulcherrimam
656 3266 692 3311 ac
707 3248 926 3310 nobilissimam
939 3259 1009 3338 per·

57 3327 116 3416 ¹⁵⁸.⁶³
135 3326 273 3394 horreum
295 3340 388 3410 atque
408 3336 559 3396 aerarium
581 3336 735 3411 quondam
749 3331 855 3408 populi
871 3331 1008 3399 Romani,

59 3411 124 3496 utras
135 3417 337 3479 munificentia
351 3433 388 3478 ac
404 3419 494 3479 donis
510 3419 611 3480 multis
626 3415 866 3493 tempestatibus,
881 3411 941 3472 hoc
957 3409 1009 3470 dc·

59 3494 130 3561 misse
142 3497 205 3574 ipso
219 3501 334 3564 Punico
349 3501 431 3563 bello
449 3502 552 3563 adiuta
574 3507 741 3574 ornataque
756 3514 805 3559 res
821 3496 943 3586 publica
960 3507 1009 3552 es·
