2428 3892
212 210 327 273 LIBER
340 210 447 272 xxvi.
470 209 553 272 cap.
566 221 608 273 ro.
623 221 665 275 ll.
694 212 850 294 [scari]
961 213 1022 282 tls

51 371 180 440 equestre
187 362 339 439 proelium
351 364 522 426 seeundum
533 363 597 441 init,
610 367 928 446 summotiquehostes
940 376 1022 432 suut.

52 447 160 524 etquis
179 446 283 508 multis
298 447 376 508 loeis
396 448 617 524 comprimendi
635 451 781 512 tumultus
803 460 890 514 erant
902 454 956 530 qui
977 461 1022 516 te·

52 546 121 592 mere
139 530 330 604 oriebantur,
353 531 467 606 placuit
481 547 603 603 omnes,
627 533 679 608 qui
695 533 860 597 dictatores
875 540 1021 600 consules

48 630 224 676 censoresve
238 615 380 688 tuissent,
396 629 466 675 cum
479 615 607 691 imperio
623 631 703 693 esso,
719 618 820 680 donec
833 621 1018 682 recessisset

48 717 64 760 a
79 699 166 760 muris
186 697 298 759 bostis.
331 705 361 758 et
375 697 436 760 diei
451 699 535 774 quod
555 697 705 775 reliquum
719 702 775 764 tuit
790 709 820 764 et
833 711 924 767 nocte
936 704 1018 766 inse·

48 783 140 859 quenti
153 781 237 843 multi
251 788 368 842 temere
387 781 509 843 excitati
522 783 668 844 tumultus
683 791 754 845 sunt
774 787 1018 870 compressique.

118 865 167 928 xl.
193 865 324 927 Postero
347 865 397 926 die
417 872 631 942 transgressus
651 867 802 929 Anienem
815 869 966 933 Hannibal
987 872 1018 932 in

48 951 132 1011 aciem
142 965 250 1010 omnes
263 949 375 1025 copias
390 950 510 1020 eduxit;
525 965 584 1010 nec
593 949 721 1012 Flaccus
734 955 940 1030 consulesque
952 971 1018 1016 oer-

46 1033 368 1094 tamendetractavere.
388 1033 542 1094 instructis
553 1033 703 1110 utrimque
715 1036 897 1098 exercitibus
908 1037 939 1098 in
950 1039 1018 1100 eius

48 1133 154 1194 pugnae
169 1133 288 1192 casum,
304 1117 336 1178 in
351 1133 412 1193 qua
425 1117 500 1178 urbs
507 1120 606 1178 Roma
620 1118 728 1180 victori
742 1121 909 1196 praemium
925 1128 1017 1198 essct,

49 1203 130 1263 inber
148 1201 260 1278 ingens
275 1201 426 1277 grandine
438 1201 551 1264 mixtus
570 1201 611 1262 ita
624 1209 787 1279 utramque
804 1205 901 1278 aciem
915 1205 1017 1266 turba-

51 1287 92 1360 vit
109 1293 140 1347 ut
152 1287 204 1346 vix
219 1286 317 1346 annis
330 1285 456 1347 retentis
471 1286 502 1346 in
517 1291 619 1346 castra
634 1301 706 1348 sese
718 1288 891 1363 receperint
904 1288 1017 1350 nullius

52 1370 87 1428 rel
101 1370 211 1430 minore
225 1365 328 1445 'quam
348 1368 482 1431 hostiurn
502 1375 594 1430 metu.
634 1375 664 1430 et
684 1377 809 1445 postero
831 1372 882 1431 die
907 1372 1017 1433 eodem

52 1453 106 1513 loeo
119 1454 200 1514 acies
216 1453 384 1514 instructas
399 1453 508 1514 eadem
521 1457 689 1529 tempestas
706 1453 835 1516 diremit.
868 1453 921 1516 uhi
933 1470 1017 1516 rece-

51 1535 151 1610 pissent
161 1552 196 1597 se
206 1537 239 1597 in
252 1543 364 1612 eastra,
380 1537 456 1596 mira
468 1536 619 1598 serenitas
631 1551 700 1598 cum
712 1539 927 1614 tranquillitate
938 1539 1017 1601 orie·

50 1618 131 1680 batur.
156 1620 186 1680 in
200 1621 383 1696 religionem
398 1634 436 1679 ea
448 1636 499 1680 res
515 1620 599 1695 apud
611 1621 732 1682 Poenos
749 1637 840 1684 versa
855 1630 910 1697 est,
930 1624 1016 1684 audl-

50 1708 127 1778 taque
139 1721 201 1764 vox
214 1703 398 1764 llannibalis
415 1704 523 1780 iertur,
545 1704 713 1779 potiundae
727 1705 786 1766 sibi
801 1705 885 1766 urbis
899 1707 1017 1786 Romae

50 1787 126 1847 modo
140 1795 272 1848 mentem
287 1803 349 1848 non
365 1787 448 1862 dari,
470 1788 564 1848 modo
578 1779 740 1850 iomanem.
776 1789 912 1851 minuere
926 1791 1016 1852 etiarn

51 1885 124 1945 spem
143 1871 208 1933 eius
230 1871 382 1947 statice,
403 1887 501 1947 parva
519 1887 706 1948 magnaque,
732 1888 799 1934 rese
827 1889 938 1949 magna
956 1874 1015 1950 illa,

51 1954 128 2029 quod,
148 1969 216 2016 cum
232 1958 303 2033 ipse
317 1954 357 2016 ad
373 1954 495 2016 moenia
508 1954 593 2016 urbis
604 1956 721 2016 Romae
735 1963 869 2018 armatus
884 1958 1015 2031 sederet,

52 2037 147 2100 milites
161 2041 219 2100 sub
236 2040 358 2100 vexiliis
374 2039 404 2099 in
420 2040 663 2115 supplementum
677 2039 845 2117 Hispaniae
859 2041 1016 2116 proiectos

50 2121 143 2194 auditu
166 2140 264 2198 parva
278 2131 394 2199 autem,
418 2125 502 2200 quod
517 2139 572 2185 eos
588 2123 654 2184 dies
670 2139 739 2184 eum
755 2125 833 2185 torte
847 2140 961 2199 agnum,
984 2124 1013 2184 in

51 2208 179 2282 quo-ipse
191 2215 295 2268 castra
305 2207 440 2282 haberet,
457 2208 581 2267 venisse
592 2206 666 2266 nibil
682 2207 721 2268 ob
737 2208 769 2266 id
780 2208 934 2268 deminuto
946 2221 1016 2282 pre

52 2287 84 2347 tio
97 2291 246 2366 cognitum
261 2307 301 2352 ex
314 2291 449 2366 quodam
461 2290 582 2365 captivo
598 2297 654 2351 est.
677 2291 710 2351 id
723 2306 798 2351 vero
814 2291 893 2350 adeo
908 2305 1015 2366 super·

52 2366 110 2432 bum
127 2380 218 2450 utque
238 2375 397 2451 indignum
418 2373 516 2434 visum
525 2403 537 2448 ,·
554 2374 621 2434 eius
641 2374 716 2447 soli,
740 2375 824 2448 quod
845 2375 914 2450 ipse
933 2374 1015 2434 bello

53 2463 156 2530 captum
174 2459 352 2534 possideret
364 2458 568 2532 haberetque,
590 2457 746 2518 inventum
760 2459 877 2518 Romae
899 2466 1015 2533 empto·

52 2553 116 2614 rem,
137 2548 169 2603 nt
183 2544 338 2618 externplo
356 2548 466 2602 vocato
481 2555 637 2617 praecone
650 2540 795 2602 tabernas
817 2541 1015 2618 argentarias,

53 2638 117 2696 quae
136 2626 215 2686 circa
230 2628 329 2686 iorum
343 2627 513 2686 Romanum
534 2631 654 2700 essent,
676 2625 800 2686 iusserit
819 2625 935 2687 venire.
967 2625 1015 2686 iris

52 2713 135 2768 motus
158 2712 198 2770 ad
211 2710 328 2771 Tutiam
350 2707 479 2770 fluvium
500 2714 601 2768 castra
619 2707 746 2783 rettulit,
769 2725 826 2770 sex
840 2710 924 2772 milia
944 2725 1016 2786 pas·

52 2803 126 2850 suum
138 2793 175 2854 ab
190 2795 275 2854 urbe.
309 2794 380 2854 inde
402 2793 443 2852 ad
457 2793 558 2852 lucum
572 2791 722 2871 Feroniae
738 2793 838 2868 pergit
857 2793 917 2868 ire,
940 2801 1015 2856 tem·

53 2874 121 2945 plum
135 2893 172 2938 ea
191 2884 374 2954 tempestate
394 2877 539 2937 inclutum
554 2875 678 2936 divitiis.
712 2875 882 2952 Capenates
903 2876 1017 2953 aliique

53 2959 160 3020 acceiae
173 2963 239 3023 eius
256 2968 350 3022 erant.
374 2959 522 3037 primitias
537 2959 657 3034 trogum
672 2976 709 3020 eo
726 2961 870 3036 donaque
884 2962 944 3021 alia
958 2976 1015 3037 pro

55 3043 129 3116 topia
142 3052 298 3120 portantes
312 3045 407 3106 multo
423 3059 498 3104 auro
514 3048 702 3118 argentoque
717 3043 747 3104 id
768 3050 948 3106 exornatum
961 3045 1016 3104 ha·

55 3121 158 3189 habant.
181 3130 218 3190 iis
234 3128 375 3190 omnibus
390 3128 481 3188 donis
496 3134 559 3188 tum
573 3127 737 3202 spoliatum
752 3128 906 3203 templum.
920 3127 1015 3198 ,aeris

57 3211 149 3288 acero,
165 3229 232 3274 cum
246 3214 359 3281 rudera
370 3211 480 3272 milites
495 3210 642 3286 religione
657 3211 771 3272 inducti
786 3211 929 3284 iacerent,
944 3215 1016 3283 post

58 3294 257 3363 protectionem
272 3295 451 3358 Hannibalis
472 3294 571 3370 magni
594 3294 719 3355 inventi.
750 3295 841 3354 huius
856 3292 1013 3369 populatio

60 3379 144 3452 templi
161 3380 352 3443 hauddubie
372 3379 450 3440 inter
472 3379 639 3454 scriptores
661 3384 716 3438 cst.
750 3377 871 3438 Coelius
885 3377 1014 3436 Romam

59 3467 160 3523 euntem
173 3465 211 3525 ab
224 3467 315 3526 lireio
333 3463 496 3525 divertisse
509 3477 546 3524 eo
561 3460 761 3521 Hannibalem
776 3459 876 3535 tradit,
897 3457 1015 3534 iterque

92 3559 114 3602 r.
132 3561 189 3608 unvr
210 3566 286 3610 enas
303 3548 353 3608 Ill.
796 3550 815 3602 8
