2448 3900
193 219 257 284 308
347 218 463 280 LIBER
477 217 583 278 xxtt.
604 215 687 276 CAP.
702 223 747 278 ab.
762 221 807 278 at.
830 221 867 287 [a.
880 217 915 272 U.
927 237 953 272 e.
966 217 1033 284 548]

194 376 390 446 traiecerant,
413 381 444 434 et
463 386 563 448 prope
583 369 710 430 totidem
730 373 882 428 rostratae
903 366 935 426 in
955 366 1020 426 illis
1036 364 1192 426 classibus

194 463 322 532 lucrant,
338 462 413 533 quot
427 454 577 518 onerariis
592 453 697 529 Scipio
712 461 775 514 tum
789 449 963 512 traiciebatz
979 465 1056 510 nam
1071 459 1193 525 praeter

195 541 399 621 quadraginta
418 541 528 615 longas
549 553 646 600 naves
669 535 903 614 quadringentis
918 536 1019 596 terme
1041 535 1192 596 cinerariis

194 626 362 690 exercitum
381 624 521 686 travexit.
555 623 613 684 sed
634 629 664 684 et
677 621 792 682 bellum
804 619 886 680 bollo
902 619 1087 682 secundum
1098 617 1193 692 priore

193 722 227 772 ut
241 711 376 772 atrocius
391 708 538 768 Romanis
555 705 725 780 videretur,
747 721 816 766 cum
831 704 918 780 quod
936 703 1082 764 initalia
1106 702 1191 766 bella-

194 797 298 870 batur,
320 801 383 854 tum
404 793 544 868 ingentes
560 797 681 865 strages
696 795 742 850 tot
761 788 949 850 exercituum
971 788 1074 848 simul
1097 789 1190 848 caesis

196 878 327 942 ducibus
351 876 533 946 effecerant3
557 883 587 937 et
608 874 714 950 Scipio
735 875 798 936 dux
819 873 928 948 partim
945 871 1040 934 lactis
1065 872 1190 932 fortibus

195 964 305 1040 partim
321 957 432 1040 s'uapte
447 962 569 1022 lonuna
585 959 718 1034 quadam
732 958 848 1033 ingenti
862 957 903 1018 ad
916 956 1121 1018 incrementa
1135 959 1189 1031 glo-

194 1050 259 1110 riae
279 1045 453 1108 celebratus
474 1050 667 1106 converterat
688 1042 822 1104 animos:
847 1043 938 1102 simul
958 1049 992 1103 et
1012 1057 1111 1100 mens
1131 1041 1190 1114 ipsa

196 1130 356 1195 traiciendi
373 1129 449 1191 nulli
461 1136 531 1190 ante
543 1143 582 1188 eo
592 1126 676 1188 bello
687 1124 759 1188 duci
769 1133 919 1206 temptata,
929 1125 974 1186 cd
985 1127 1189 1188 Hannibalem

195 1215 377 1278 trahendum
402 1229 442 1274 ex
461 1213 549 1274 ltalia
571 1211 880 1287 transferendumque
905 1216 936 1270 ct
959 1210 1142 1270 finiendum
1166 1210 1188 1266 in

196 1300 302 1362 Airita
321 1297 437 1362 bellmn
458 1313 494 1360 se
513 1297 661 1372 transire,
680 1299 804 1372 vulgata
824 1302 897 1356 erat.
927 1302 1138 1357 concurrerat
1157 1293 1189 1352 ad

197 1383 407 1460 spectaculum
417 1383 447 1443 in
458 1388 580 1458 portum
595 1379 694 1443 omnis
706 1379 796 1442 turba
809 1395 871 1440 non
880 1378 1092 1440 habitantium
1103 1377 1189 1438 modo

196 1468 344 1545 Lilybaei,
361 1467 417 1528 sed
432 1467 618 1542 legationum
634 1465 770 1527 omniun
784 1480 822 1525 ex
832 1463 946 1539 Sicilia,
962 1479 1050 1540 quae
1066 1463 1179 1538 adpro

198 1552 391 1628 sequendum
407 1549 583 1628 Scipionem
606 1549 702 1612 cilicii
716 1564 812 1610 causa
828 1553 1042 1611 convenerant
1058 1555 1096 1608 et
1107 1563 1189 1623 prae·

197 1646 296 1696 torem
310 1635 490 1710 provinciae
503 1635 543 1696 Μ.
558 1633 762 1710 Pomponium
777 1641 903 1696 secutae
918 1634 1052 1694 inerant.
1079 1632 1119 1694 ad
1136 1631 1189 1690 boc

198 1719 353 1794 legiones,
377 1734 457 1794 quae
474 1719 504 1778 in
520 1718 626 1781 Sicilie
644 1718 909 1794 relinquebantur,
933 1718 974 1778 ad
996 1732 1187 1792 prosequen-

199 1803 258 1864 dos
279 1802 501 1866 commilitones
524 1810 758 1878 processerant,
789 1819 847 1863 nec
866 1801 977 1864 elassis
1000 1801 1103 1862 modo
1125 1817 1187 1876 pro-

200 1886 411 1964 spectantibus
426 1903 444 1948 e
458 1893 549 1961 tetra,
570 1887 682 1950 sedda
696 1886 774 1948 mari
788 1893 870 1947 terra
884 1886 974 1946 etiam
990 1885 1099 1946 omnis
1114 1886 1189 1944 circa

198 1973 311 2033 relenta
325 1971 415 2034 turba
430 1973 609 2048 spectaculo
624 1979 700 2034 erat
742 1970 864 2032 XXVII.
883 1979 944 2032 tum
957 1970 1189 2046 santamente

199 2073 255 2133 per
269 2072 456 2133 praeconem
471 2057 569 2132 facto,
589 2055 673 2131 „diui
688 2056 862 2132 divaeque“
882 2055 982 2132 inquit
1002 2056 1084 2129 „qui
1100 2054 1190 2114 maria
1215 2079 1216 2108 ;

198 2150 360 2217 terrasque
375 2141 484 2215 colitis,
507 2157 566 2202 vos
580 2157 694 2217 precor
707 2155 888 2217 quaesoque
902 2140 955 2214 uti,
977 2154 1064 2214 quae
1080 2140 1112 2199 in
1126 2155 1188 2198 mec
1215 2125 1216 2190 l

199 2225 329 2302 imperio
340 2234 429 2302 gesta
441 2233 511 2286 sunt
525 2232 681 2301 geruntur,
698 2241 736 2286 ea
749 2224 823 2285 mihi
836 2225 955 2300 populo
971 2223 1129 2300 plebique
1135 2224 1189 2282 Ro·
1215 2221 1216 2284 J

199 2325 310 2372 manae
321 2310 416 2372 sociis
427 2309 728 2386 nominiqueLatinc,
744 2310 797 2385 qui
811 2309 1062 2385 populiRomani
1079 2309 1189 2384 quque

184 2409 300 2470 oseam
322 2402 437 2456 sectam
457 2395 621 2471 imperium
644 2393 880 2470 auspiciumque
900 2399 981 2454 terra
994 2392 1078 2452 mari
1100 2393 1188 2452 amni·
1215 2415 1216 2456 l

198 2475 321 2553 busque
343 2485 527 2554 sequuntur,
557 2479 635 2540 benc
655 2486 853 2552 verruncent,
884 2495 984 2553 caque
1006 2493 1070 2538 vos
1093 2478 1188 2538 omnia

198 2561 279 2621 liene
294 2562 414 2638 iuvetis,
427 2562 520 2625 bonis
535 2562 674 2625 auctibus
689 2564 817 2634 auxitis3
836 2563 942 2624 salvos
954 2562 1188 2637 incolumesque

199 2644 289 2704 victis
314 2646 524 2721 perduellibus
548 2649 698 2722 victores,
731 2648 841 2726 spoliis
863 2649 1045 2722 decoratos,
1077 2647 1185 2724 praeda

201 2734 332 2825 onustos
345 2729 632 2808 triumphantesque
646 2748 766 2794 mecum
780 2733 892 2794 domos
907 2733 1040 2794 reduces
1058 2730 1183 2800 sistatisi

200 2827 393 2874 mimicorum
418 2814 613 2892 hostiumque
644 2816 894 2878 ulciscendorum
919 2818 1042 2892 copiam
1072 2816 1182 2884 inuida

202 2913 344 2974 quaeque
358 2901 492 2975 populus
507 2900 766 2976 Carthaginiensis
781 2903 812 2962 in
827 2902 980 2962 civitatem
993 2907 1134 2961 nostram
1147 2901 1182 2958 la·

201 2997 272 3042 cere
287 2982 409 3043 molitus
424 2991 480 3059 est,
501 3000 539 3044 ea
551 2991 584 3045 ut
598 2984 671 3044 mihi
685 2987 867 3064 populoque
880 2988 1020 3048 Romano
1035 2985 1071 3044 in
1087 2985 1180 3044 civita-

201 3073 261 3126 tem
277 3066 570 3142 Carthaginiensium
591 3072 735 3146 exempla
755 3072 867 3133 edendi
888 3070 1066 3132 facultatem
1080 3069 1180 3130 dctis‘t

202 3149 372 3210 secundum
382 3149 439 3210 has
455 3168 565 3228 preces
582 3155 678 3215 cruda
693 3162 765 3216 exta
777 3156 927 3230 victimae,
941 3156 984 3216 uti
998 3169 1071 3215 mos
1086 3162 1141 3226 est,
1156 3152 1179 3212 in

201 3248 286 3292 mare
300 3235 430 3307 proiecit
443 3235 579 3310 tubaque
595 3237 718 3312 signum
732 3240 816 3300 dedit
836 3239 1066 3314 proficiscendi.
1097 3245 1178 3298 vento

203 3317 340 3375 secundo
364 3318 536 3380 vehementi
557 3319 632 3380 satis
652 3324 791 3396 provecti
819 3324 956 3384 celeriter
976 3338 994 3382 e
1017 3328 1178 3398 conspectu

203 3401 301 3456 terrae
315 3399 407 3460 ablati
422 3411 509 3474 sunt;
532 3411 562 3464 et
576 3420 595 3462 a
609 3406 738 3466 meridie
751 3407 864 3468 nebula
879 3406 999 3482 occepit
1013 3407 1066 3477 ita,
1089 3407 1142 3466 vix
1152 3411 1178 3465 ut

204 3489 374 3542 concursus
389 3487 511 3546 narium
532 3486 609 3546 inter
624 3502 659 3547 se
674 3488 818 3550 vitarent=
840 3492 937 3550 lenior
951 3499 1066 3550 ventus
1081 3491 1110 3550 in
1124 3491 1177 3550 alto
