2466 3900
232 205 352 270 LIBER
364 207 474 270 XXlV.
497 211 581 274 cAP.
597 223 640 278 lr.
658 223 700 278 aa.
722 221 759 291 [ι.
776 221 809 276 c.
825 222 890 292 aas]
1006 217 1048 284 43

49 357 213 421 aomanos
240 356 364 418 deiecit
399 358 670 438 Carthaginienses
694 366 841 443 iliturgim
865 384 1048 446 oppugnare

49 441 171 517 adorti,
195 441 271 516 quia
283 443 477 518 praesidium
497 444 540 506 ibi
554 446 725 512 Romanum
746 458 829 523 erata
850 452 1048 516 videbantur·

48 541 109 602 que
122 525 238 602 inopia
251 526 385 586 maxime
406 542 477 588 eum
490 529 594 590 locum
615 535 829 610 expugnaturi.
860 535 915 602 Cn.
930 535 1046 613 Scipio,

44 613 79 672 ut
93 609 199 670 sociis
213 608 439 687 praesidioque
453 613 547 673 ierrel
561 629 661 691 opem,
683 632 753 678 cum
766 618 888 694 legione
902 621 1048 698 expeditu

44 694 215 770 proiectus
230 693 311 754 inter
320 693 395 755 bina
410 701 513 757 castra
527 712 597 758 cum
611 714 723 775 magna
737 702 834 762 caede
847 703 982 766 hostium
992 699 1047 766 'ur-

45 779 118 838 bem
140 784 196 838 est
216 777 394 853 ingressus,
415 785 447 840 et
460 786 587 856 postem
602 782 653 842 die
674 785 835 860 emptione
849 802 950 864 aeque
965 788 1048 850 ielici

45 860 213 938 pugnavit
248 877 344 937 supra
358 863 526 924 duodecim
541 864 625 926 milia
638 867 795 929 homiuum
816 885 910 932 caesa
924 871 1046 933 duobus

46 945 198 1020 proeliis,
221 945 293 1021 plus
312 946 395 1007 mille
409 947 569 1010 hominum
584 958 707 1026 captam
721 967 790 1013 cum
805 968 863 1016 sex
878 962 908 1015 et
925 955 1047 1031 triginta

46 1027 237 1091 militaribus
258 1030 367 1104 signis.
399 1031 443 1093 ita
463 1031 503 1092 ab
518 1032 635 1109 iliturgi
655 1050 814 1098 recessum
835 1045 891 1098 est.
919 1039 1047 1114 Bigerra

47 1113 121 1174 inde
135 1111 217 1175 urbs
233 1146 276 1158 -
291 1114 379 1174 socia
392 1121 423 1175 et
436 1115 515 1178 haec
530 1116 739 1182 Romauomm
753 1128 819 1181 erat
830 1151 876 1166 -
888 1137 908 1182 a
922 1121 1045 1183 Cartha·

48 1197 247 1272 giniensibus
263 1199 438 1274 oppugnari
458 1207 570 1277 coepta
588 1209 645 1265 cst.
678 1217 747 1263 eam
768 1202 962 1267 obsidionem
978 1206 1046 1266 sina

50 1283 221 1342 certamine
241 1281 415 1344 adveniens
437 1283 491 1344 cn.
506 1283 613 1361 Scipio
631 1287 733 1347 solvit
776 1287 871 1348 XLllr
894 1290 944 1348 Ad
957 1289 1044 1348 Mun·

54 1365 127 1425 dam
149 1365 262 1426 exinde
277 1373 381 1428 castra
393 1366 510 1430 Punica
523 1375 620 1446 mota,
642 1376 673 1430 el
685 1369 816 1431 Romani
830 1385 868 1431 eo
884 1372 1045 1433 confestim

50 1450 150 1510 seculi
172 1457 255 1510 sunt.
296 1450 338 1511 ibi
360 1452 459 1526 signis
484 1453 605 1514 collatis
629 1461 798 1529 pugnatum
822 1470 879 1531 per
903 1461 1045 1531 quattuor

50 1533 147 1594 ierme
173 1535 286 1602 heram
316 1535 505 1613 egregieque
530 1536 724 1599 vincentibus
748 1539 897 1600 Romanis
921 1538 1044 1614 signum

46 1617 190 1694 receptui
205 1624 255 1679 est
269 1617 383 1695 datum,
399 1621 486 1696 quod
493 1621 545 1682 cn.
553 1620 709 1697 Scipionis
725 1623 823 1683 lemur
837 1623 955 1698 tragula
968 1637 1043 1685 con·
1141 1623 1144 1632 ’

47 1702 146 1762 lixum
162 1709 238 1776 erat,
253 1718 417 1779 pavorque
431 1705 515 1765 circa
529 1721 600 1766 eum
615 1712 740 1782 ceperat
752 1706 872 1782 milites,
887 1722 926 1766 na
940 1706 1042 1768 morli·

46 1788 148 1846 iarum
163 1794 250 1846 esset
262 1789 386 1849 vulnus.
418 1796 553 1850 ceterum
566 1786 650 1849 haud
665 1787 790 1851 dubium
804 1791 868 1865 luit
884 1791 967 1866 quin,
983 1789 1041 1851 nisi

46 1885 84 1930 ea
106 1885 199 1930 mora
220 1871 455 1948 intervenisset,
477 1881 580 1934 eastra
594 1889 632 1934 eo
648 1873 699 1934 die
713 1872 827 1935 Punica
842 1875 912 1950 capi
932 1883 1040 1950 potue-

45 1955 116 2014 rint
153 1955 217 2015 iam
237 1971 300 2015 non
322 1956 433 2018 milites
454 1957 553 2018 solum
575 1958 634 2018 sed
654 1957 809 2034 elephanti
829 1959 920 2019 eliam
941 1973 1041 2033 usque

44 2039 86 2098 ad
104 2039 224 2099 vallum
240 2040 300 2100 acti
321 2049 422 2116 eram,
445 2038 605 2118 superque
625 2041 728 2118 ipsum
742 2057 854 2103 novem
876 2048 907 2102 et
920 2040 1040 2115 triginta

45 2123 207 2199 elephanti
222 2124 293 2200 pilis
310 2124 436 2185 confixi.
468 2124 529 2186 hoc
545 2141 672 2202 quoque
686 2126 805 2201 proelio
821 2126 862 2185 ad
876 2124 1039 2186 duodecim

45 2207 131 2268 milia
152 2208 318 2269 hominum·
333 2209 476 2270 dicuntur
496 2225 605 2284 caesa,
625 2225 725 2286 prope
738 2209 796 2269 tria
809 2215 899 2284 capta
913 2223 983 2268 cum
998 2207 1035 2268 si-

44 2290 117 2367 gnis
137 2291 323 2354 militaribus
345 2300 465 2368 septem
486 2300 517 2354 et
536 2293 768 2370 quinquaginta.
809 2294 849 2353 ad
869 2291 1038 2366 Auringem

45 2375 119 2435 inde
134 2375 243 2436 urbem
251 2375 347 2436 Poeni
361 2392 531 2450 recessere,
548 2383 579 2438 ct
592 2384 626 2438 ut
636 2376 749 2438 territis
763 2377 898 2452 instaret,
913 2382 1037 2438 seculus

45 2459 218 2520 Romanus.
239 2459 282 2520 ibi
297 2460 519 2538 itemmSeipio
535 2460 677 2524 lecticula
690 2460 720 2521 in
736 2460 833 2521 aciem
846 2461 948 2521 illatus
963 2476 1037 2522 con·

44 2541 139 2614 flixit;
151 2559 212 2603 nec
220 2543 316 2606 dubia
327 2544 535 2607 victoricium:
547 2545 646 2606 minus
657 2551 758 2605 larum
770 2545 895 2606 dimidio
903 2544 1036 2606 hostium

45 2644 139 2703 quam
161 2633 268 2702 antea,
293 2629 366 2704 quia
380 2629 545 2706 pauciores
561 2631 775 2704 superlucrari
790 2629 841 2706 qui
855 2637 1034 2706 pugnarent,

45 2711 193 2774 occisum.
217 2713 275 2773 sed
287 2729 365 2788 gens
377 2721 449 2774 nala
463 2713 669 2776 instaurandis
679 2713 925 2790 reparandisque
935 2713 1033 2790 bellis,

45 2795 176 2872 Magone
197 2797 239 2857 ad
262 2798 518 2872 conquisitionem
534 2798 662 2859 militum
675 2814 694 2857 a
708 2797 800 2858 fratre
814 2798 925 2872 misso,
946 2797 1033 2859 brevi

45 2881 174 2956 replevit
188 2881 360 2944 exercitum
380 2882 565 2960 animosque
579 2882 619 2942 ad
634 2882 844 2958 temptandum
859 2882 899 2944 de
913 2882 1031 2960 integro

46 2970 198 3026 certamen
214 2966 302 3028 recita
324 2967 376 3027 alii
391 2967 532 3043 plerique
547 2966 667 3040 milites,
692 2966 720 3027 si
735 2966 858 3043 quidem
873 2983 929 3044 pro
944 2976 1032 3045 parte

46 3049 153 3110 toiens
168 3049 249 3112 intra
261 3065 380 3127 paucos
397 3051 465 3112 dies
481 3051 570 3125 victa,
585 3051 685 3112 isdem
700 3051 809 3112 animis
823 3052 933 3128 quibus
947 3053 1029 3129 prio·

45 3147 91 3192 res
112 3134 290 3210 eodemque
311 3142 423 3197 eventu
442 3149 639 3211 pugnavere:
661 3135 733 3211 plus
753 3143 822 3198 octo
838 3137 919 3198 milia
932 3136 1029 3197 homi·

43 3230 112 3276 num
133 3233 228 3279 caesa
248 3224 279 3279 et
298 3218 383 3281 haud
404 3221 498 3281 mullo
520 3218 621 3282 minus
643 3235 734 3296 quam
754 3221 835 3288 mille
852 3227 977 3296 captum
998 3227 1028 3282 ct

47 3298 129 3374 signa
142 3302 285 3363 militaria
307 3304 530 3381 quinquaginta
544 3310 628 3366 ooto=
650 3310 681 3365 et
695 3304 796 3382 spolia
815 3304 943 3382 plurima
957 3304 1027 3366 Gal·

47 3381 98 3444 lica
110 3385 213 3461 fuere,
234 3387 319 3448 aurei
339 3393 468 3466 torques
489 3388 702 3464 armillaeque,
722 3405 851 3464 magius
871 3405 1025 3454 numerus

47 3465 101 3529 luo
127 3470 221 3532 etium
249 3469 389 3548 insignes
416 3474 513 3550 reguli
534 3472 689 3536 Galiomm
716 3505 759 3520 --
778 3471 973 3553 Moeuicapto
994 3482 1025 3540 el
