<?xml version="1.0" encoding="UTF-8"?>
<!DOCTYPE html PUBLIC "-//W3C//DTD XHTML 1.0 Transitional//EN"
    "http://www.w3.org/TR/xhtml1/DTD/xhtml1-transitional.dtd">
<html xmlns="http://www.w3.org/1999/xhtml" xml:lang="en" lang="en">
 <head>
  <title>
</title>
<meta http-equiv="Content-Type" content="text/html;charset=utf-8" />
  <meta name='ocr-system' content='tesseract 3.04.00' />
  <meta name='ocr-capabilities' content='ocr_page ocr_carea ocr_par ocr_line ocrx_word'/>
</head>
<body>
  <div class='ocr_page' id='page_1' title='image "./titiliviaburbec09livygoog_0221.png"; bbox 0 0 2434 3902; ppageno 0'>
   <div class='ocr_carea' id='block_1_1' title="bbox 194 262 1035 340">
    <p class='ocr_par' dir='ltr' id='par_1_1' title="bbox 194 262 1035 340">
     <span class='ocr_line' id='line_1_1' title="bbox 194 262 1035 340; baseline -0.004 -11"><span class='ocrx_word' id='word_1_1' title='bbox 194 263 256 329; x_wconf 84' lang='lat' dir='ltr'><strong>tao</strong></span> <span class='ocrx_word' id='word_1_2' title='bbox 333 262 582 324; x_wconf 79' lang='lat' dir='ltr'><strong>utauaxxvn.</strong></span> <span class='ocrx_word' id='word_1_3' title='bbox 606 262 688 323; x_wconf 77' lang='lat' dir='ltr'><strong>cnr.</strong></span> <span class='ocrx_word' id='word_1_4' title='bbox 702 270 746 326; x_wconf 82' lang='lat' dir='ltr'><strong>as.</strong></span> <span class='ocrx_word' id='word_1_5' title='bbox 761 270 806 325; x_wconf 85' lang='lat' dir='ltr'><strong>so.</strong></span> <span class='ocrx_word' id='word_1_6' title='bbox 829 263 864 340; x_wconf 68' lang='lat' dir='ltr'><strong>[a.</strong></span> <span class='ocrx_word' id='word_1_7' title='bbox 880 267 914 322; x_wconf 86' lang='lat' dir='ltr'><strong>a.</strong></span> <span class='ocrx_word' id='word_1_8' title='bbox 930 287 954 322; x_wconf 59' lang='grc' dir='ltr'><strong>ο.</strong></span> <span class='ocrx_word' id='word_1_9' title='bbox 970 268 1035 335; x_wconf 75' lang='lat' dir='ltr'><strong>am]</strong></span> 
     </span>
    </p>
   </div>
   <div class='ocr_carea' id='block_1_2' title="bbox 121 412 1175 1839">
    <p class='ocr_par' dir='ltr' id='par_1_2' title="bbox 121 412 1175 1250">
     <span class='ocr_line' id='line_1_2' title="bbox 189 412 1173 492; baseline -0.005 -13"><span class='ocrx_word' id='word_1_10' title='bbox 189 416 326 480; x_wconf 89' lang='lat' dir='ltr'><strong>consulis</strong></span> <span class='ocrx_word' id='word_1_11' title='bbox 341 421 371 476; x_wconf 89' lang='lat' dir='ltr'><strong>el</strong></span> <span class='ocrx_word' id='word_1_12' title='bbox 385 422 497 476; x_wconf 89' lang='lat' dir='ltr'><strong>metum</strong></span> <span class='ocrx_word' id='word_1_13' title='bbox 512 412 553 474; x_wconf 89' lang='lat' dir='ltr'><strong>do</strong></span> <span class='ocrx_word' id='word_1_14' title='bbox 567 415 664 476; x_wconf 89' lang='lat' dir='ltr'><strong>allero</strong></span> <span class='ocrx_word' id='word_1_15' title='bbox 680 414 825 476; x_wconf 87' lang='lat' dir='ltr'><strong>iecerunt</strong></span> <span class='ocrx_word' id='word_1_16' title='bbox 845 413 950 492; x_wconf 88' lang='lat' dir='ltr'><strong>itaque</strong></span> <span class='ocrx_word' id='word_1_17' title='bbox 964 423 997 476; x_wconf 90' lang='lat' dir='ltr'><strong>et</strong></span> <span class='ocrx_word' id='word_1_18' title='bbox 1008 414 1173 490; x_wconf 81' lang='lat' dir='ltr'><strong>Q.Fabium</strong></span> 
     </span>
     <span class='ocr_line' id='line_1_3' title="bbox 189 497 1173 571; baseline -0.005 -6"><span class='ocrx_word' id='word_1_19' title='bbox 189 502 283 564; x_wconf 88' lang='lat' dir='ltr'><strong>litium</strong></span> <span class='ocrx_word' id='word_1_20' title='bbox 299 499 339 560; x_wconf 90' lang='lat' dir='ltr'><strong>ad</strong></span> <span class='ocrx_word' id='word_1_21' title='bbox 362 499 529 560; x_wconf 89' lang='lat' dir='ltr'><strong>exercitum</strong></span> <span class='ocrx_word' id='word_1_22' title='bbox 543 499 712 559; x_wconf 87' lang='lat' dir='ltr'><strong>Venusiam</strong></span> <span class='ocrx_word' id='word_1_23' title='bbox 727 497 890 571; x_wconf 64' lang='lat' dir='ltr'><strong>miserunta</strong></span> <span class='ocrx_word' id='word_1_24' title='bbox 913 499 1000 560; x_wconf 87' lang='lat' dir='ltr'><strong>etad</strong></span> <span class='ocrx_word' id='word_1_25' title='bbox 1016 501 1173 560; x_wconf 89' lang='lat' dir='ltr'><strong>consulem</strong></span> 
     </span>
     <span class='ocr_line' id='line_1_4' title="bbox 121 580 1173 660; baseline -0.004 -13"><span class='ocrx_word' id='word_1_26' title='bbox 121 624 126 632; x_wconf 91' lang='lat'>·</span> <span class='ocrx_word' id='word_1_27' title='bbox 187 595 249 647; x_wconf 90' lang='lat' dir='ltr'><strong>tres</strong></span> <span class='ocrx_word' id='word_1_28' title='bbox 269 583 360 660; x_wconf 82' lang='lat' dir='ltr'><strong>legati</strong></span> <span class='ocrx_word' id='word_1_29' title='bbox 382 582 482 657; x_wconf 91' lang='lat' dir='ltr'><strong>missi,</strong></span> <span class='ocrx_word' id='word_1_30' title='bbox 510 580 594 642; x_wconf 88' lang='lat' dir='ltr'><strong>Sext.</strong></span> <span class='ocrx_word' id='word_1_31' title='bbox 616 582 709 644; x_wconf 92' lang='lat' dir='ltr'><strong>lulius</strong></span> <span class='ocrx_word' id='word_1_32' title='bbox 731 580 897 644; x_wconf 74' lang='lat' dir='ltr'><strong>Caesari..</strong></span> <span class='ocrx_word' id='word_1_33' title='bbox 918 582 1060 644; x_wconf 89' lang='lat' dir='ltr'><strong>Licinius</strong></span> <span class='ocrx_word' id='word_1_34' title='bbox 1083 583 1173 644; x_wconf 84' lang='lat' dir='ltr'><strong>Pollio</strong></span> 
     </span>
     <span class='ocr_line' id='line_1_5' title="bbox 187 666 1173 743; baseline -0.002 -13"><span class='ocrx_word' id='word_1_35' title='bbox 187 671 219 730; x_wconf 89' lang='lat' dir='ltr'><strong>L.</strong></span> <span class='ocrx_word' id='word_1_36' title='bbox 236 666 356 729; x_wconf 79' lang='lat' dir='ltr'><strong>Cincius</strong></span> <span class='ocrx_word' id='word_1_37' title='bbox 372 667 559 743; x_wconf 74' lang='lat' dir='ltr'><strong>Alimentus,</strong></span> <span class='ocrx_word' id='word_1_38' title='bbox 583 681 651 728; x_wconf 92' lang='lat' dir='ltr'><strong>cum</strong></span> <span class='ocrx_word' id='word_1_39' title='bbox 668 667 773 743; x_wconf 88' lang='lat' dir='ltr'><strong>paucis</strong></span> <span class='ocrx_word' id='word_1_40' title='bbox 794 673 864 728; x_wconf 87' lang='lat' dir='ltr'><strong>ante</strong></span> <span class='ocrx_word' id='word_1_41' title='bbox 878 667 991 730; x_wconf 88' lang='lat' dir='ltr'><strong>diebus</strong></span> <span class='ocrx_word' id='word_1_42' title='bbox 1014 683 1058 728; x_wconf 83' lang='lat' dir='ltr'><strong>ex</strong></span> <span class='ocrx_word' id='word_1_43' title='bbox 1075 667 1173 729; x_wconf 84' lang='lat' dir='ltr'><strong>Sicilia</strong></span> 
     </span>
     <span class='ocr_line' id='line_1_6' title="bbox 187 750 1175 828; baseline -0.002 -14"><span class='ocrx_word' id='word_1_44' title='bbox 187 753 328 814; x_wconf 82' lang='lat' dir='ltr'><strong>redisset.</strong></span> <span class='ocrx_word' id='word_1_45' title='bbox 361 751 392 811; x_wconf 93' lang='lat' dir='ltr'><strong>hi</strong></span> <span class='ocrx_word' id='word_1_46' title='bbox 408 751 547 813; x_wconf 89' lang='lat' dir='ltr'><strong>nuntiare</strong></span> <span class='ocrx_word' id='word_1_47' title='bbox 562 750 682 813; x_wconf 91' lang='lat' dir='ltr'><strong>consuli</strong></span> <span class='ocrx_word' id='word_1_48' title='bbox 696 750 789 826; x_wconf 89' lang='lat' dir='ltr'><strong>iussi,</strong></span> <span class='ocrx_word' id='word_1_49' title='bbox 813 757 853 828; x_wconf 71' lang='lat' dir='ltr'><strong>ut,</strong></span> <span class='ocrx_word' id='word_1_50' title='bbox 876 751 903 813; x_wconf 91' lang='lat' dir='ltr'><strong>si</strong></span> <span class='ocrx_word' id='word_1_51' title='bbox 924 752 965 812; x_wconf 90' lang='lat' dir='ltr'><strong>ad</strong></span> <span class='ocrx_word' id='word_1_52' title='bbox 981 752 1114 814; x_wconf 89' lang='lat' dir='ltr'><strong>comitia</strong></span> <span class='ocrx_word' id='word_1_53' title='bbox 1130 769 1175 812; x_wconf 88' lang='lat' dir='ltr'><strong>ve·</strong></span> 
     </span>
     <span class='ocr_line' id='line_1_7' title="bbox 188 835 1175 912; baseline -0.003 -14"><span class='ocrx_word' id='word_1_54' title='bbox 188 837 253 898; x_wconf 86' lang='lat' dir='ltr'><strong>nire</strong></span> <span class='ocrx_word' id='word_1_55' title='bbox 265 837 395 900; x_wconf 80' lang='lat' dir='ltr'><strong>Romam</strong></span> <span class='ocrx_word' id='word_1_56' title='bbox 408 852 470 898; x_wconf 91' lang='lat' dir='ltr'><strong>non</strong></span> <span class='ocrx_word' id='word_1_57' title='bbox 486 842 609 912; x_wconf 88' lang='lat' dir='ltr'><strong>posset,</strong></span> <span class='ocrx_word' id='word_1_58' title='bbox 633 835 812 898; x_wconf 88' lang='lat' dir='ltr'><strong>dictatorem</strong></span> <span class='ocrx_word' id='word_1_59' title='bbox 831 837 861 896; x_wconf 92' lang='lat' dir='ltr'><strong>in</strong></span> <span class='ocrx_word' id='word_1_60' title='bbox 881 851 956 911; x_wconf 81' lang='lat' dir='ltr'><strong>agro</strong></span> <span class='ocrx_word' id='word_1_61' title='bbox 970 837 1121 898; x_wconf 88' lang='lat' dir='ltr'><strong>Romano</strong></span> <span class='ocrx_word' id='word_1_62' title='bbox 1137 837 1175 897; x_wconf 91' lang='lat' dir='ltr'><strong>di-</strong></span> 
     </span>
     <span class='ocr_line' id='line_1_8' title="bbox 188 920 1175 998; baseline -0.004 -15"><span class='ocrx_word' id='word_1_63' title='bbox 188 928 271 983; x_wconf 88' lang='lat' dir='ltr'><strong>ceret</strong></span> <span class='ocrx_word' id='word_1_64' title='bbox 291 920 480 983; x_wconf 89' lang='lat' dir='ltr'><strong>comitiorum</strong></span> <span class='ocrx_word' id='word_1_65' title='bbox 507 935 611 982; x_wconf 89' lang='lat' dir='ltr'><strong>causa.</strong></span> <span class='ocrx_word' id='word_1_66' title='bbox 652 921 679 980; x_wconf 91' lang='lat' dir='ltr'><strong>si</strong></span> <span class='ocrx_word' id='word_1_67' title='bbox 702 920 810 981; x_wconf 88' lang='lat' dir='ltr'><strong>consul</strong></span> <span class='ocrx_word' id='word_1_68' title='bbox 831 920 994 982; x_wconf 76' lang='lat' dir='ltr'><strong>Tarentum</strong></span> <span class='ocrx_word' id='word_1_69' title='bbox 1015 922 1175 998; x_wconf 85' lang='lat' dir='ltr'><strong>protectus</strong></span> 
     </span>
     <span class='ocr_line' id='line_1_9' title="bbox 186 1003 1175 1082; baseline -0.004 -15"><span class='ocrx_word' id='word_1_70' title='bbox 186 1012 284 1081; x_wconf 86' lang='lat' dir='ltr'><strong>esset,</strong></span> <span class='ocrx_word' id='word_1_71' title='bbox 307 1005 341 1081; x_wconf 78' lang='lat' dir='ltr'><strong>Q.</strong></span> <span class='ocrx_word' id='word_1_72' title='bbox 364 1003 521 1066; x_wconf 86' lang='lat' dir='ltr'><strong>claudium</strong></span> <span class='ocrx_word' id='word_1_73' title='bbox 542 1010 716 1080; x_wconf 81' lang='lat' dir='ltr'><strong>praetorem</strong></span> <span class='ocrx_word' id='word_1_74' title='bbox 735 1005 859 1080; x_wconf 88' lang='lat' dir='ltr'><strong>placere</strong></span> <span class='ocrx_word' id='word_1_75' title='bbox 877 1004 909 1064; x_wconf 90' lang='lat' dir='ltr'><strong>in</strong></span> <span class='ocrx_word' id='word_1_76' title='bbox 929 1020 999 1066; x_wconf 89' lang='lat' dir='ltr'><strong>eam</strong></span> <span class='ocrx_word' id='word_1_77' title='bbox 1016 1007 1175 1082; x_wconf 81' lang='lat' dir='ltr'><strong>regionem</strong></span> 
     </span>
     <span class='ocr_line' id='line_1_10' title="bbox 188 1087 1173 1163; baseline -0.002 -13"><span class='ocrx_word' id='word_1_78' title='bbox 188 1090 259 1151; x_wconf 91' lang='lat' dir='ltr'><strong>inde</strong></span> <span class='ocrx_word' id='word_1_79' title='bbox 273 1087 428 1150; x_wconf 89' lang='lat' dir='ltr'><strong>abducere</strong></span> <span class='ocrx_word' id='word_1_80' title='bbox 441 1089 594 1163; x_wconf 82' lang='lat' dir='ltr'><strong>legiones,</strong></span> <span class='ocrx_word' id='word_1_81' title='bbox 617 1091 647 1149; x_wconf 90' lang='lat' dir='ltr'><strong>in</strong></span> <span class='ocrx_word' id='word_1_82' title='bbox 664 1105 726 1163; x_wconf 88' lang='lat' dir='ltr'><strong>qua</strong></span> <span class='ocrx_word' id='word_1_83' title='bbox 740 1088 887 1163; x_wconf 91' lang='lat' dir='ltr'><strong>plurimas</strong></span> <span class='ocrx_word' id='word_1_84' title='bbox 903 1089 1064 1150; x_wconf 91' lang='lat' dir='ltr'><strong>sociorum</strong></span> <span class='ocrx_word' id='word_1_85' title='bbox 1085 1089 1173 1149; x_wconf 89' lang='lat' dir='ltr'><strong>urbes</strong></span> 
     </span>
     <span class='ocr_line' id='line_1_11' title="bbox 126 1175 676 1250; baseline -0.015 -10"><span class='ocrx_word' id='word_1_86' title='bbox 126 1231 131 1240; x_wconf 93' lang='lat'><strong>.</strong></span> <span class='ocrx_word' id='word_1_87' title='bbox 187 1175 264 1236; x_wconf 90' lang='lat' dir='ltr'><strong>tueri</strong></span> <span class='ocrx_word' id='word_1_88' title='bbox 280 1179 396 1250; x_wconf 88' lang='lat' dir='ltr'><strong>posset.</strong></span> <span class='ocrx_word' id='word_1_89' title='bbox 672 1211 676 1218; x_wconf 88' lang='lat'><em>-</em></span> 
     </span>
    </p>

    <p class='ocr_par' dir='ltr' id='par_1_3' title="bbox 185 1256 1170 1839">
     <span class='ocr_line' id='line_1_12' title="bbox 269 1256 1170 1318; baseline -0.003 0"><span class='ocrx_word' id='word_1_90' title='bbox 269 1258 385 1318; x_wconf 84' lang='lat' dir='ltr'><strong>Eadem</strong></span> <span class='ocrx_word' id='word_1_91' title='bbox 406 1264 521 1317; x_wconf 85' lang='lat' dir='ltr'><strong>aestate</strong></span> <span class='ocrx_word' id='word_1_92' title='bbox 542 1256 583 1316; x_wconf 86' lang='lat' dir='ltr'><strong>ll.</strong></span> <span class='ocrx_word' id='word_1_93' title='bbox 605 1256 748 1317; x_wconf 87' lang='lat' dir='ltr'><strong>Valerius</strong></span> <span class='ocrx_word' id='word_1_94' title='bbox 771 1272 839 1317; x_wconf 87' lang='lat' dir='ltr'><strong>cum</strong></span> <span class='ocrx_word' id='word_1_95' title='bbox 860 1259 961 1317; x_wconf 87' lang='lat' dir='ltr'><strong>classe</strong></span> <span class='ocrx_word' id='word_1_96' title='bbox 976 1265 1104 1318; x_wconf 89' lang='lat' dir='ltr'><strong>centum</strong></span> <span class='ocrx_word' id='word_1_97' title='bbox 1126 1273 1170 1316; x_wconf 88' lang='lat' dir='ltr'><strong>na-</strong></span> 
     </span>
     <span class='ocr_line' id='line_1_13' title="bbox 188 1339 1169 1417; baseline -0.003 -15"><span class='ocrx_word' id='word_1_98' title='bbox 188 1343 270 1405; x_wconf 91' lang='lat' dir='ltr'><strong>vium</strong></span> <span class='ocrx_word' id='word_1_99' title='bbox 284 1358 323 1403; x_wconf 90' lang='lat' dir='ltr'><strong>ex</strong></span> <span class='ocrx_word' id='word_1_100' title='bbox 340 1340 444 1417; x_wconf 79' lang='lat' dir='ltr'><strong>Sicilia</strong></span> <span class='ocrx_word' id='word_1_101' title='bbox 458 1341 488 1400; x_wconf 91' lang='lat' dir='ltr'><strong>in</strong></span> <span class='ocrx_word' id='word_1_102' title='bbox 502 1339 639 1401; x_wconf 84' lang='lat' dir='ltr'><strong>Airicam</strong></span> <span class='ocrx_word' id='word_1_103' title='bbox 653 1339 789 1415; x_wconf 80' lang='lat' dir='ltr'><strong>tramisit,</strong></span> <span class='ocrx_word' id='word_1_104' title='bbox 806 1348 836 1401; x_wconf 90' lang='lat' dir='ltr'><strong>ct</strong></span> <span class='ocrx_word' id='word_1_105' title='bbox 848 1341 889 1401; x_wconf 89' lang='lat' dir='ltr'><strong>ad</strong></span> <span class='ocrx_word' id='word_1_106' title='bbox 904 1341 1052 1417; x_wconf 85' lang='lat' dir='ltr'><strong>clupeam</strong></span> <span class='ocrx_word' id='word_1_107' title='bbox 1067 1340 1169 1401; x_wconf 87' lang='lat' dir='ltr'><strong>urbem</strong></span> 
     </span>
     <span class='ocr_line' id='line_1_14' title="bbox 186 1423 1168 1501; baseline -0.002 -15"><span class='ocrx_word' id='word_1_108' title='bbox 186 1426 368 1488; x_wconf 81' lang='lat' dir='ltr'><strong>escensione</strong></span> <span class='ocrx_word' id='word_1_109' title='bbox 382 1427 464 1486; x_wconf 83' lang='lat' dir='ltr'><strong>iacta</strong></span> <span class='ocrx_word' id='word_1_110' title='bbox 477 1441 584 1501; x_wconf 82' lang='lat' dir='ltr'><strong>agrum</strong></span> <span class='ocrx_word' id='word_1_111' title='bbox 597 1425 657 1484; x_wconf 87' lang='lat' dir='ltr'><strong>late</strong></span> <span class='ocrx_word' id='word_1_112' title='bbox 668 1423 751 1485; x_wconf 91' lang='lat' dir='ltr'><strong>nulio</strong></span> <span class='ocrx_word' id='word_1_113' title='bbox 767 1424 862 1485; x_wconf 83' lang='lat' dir='ltr'><strong>ferme</strong></span> <span class='ocrx_word' id='word_1_114' title='bbox 878 1423 970 1486; x_wconf 90' lang='lat' dir='ltr'><strong>ohvio</strong></span> <span class='ocrx_word' id='word_1_115' title='bbox 987 1433 1109 1486; x_wconf 89' lang='lat' dir='ltr'><strong>armato</strong></span> <span class='ocrx_word' id='word_1_116' title='bbox 1124 1442 1168 1484; x_wconf 92' lang='lat' dir='ltr'><strong>va-</strong></span> 
     </span>
     <span class='ocr_line' id='line_1_15' title="bbox 187 1507 1170 1585; baseline -0.004 -14"><span class='ocrx_word' id='word_1_117' title='bbox 187 1511 285 1571; x_wconf 83' lang='lat' dir='ltr'><strong>stavit.</strong></span> <span class='ocrx_word' id='word_1_118' title='bbox 318 1509 391 1570; x_wconf 89' lang='lat' dir='ltr'><strong>inde</strong></span> <span class='ocrx_word' id='word_1_119' title='bbox 411 1509 450 1568; x_wconf 92' lang='lat' dir='ltr'><strong>ad</strong></span> <span class='ocrx_word' id='word_1_120' title='bbox 473 1525 568 1569; x_wconf 88' lang='lat' dir='ltr'><strong>naves</strong></span> <span class='ocrx_word' id='word_1_121' title='bbox 589 1509 700 1584; x_wconf 90' lang='lat' dir='ltr'><strong>raptim</strong></span> <span class='ocrx_word' id='word_1_122' title='bbox 720 1508 922 1584; x_wconf 83' lang='lat' dir='ltr'><strong>praedatores</strong></span> <span class='ocrx_word' id='word_1_123' title='bbox 943 1509 1078 1585; x_wconf 84' lang='lat' dir='ltr'><strong>recepti,</strong></span> <span class='ocrx_word' id='word_1_124' title='bbox 1104 1507 1170 1584; x_wconf 89' lang='lat' dir='ltr'><strong>quia</strong></span> 
     </span>
     <span class='ocr_line' id='line_1_16' title="bbox 186 1592 1168 1671; baseline -0.004 -16"><span class='ocrx_word' id='word_1_125' title='bbox 186 1599 311 1671; x_wconf 90' lang='lat' dir='ltr'><strong>repente</strong></span> <span class='ocrx_word' id='word_1_126' title='bbox 332 1593 413 1654; x_wconf 83' lang='lat' dir='ltr'><strong>lama</strong></span> <span class='ocrx_word' id='word_1_127' title='bbox 434 1592 546 1653; x_wconf 88' lang='lat' dir='ltr'><strong>accidit</strong></span> <span class='ocrx_word' id='word_1_128' title='bbox 562 1593 695 1654; x_wconf 83' lang='lat' dir='ltr'><strong>classem</strong></span> <span class='ocrx_word' id='word_1_129' title='bbox 708 1592 854 1654; x_wconf 82' lang='lat' dir='ltr'><strong>Punicam</strong></span> <span class='ocrx_word' id='word_1_130' title='bbox 875 1593 1054 1656; x_wconf 87' lang='lat' dir='ltr'><strong>adventare.</strong></span> <span class='ocrx_word' id='word_1_131' title='bbox 1090 1599 1168 1653; x_wconf 88' lang='lat' dir='ltr'><strong>octo-</strong></span> 
     </span>
     <span class='ocr_line' id='line_1_17' title="bbox 185 1675 1169 1755; baseline -0.002 -17"><span class='ocrx_word' id='word_1_132' title='bbox 185 1678 268 1755; x_wconf 83' lang='lat' dir='ltr'><strong>ginta</strong></span> <span class='ocrx_word' id='word_1_133' title='bbox 288 1682 373 1738; x_wconf 88' lang='lat' dir='ltr'><strong>erant</strong></span> <span class='ocrx_word' id='word_1_134' title='bbox 396 1682 426 1737; x_wconf 89' lang='lat' dir='ltr'><strong>et</strong></span> <span class='ocrx_word' id='word_1_135' title='bbox 444 1682 508 1738; x_wconf 89' lang='lat' dir='ltr'><strong>tras</strong></span> <span class='ocrx_word' id='word_1_136' title='bbox 528 1692 636 1738; x_wconf 86' lang='lat' dir='ltr'><strong>naves.</strong></span> <span class='ocrx_word' id='word_1_137' title='bbox 668 1692 738 1738; x_wconf 88' lang='lat' dir='ltr'><strong>cum</strong></span> <span class='ocrx_word' id='word_1_138' title='bbox 758 1675 807 1737; x_wconf 93' lang='lat' dir='ltr'><strong>his</strong></span> <span class='ocrx_word' id='word_1_139' title='bbox 827 1676 910 1738; x_wconf 88' lang='lat' dir='ltr'><strong>haud</strong></span> <span class='ocrx_word' id='word_1_140' title='bbox 930 1677 1041 1753; x_wconf 90' lang='lat' dir='ltr'><strong>procul</strong></span> <span class='ocrx_word' id='word_1_141' title='bbox 1057 1676 1169 1753; x_wconf 85' lang='lat' dir='ltr'><strong>clupea</strong></span> 
     </span>
     <span class='ocr_line' id='line_1_18' title="bbox 185 1758 1166 1839; baseline 0 -18"><span class='ocrx_word' id='word_1_142' title='bbox 185 1777 336 1838; x_wconf 88' lang='lat' dir='ltr'><strong>prospere</strong></span> <span class='ocrx_word' id='word_1_143' title='bbox 347 1767 464 1839; x_wconf 69' lang='lat' dir='ltr'><strong>pugnat</strong></span> <span class='ocrx_word' id='word_1_144' title='bbox 473 1761 641 1824; x_wconf 88' lang='lat' dir='ltr'><strong>Romanus.</strong></span> <span class='ocrx_word' id='word_1_145' title='bbox 664 1759 771 1821; x_wconf 87' lang='lat' dir='ltr'><strong>decem</strong></span> <span class='ocrx_word' id='word_1_146' title='bbox 787 1768 818 1822; x_wconf 90' lang='lat' dir='ltr'><strong>et</strong></span> <span class='ocrx_word' id='word_1_147' title='bbox 831 1767 901 1822; x_wconf 89' lang='lat' dir='ltr'><strong>octo</strong></span> <span class='ocrx_word' id='word_1_148' title='bbox 914 1758 1047 1822; x_wconf 87' lang='lat' dir='ltr'><strong>navibus</strong></span> <span class='ocrx_word' id='word_1_149' title='bbox 1060 1762 1166 1837; x_wconf 90' lang='lat' dir='ltr'><strong>captis,</strong></span> 
     </span>
    </p>
   </div>
   <div class='ocr_carea' id='block_1_3' title="bbox 89 1844 1167 1922">
    <p class='ocr_par' dir='ltr' id='par_1_4' title="bbox 89 1844 1167 1922">
     <span class='ocr_line' id='line_1_19' title="bbox 89 1844 1167 1922; baseline -0.01 -9"><span class='ocrx_word' id='word_1_150' title='bbox 89 1907 95 1913; x_wconf 90' lang='lat'><strong>.</strong></span> <span class='ocrx_word' id='word_1_151' title='bbox 186 1846 295 1922; x_wconf 64' lang='lat' dir='ltr'><strong>limatis</strong></span> <span class='ocrx_word' id='word_1_152' title='bbox 310 1845 394 1919; x_wconf 90' lang='lat' dir='ltr'><strong>aliis,</strong></span> <span class='ocrx_word' id='word_1_153' title='bbox 418 1860 487 1907; x_wconf 89' lang='lat' dir='ltr'><strong>cum</strong></span> <span class='ocrx_word' id='word_1_154' title='bbox 502 1855 612 1920; x_wconf 74' lang='lat' dir='ltr'><strong>magna</strong></span> <span class='ocrx_word' id='word_1_155' title='bbox 626 1845 762 1905; x_wconf 84' lang='lat' dir='ltr'><strong>terrestri</strong></span> <span class='ocrx_word' id='word_1_156' title='bbox 776 1845 941 1920; x_wconf 88' lang='lat' dir='ltr'><strong>navalique</strong></span> <span class='ocrx_word' id='word_1_157' title='bbox 955 1845 1075 1919; x_wconf 87' lang='lat' dir='ltr'><strong>praeda</strong></span> <span class='ocrx_word' id='word_1_158' title='bbox 1089 1844 1167 1920; x_wconf 80' lang='lat' dir='ltr'><strong>Lity-</strong></span> 
     </span>
    </p>
   </div>
   <div class='ocr_carea' id='block_1_4' title="bbox 183 1929 1169 3599">
    <p class='ocr_par' dir='ltr' id='par_1_5' title="bbox 184 1929 408 1993">
     <span class='ocr_line' id='line_1_20' title="bbox 184 1929 408 1993; baseline -0.013 -2"><span class='ocrx_word' id='word_1_159' title='bbox 184 1929 295 1992; x_wconf 88' lang='lat' dir='ltr'><strong>bacum</strong></span> <span class='ocrx_word' id='word_1_160' title='bbox 309 1930 408 1993; x_wconf 89' lang='lat' dir='ltr'><strong>rediit.</strong></span> 
     </span>
    </p>

    <p class='ocr_par' dir='ltr' id='par_1_6' title="bbox 183 2011 1169 3599">
     <span class='ocr_line' id='line_1_21' title="bbox 269 2011 1167 2089; baseline -0.004 -14"><span class='ocrx_word' id='word_1_161' title='bbox 269 2014 383 2076; x_wconf 84' lang='lat' dir='ltr'><strong>Eadem</strong></span> <span class='ocrx_word' id='word_1_162' title='bbox 406 2018 522 2075; x_wconf 85' lang='lat' dir='ltr'><strong>aestate</strong></span> <span class='ocrx_word' id='word_1_163' title='bbox 542 2018 572 2072; x_wconf 89' lang='lat' dir='ltr'><strong>et</strong></span> <span class='ocrx_word' id='word_1_164' title='bbox 592 2011 752 2089; x_wconf 88' lang='lat' dir='ltr'><strong>Philippus</strong></span> <span class='ocrx_word' id='word_1_165' title='bbox 777 2011 1010 2088; x_wconf 89' lang='lat' dir='ltr'><strong>implorantibus</strong></span> <span class='ocrx_word' id='word_1_166' title='bbox 1034 2011 1167 2072; x_wconf 83' lang='lat' dir='ltr'><strong>Achaeis</strong></span> 
     </span>
     <span class='ocr_line' id='line_1_22' title="bbox 188 2095 1168 2174; baseline -0.006 -14"><span class='ocrx_word' id='word_1_167' title='bbox 188 2099 331 2162; x_wconf 82' lang='lat' dir='ltr'><strong>auxilium</strong></span> <span class='ocrx_word' id='word_1_168' title='bbox 344 2098 420 2174; x_wconf 84' lang='lat' dir='ltr'><strong>tulit,</strong></span> <span class='ocrx_word' id='word_1_169' title='bbox 444 2113 524 2173; x_wconf 91' lang='lat' dir='ltr'><strong>quos</strong></span> <span class='ocrx_word' id='word_1_170' title='bbox 539 2103 571 2157; x_wconf 90' lang='lat' dir='ltr'><strong>et</strong></span> <span class='ocrx_word' id='word_1_171' title='bbox 584 2095 784 2157; x_wconf 83' lang='lat' dir='ltr'><strong>Machanidas</strong></span> <span class='ocrx_word' id='word_1_172' title='bbox 798 2103 947 2172; x_wconf 82' lang='lat' dir='ltr'><strong>tyrannus</strong></span> <span class='ocrx_word' id='word_1_173' title='bbox 961 2095 1168 2156; x_wconf 86' lang='lat' dir='ltr'><strong>Lacedaemo-</strong></span> 
     </span>
     <span class='ocr_line' id='line_1_23' title="bbox 185 2179 1168 2256; baseline -0.007 -11"><span class='ocrx_word' id='word_1_174' title='bbox 185 2184 302 2245; x_wconf 90' lang='lat' dir='ltr'><strong>niomm</strong></span> <span class='ocrx_word' id='word_1_175' title='bbox 317 2181 443 2244; x_wconf 78' lang='lat' dir='ltr'><strong>haidum</strong></span> <span class='ocrx_word' id='word_1_176' title='bbox 457 2181 539 2242; x_wconf 91' lang='lat' dir='ltr'><strong>bello</strong></span> <span class='ocrx_word' id='word_1_177' title='bbox 553 2181 670 2256; x_wconf 78' lang='lat' dir='ltr'><strong>urebat,</strong></span> <span class='ocrx_word' id='word_1_178' title='bbox 686 2185 716 2240; x_wconf 89' lang='lat' dir='ltr'><strong>et</strong></span> <span class='ocrx_word' id='word_1_179' title='bbox 729 2180 830 2241; x_wconf 89' lang='lat' dir='ltr'><strong>Aetoli</strong></span> <span class='ocrx_word' id='word_1_180' title='bbox 846 2179 977 2242; x_wconf 89' lang='lat' dir='ltr'><strong>navibus</strong></span> <span class='ocrx_word' id='word_1_181' title='bbox 991 2195 1051 2256; x_wconf 86' lang='lat' dir='ltr'><strong>per</strong></span> <span class='ocrx_word' id='word_1_182' title='bbox 1060 2180 1168 2240; x_wconf 88' lang='lat' dir='ltr'><strong>tretunr</strong></span> 
     </span>
     <span class='ocr_line' id='line_1_24' title="bbox 188 2260 1169 2346; baseline -0.01 -14"><span class='ocrx_word' id='word_1_183' title='bbox 188 2267 272 2346; x_wconf 87' lang='lat' dir='ltr'><strong>quod</strong></span> <span class='ocrx_word' id='word_1_184' title='bbox 293 2268 482 2343; x_wconf 87' lang='lat' dir='ltr'><strong>Naupactum</strong></span> <span class='ocrx_word' id='word_1_185' title='bbox 505 2273 535 2325; x_wconf 89' lang='lat' dir='ltr'><strong>ct</strong></span> <span class='ocrx_word' id='word_1_186' title='bbox 554 2265 660 2325; x_wconf 87' lang='lat' dir='ltr'><strong>Patras</strong></span> <span class='ocrx_word' id='word_1_187' title='bbox 681 2260 827 2324; x_wconf 81' lang='lat' dir='ltr'><strong>interfluit</strong></span> <span class='ocrx_word' id='word_1_188' title='bbox 854 2298 898 2311; x_wconf 89' lang='lat'><strong>--</strong></span> <span class='ocrx_word' id='word_1_189' title='bbox 926 2262 1028 2325; x_wconf 87' lang='lat' dir='ltr'><strong>Rhion</strong></span> <span class='ocrx_word' id='word_1_190' title='bbox 1050 2263 1169 2323; x_wconf 87' lang='lat' dir='ltr'><strong>incolae</strong></span> 
     </span>
     <span class='ocr_line' id='line_1_25' title="bbox 184 2347 1168 2424; baseline -0.003 -14"><span class='ocrx_word' id='word_1_191' title='bbox 184 2359 296 2413; x_wconf 88' lang='lat' dir='ltr'><strong>vocant</strong></span> <span class='ocrx_word' id='word_1_192' title='bbox 306 2383 349 2394; x_wconf 85' lang='lat'><strong>—-</strong></span> <span class='ocrx_word' id='word_1_193' title='bbox 360 2350 496 2411; x_wconf 87' lang='lat' dir='ltr'><strong>exercitu</strong></span> <span class='ocrx_word' id='word_1_194' title='bbox 506 2349 633 2410; x_wconf 87' lang='lat' dir='ltr'><strong>traiecto</strong></span> <span class='ocrx_word' id='word_1_195' title='bbox 645 2347 824 2424; x_wconf 86' lang='lat' dir='ltr'><strong>depopulati</strong></span> <span class='ocrx_word' id='word_1_196' title='bbox 836 2354 930 2408; x_wconf 87' lang='lat' dir='ltr'><strong>erant.</strong></span> <span class='ocrx_word' id='word_1_197' title='bbox 945 2347 1082 2409; x_wconf 82' lang='lat' dir='ltr'><strong>Attalum</strong></span> <span class='ocrx_word' id='word_1_198' title='bbox 1095 2363 1168 2424; x_wconf 88' lang='lat' dir='ltr'><strong>quo-</strong></span> 
     </span>
     <span class='ocr_line' id='line_1_26' title="bbox 187 2431 1168 2511; baseline -0.006 -15"><span class='ocrx_word' id='word_1_199' title='bbox 187 2453 246 2511; x_wconf 89' lang='lat' dir='ltr'><strong>que</strong></span> <span class='ocrx_word' id='word_1_200' title='bbox 259 2451 365 2511; x_wconf 77' lang='lat' dir='ltr'><strong>regem</strong></span> <span class='ocrx_word' id='word_1_201' title='bbox 379 2435 483 2508; x_wconf 80' lang='lat' dir='ltr'><strong>Asiae,</strong></span> <span class='ocrx_word' id='word_1_202' title='bbox 501 2433 574 2510; x_wconf 90' lang='lat' dir='ltr'><strong>quia</strong></span> <span class='ocrx_word' id='word_1_203' title='bbox 586 2431 688 2494; x_wconf 86' lang='lat' dir='ltr'><strong>Aetoli</strong></span> <span class='ocrx_word' id='word_1_204' title='bbox 704 2447 854 2493; x_wconf 89' lang='lat' dir='ltr'><strong>summum</strong></span> <span class='ocrx_word' id='word_1_205' title='bbox 868 2431 967 2506; x_wconf 83' lang='lat' dir='ltr'><strong>gentis</strong></span> <span class='ocrx_word' id='word_1_206' title='bbox 983 2447 1060 2492; x_wconf 92' lang='lat' dir='ltr'><strong>suae</strong></span> <span class='ocrx_word' id='word_1_207' title='bbox 1077 2432 1168 2506; x_wconf 82' lang='lat' dir='ltr'><strong>magi-</strong></span> 
     </span>
     <span class='ocr_line' id='line_1_27' title="bbox 185 2515 1167 2594; baseline -0.007 -13"><span class='ocrx_word' id='word_1_208' title='bbox 185 2527 311 2581; x_wconf 81' lang='lat' dir='ltr'><strong>stratum</strong></span> <span class='ocrx_word' id='word_1_209' title='bbox 324 2520 364 2579; x_wconf 90' lang='lat' dir='ltr'><strong>ad</strong></span> <span class='ocrx_word' id='word_1_210' title='bbox 379 2534 449 2580; x_wconf 89' lang='lat' dir='ltr'><strong>eum</strong></span> <span class='ocrx_word' id='word_1_211' title='bbox 459 2517 601 2594; x_wconf 89' lang='lat' dir='ltr'><strong>proximo</strong></span> <span class='ocrx_word' id='word_1_212' title='bbox 618 2516 748 2576; x_wconf 89' lang='lat' dir='ltr'><strong>concilio</strong></span> <span class='ocrx_word' id='word_1_213' title='bbox 763 2515 945 2586; x_wconf 89' lang='lat' dir='ltr'><strong>detulerunt,</strong></span> <span class='ocrx_word' id='word_1_214' title='bbox 962 2515 1044 2575; x_wconf 87' lang='lat' dir='ltr'><strong>tama</strong></span> <span class='ocrx_word' id='word_1_215' title='bbox 1059 2523 1126 2576; x_wconf 90' lang='lat' dir='ltr'><strong>erat</strong></span> <span class='ocrx_word' id='word_1_216' title='bbox 1140 2516 1167 2574; x_wconf 93' lang='lat' dir='ltr'><strong>in</strong></span> 
     </span>
     <span class='ocr_line' id='line_1_28' title="bbox 185 2597 1167 2680; baseline -0.006 -16"><span class='ocrx_word' id='word_1_217' title='bbox 185 2603 341 2680; x_wconf 76' lang='lat' dir='ltr'><strong>Europam</strong></span> <span class='ocrx_word' id='word_1_218' title='bbox 361 2600 566 2678; x_wconf 86' lang='lat' dir='ltr'><strong>traiecturum.</strong></span> <span class='ocrx_word' id='word_1_219' title='bbox 608 2599 700 2660; x_wconf 88' lang='lat' dir='ltr'><strong>XXX.</strong></span> <span class='ocrx_word' id='word_1_220' title='bbox 723 2597 763 2660; x_wconf 91' lang='lat' dir='ltr'><strong>ob</strong></span> <span class='ocrx_word' id='word_1_221' title='bbox 778 2599 856 2660; x_wconf 89' lang='lat' dir='ltr'><strong>haec</strong></span> <span class='ocrx_word' id='word_1_222' title='bbox 870 2597 1013 2675; x_wconf 90' lang='lat' dir='ltr'><strong>Philippo</strong></span> <span class='ocrx_word' id='word_1_223' title='bbox 1028 2599 1060 2659; x_wconf 94' lang='lat' dir='ltr'><strong>in</strong></span> <span class='ocrx_word' id='word_1_224' title='bbox 1077 2599 1167 2659; x_wconf 87' lang='lat' dir='ltr'><strong>Grae-</strong></span> 
     </span>
     <span class='ocr_line' id='line_1_29' title="bbox 187 2682 1167 2760; baseline -0.005 -13"><span class='ocrx_word' id='word_1_225' title='bbox 187 2686 265 2748; x_wconf 88' lang='lat' dir='ltr'><strong>ciam</strong></span> <span class='ocrx_word' id='word_1_226' title='bbox 279 2683 480 2746; x_wconf 87' lang='lat' dir='ltr'><strong>descendenti</strong></span> <span class='ocrx_word' id='word_1_227' title='bbox 495 2685 536 2745; x_wconf 91' lang='lat' dir='ltr'><strong>ad</strong></span> <span class='ocrx_word' id='word_1_228' title='bbox 549 2685 683 2744; x_wconf 88' lang='lat' dir='ltr'><strong>Lamiam</strong></span> <span class='ocrx_word' id='word_1_229' title='bbox 697 2682 804 2744; x_wconf 88' lang='lat' dir='ltr'><strong>urbem</strong></span> <span class='ocrx_word' id='word_1_230' title='bbox 818 2683 920 2743; x_wconf 85' lang='lat' dir='ltr'><strong>Aetoii</strong></span> <span class='ocrx_word' id='word_1_231' title='bbox 936 2683 1015 2743; x_wconf 88' lang='lat' dir='ltr'><strong>duce</strong></span> <span class='ocrx_word' id='word_1_232' title='bbox 1029 2683 1167 2760; x_wconf 86' lang='lat' dir='ltr'><strong>Pyrrhia,</strong></span> 
     </span>
     <span class='ocr_line' id='line_1_30' title="bbox 186 2766 1167 2846; baseline -0.004 -16"><span class='ocrx_word' id='word_1_233' title='bbox 186 2770 237 2844; x_wconf 91' lang='lat' dir='ltr'><strong>qui</strong></span> <span class='ocrx_word' id='word_1_234' title='bbox 248 2766 412 2846; x_wconf 87' lang='lat' dir='ltr'><strong>praetoria</strong></span> <span class='ocrx_word' id='word_1_235' title='bbox 425 2783 493 2828; x_wconf 87' lang='lat' dir='ltr'><strong>eum</strong></span> <span class='ocrx_word' id='word_1_236' title='bbox 504 2783 616 2828; x_wconf 91' lang='lat' dir='ltr'><strong>annum</strong></span> <span class='ocrx_word' id='word_1_237' title='bbox 627 2782 696 2828; x_wconf 87' lang='lat' dir='ltr'><strong>cum</strong></span> <span class='ocrx_word' id='word_1_238' title='bbox 707 2766 834 2827; x_wconf 87' lang='lat' dir='ltr'><strong>absente</strong></span> <span class='ocrx_word' id='word_1_239' title='bbox 845 2766 947 2828; x_wconf 84' lang='lat' dir='ltr'><strong>Attalo</strong></span> <span class='ocrx_word' id='word_1_240' title='bbox 959 2772 1083 2829; x_wconf 89' lang='lat' dir='ltr'><strong>creatus</strong></span> <span class='ocrx_word' id='word_1_241' title='bbox 1096 2776 1167 2840; x_wconf 72' lang='lat' dir='ltr'><strong>erat,</strong></span> 
     </span>
     <span class='ocr_line' id='line_1_31' title="bbox 186 2850 1169 2915; baseline -0.005 -1"><span class='ocrx_word' id='word_1_242' title='bbox 186 2858 391 2915; x_wconf 90' lang='lat' dir='ltr'><strong>occurrerunt.</strong></span> <span class='ocrx_word' id='word_1_243' title='bbox 415 2850 569 2913; x_wconf 88' lang='lat' dir='ltr'><strong>habehant</strong></span> <span class='ocrx_word' id='word_1_244' title='bbox 583 2859 612 2911; x_wconf 91' lang='lat' dir='ltr'><strong>el</strong></span> <span class='ocrx_word' id='word_1_245' title='bbox 626 2850 664 2910; x_wconf 89' lang='lat' dir='ltr'><strong>ab</strong></span> <span class='ocrx_word' id='word_1_246' title='bbox 676 2851 778 2912; x_wconf 84' lang='lat' dir='ltr'><strong>Attalo</strong></span> <span class='ocrx_word' id='word_1_247' title='bbox 794 2850 907 2910; x_wconf 85' lang='lat' dir='ltr'><strong>auxilia</strong></span> <span class='ocrx_word' id='word_1_248' title='bbox 922 2865 1030 2912; x_wconf 91' lang='lat' dir='ltr'><strong>secum</strong></span> <span class='ocrx_word' id='word_1_249' title='bbox 1044 2859 1075 2911; x_wconf 93' lang='lat' dir='ltr'><strong>et</strong></span> <span class='ocrx_word' id='word_1_250' title='bbox 1088 2851 1169 2911; x_wconf 90' lang='lat' dir='ltr'><strong>mille</strong></span> 
     </span>
     <span class='ocr_line' id='line_1_32' title="bbox 186 2930 1167 3011; baseline -0.004 -13"><span class='ocrx_word' id='word_1_251' title='bbox 186 2930 280 2999; x_wconf 80' lang='lat' dir='ltr'><strong>terme</strong></span> <span class='ocrx_word' id='word_1_252' title='bbox 295 2953 335 2998; x_wconf 84' lang='lat' dir='ltr'><strong>ex</strong></span> <span class='ocrx_word' id='word_1_253' title='bbox 348 2938 486 2998; x_wconf 86' lang='lat' dir='ltr'><strong>Romana</strong></span> <span class='ocrx_word' id='word_1_254' title='bbox 502 2937 604 2996; x_wconf 90' lang='lat' dir='ltr'><strong>classe</strong></span> <span class='ocrx_word' id='word_1_255' title='bbox 625 2950 643 2994; x_wconf 91' lang='lat' dir='ltr'><strong>a</strong></span> <span class='ocrx_word' id='word_1_256' title='bbox 656 2933 687 2993; x_wconf 90' lang='lat' dir='ltr'><strong>P.</strong></span> <span class='ocrx_word' id='word_1_257' title='bbox 703 2933 839 3011; x_wconf 89' lang='lat' dir='ltr'><strong>Sulpicio</strong></span> <span class='ocrx_word' id='word_1_258' title='bbox 860 2934 985 2995; x_wconf 90' lang='lat' dir='ltr'><strong>missos.</strong></span> <span class='ocrx_word' id='word_1_259' title='bbox 1019 2936 1167 2996; x_wconf 87' lang='lat' dir='ltr'><strong>adversus</strong></span> 
     </span>
     <span class='ocr_line' id='line_1_33' title="bbox 185 3016 1166 3098; baseline -0.006 -14"><span class='ocrx_word' id='word_1_260' title='bbox 185 3023 267 3084; x_wconf 85' lang='lat' dir='ltr'><strong>irunc</strong></span> <span class='ocrx_word' id='word_1_261' title='bbox 293 3022 401 3082; x_wconf 89' lang='lat' dir='ltr'><strong>ducem</strong></span> <span class='ocrx_word' id='word_1_262' title='bbox 428 3029 520 3098; x_wconf 87' lang='lat' dir='ltr'><strong>atque</strong></span> <span class='ocrx_word' id='word_1_263' title='bbox 545 3019 602 3080; x_wconf 92' lang='lat' dir='ltr'><strong>has</strong></span> <span class='ocrx_word' id='word_1_264' title='bbox 629 3018 736 3095; x_wconf 89' lang='lat' dir='ltr'><strong>copias</strong></span> <span class='ocrx_word' id='word_1_265' title='bbox 756 3016 914 3094; x_wconf 90' lang='lat' dir='ltr'><strong>Philippus</strong></span> <span class='ocrx_word' id='word_1_266' title='bbox 938 3018 987 3079; x_wconf 90' lang='lat' dir='ltr'><strong>his</strong></span> <span class='ocrx_word' id='word_1_267' title='bbox 1017 3035 1166 3095; x_wconf 87' lang='lat' dir='ltr'><strong>prospero</strong></span> 
     </span>
     <span class='ocr_line' id='line_1_34' title="bbox 183 3101 1165 3182; baseline -0.006 -14"><span class='ocrx_word' id='word_1_268' title='bbox 183 3114 298 3168; x_wconf 87' lang='lat' dir='ltr'><strong>eventu</strong></span> <span class='ocrx_word' id='word_1_269' title='bbox 311 3106 475 3182; x_wconf 73' lang='lat' dir='ltr'><strong>pugnauit3</strong></span> <span class='ocrx_word' id='word_1_270' title='bbox 495 3104 577 3164; x_wconf 93' lang='lat' dir='ltr'><strong>mille</strong></span> <span class='ocrx_word' id='word_1_271' title='bbox 591 3103 757 3164; x_wconf 90' lang='lat' dir='ltr'><strong>admodum</strong></span> <span class='ocrx_word' id='word_1_272' title='bbox 772 3101 908 3164; x_wconf 88' lang='lat' dir='ltr'><strong>hostium</strong></span> <span class='ocrx_word' id='word_1_273' title='bbox 921 3109 1054 3179; x_wconf 78' lang='lat' dir='ltr'><strong>aruaque</strong></span> <span class='ocrx_word' id='word_1_274' title='bbox 1065 3119 1165 3179; x_wconf 79' lang='lat' dir='ltr'><strong>pugna</strong></span> 
     </span>
     <span class='ocr_line' id='line_1_35' title="bbox 186 3186 1165 3262; baseline -0.005 -11"><span class='ocrx_word' id='word_1_275' title='bbox 186 3191 306 3251; x_wconf 88' lang='lat' dir='ltr'><strong>occidit.</strong></span> <span class='ocrx_word' id='word_1_276' title='bbox 344 3189 416 3249; x_wconf 90' lang='lat' dir='ltr'><strong>inde</strong></span> <span class='ocrx_word' id='word_1_277' title='bbox 440 3205 509 3248; x_wconf 89' lang='lat' dir='ltr'><strong>curn</strong></span> <span class='ocrx_word' id='word_1_278' title='bbox 529 3187 631 3248; x_wconf 87' lang='lat' dir='ltr'><strong>Aetoli</strong></span> <span class='ocrx_word' id='word_1_279' title='bbox 657 3195 739 3248; x_wconf 88' lang='lat' dir='ltr'><strong>matu</strong></span> <span class='ocrx_word' id='word_1_280' title='bbox 763 3187 914 3262; x_wconf 90' lang='lat' dir='ltr'><strong>compulsi</strong></span> <span class='ocrx_word' id='word_1_281' title='bbox 934 3186 1059 3248; x_wconf 90' lang='lat' dir='ltr'><strong>Lamiae</strong></span> <span class='ocrx_word' id='word_1_282' title='bbox 1085 3187 1165 3246; x_wconf 89' lang='lat' dir='ltr'><strong>urhis</strong></span> 
     </span>
     <span class='ocr_line' id='line_1_36' title="bbox 186 3269 1163 3347; baseline -0.004 -14"><span class='ocrx_word' id='word_1_283' title='bbox 186 3272 347 3334; x_wconf 85' lang='lat' dir='ltr'><strong>moenibus</strong></span> <span class='ocrx_word' id='word_1_284' title='bbox 367 3277 504 3332; x_wconf 87' lang='lat' dir='ltr'><strong>tenerent</strong></span> <span class='ocrx_word' id='word_1_285' title='bbox 519 3287 605 3344; x_wconf 89' lang='lat' dir='ltr'><strong>sese,</strong></span> <span class='ocrx_word' id='word_1_286' title='bbox 624 3269 781 3347; x_wconf 88' lang='lat' dir='ltr'><strong>Philippus</strong></span> <span class='ocrx_word' id='word_1_287' title='bbox 798 3272 835 3331; x_wconf 89' lang='lat' dir='ltr'><strong>ad</strong></span> <span class='ocrx_word' id='word_1_288' title='bbox 851 3269 979 3330; x_wconf 88' lang='lat' dir='ltr'><strong>Phalara</strong></span> <span class='ocrx_word' id='word_1_289' title='bbox 1001 3271 1163 3333; x_wconf 89' lang='lat' dir='ltr'><strong>exercitum</strong></span> 
     </span>
     <span class='ocr_line' id='line_1_37' title="bbox 188 3353 1163 3431; baseline -0.003 -17"><span class='ocrx_word' id='word_1_290' title='bbox 188 3356 282 3416; x_wconf 87' lang='lat' dir='ltr'><strong>duxit.</strong></span> <span class='ocrx_word' id='word_1_291' title='bbox 316 3357 346 3414; x_wconf 94' lang='lat' dir='ltr'><strong>in</strong></span> <span class='ocrx_word' id='word_1_292' title='bbox 360 3355 491 3414; x_wconf 88' lang='lat' dir='ltr'><strong>Maliaco</strong></span> <span class='ocrx_word' id='word_1_293' title='bbox 507 3355 577 3414; x_wconf 92' lang='lat' dir='ltr'><strong>siun</strong></span> <span class='ocrx_word' id='word_1_294' title='bbox 591 3353 618 3413; x_wconf 95' lang='lat' dir='ltr'><strong>is</strong></span> <span class='ocrx_word' id='word_1_295' title='bbox 633 3355 720 3414; x_wconf 90' lang='lat' dir='ltr'><strong>locus</strong></span> <span class='ocrx_word' id='word_1_296' title='bbox 737 3361 799 3429; x_wconf 88' lang='lat' dir='ltr'><strong>cst,</strong></span> <span class='ocrx_word' id='word_1_297' title='bbox 823 3354 979 3428; x_wconf 90' lang='lat' dir='ltr'><strong>quondam</strong></span> <span class='ocrx_word' id='word_1_298' title='bbox 995 3355 1163 3431; x_wconf 76' lang='lat' dir='ltr'><strong>frequenter</strong></span> 
     </span>
     <span class='ocr_line' id='line_1_38' title="bbox 187 3437 1163 3513; baseline 0.001 -17"><span class='ocrx_word' id='word_1_299' title='bbox 187 3438 339 3498; x_wconf 87' lang='lat' dir='ltr'><strong>habitatus</strong></span> <span class='ocrx_word' id='word_1_300' title='bbox 354 3443 479 3512; x_wconf 90' lang='lat' dir='ltr'><strong>propter·</strong></span> <span class='ocrx_word' id='word_1_301' title='bbox 496 3437 652 3512; x_wconf 77' lang='lat' dir='ltr'><strong>egregium</strong></span> <span class='ocrx_word' id='word_1_302' title='bbox 667 3444 788 3510; x_wconf 88' lang='lat' dir='ltr'><strong>portum</strong></span> <span class='ocrx_word' id='word_1_303' title='bbox 803 3444 947 3513; x_wconf 86' lang='lat' dir='ltr'><strong>tutasque</strong></span> <span class='ocrx_word' id='word_1_304' title='bbox 962 3439 1045 3498; x_wconf 87' lang='lat' dir='ltr'><strong>circa</strong></span> <span class='ocrx_word' id='word_1_305' title='bbox 1065 3440 1163 3500; x_wconf 83' lang='lat' dir='ltr'><strong>statio-</strong></span> 
     </span>
     <span class='ocr_line' id='line_1_39' title="bbox 189 3517 1163 3599; baseline 0.004 -22"><span class='ocrx_word' id='word_1_306' title='bbox 189 3535 243 3578; x_wconf 86' lang='lat' dir='ltr'><strong>nes</strong></span> <span class='ocrx_word' id='word_1_307' title='bbox 259 3526 288 3578; x_wconf 92' lang='lat' dir='ltr'><strong>et</strong></span> <span class='ocrx_word' id='word_1_308' title='bbox 299 3519 388 3579; x_wconf 90' lang='lat' dir='ltr'><strong>aliam</strong></span> <span class='ocrx_word' id='word_1_309' title='bbox 404 3517 659 3593; x_wconf 88' lang='lat' dir='ltr'><strong>opportunitatem</strong></span> <span class='ocrx_word' id='word_1_310' title='bbox 671 3519 848 3582; x_wconf 87' lang='lat' dir='ltr'><strong>maritimam</strong></span> <span class='ocrx_word' id='word_1_311' title='bbox 861 3529 1106 3599; x_wconf 85' lang='lat' dir='ltr'><strong>terrestremque.</strong></span> <span class='ocrx_word' id='word_1_312' title='bbox 1129 3537 1163 3581; x_wconf 92' lang='lat' dir='ltr'><strong>eo</strong></span> 
     </span>
    </p>
   </div>
   <div class='ocr_carea' id='block_1_5' title="bbox 0 0 1222 3902">
    <p class='ocr_par' dir='ltr' id='par_1_7' title="bbox 0 0 1222 3902">
     <span class='ocr_line' id='line_1_40' title="bbox 0 0 1222 3902; baseline 0 1"><span class='ocrx_word' id='word_1_313' title='bbox 0 0 1222 3902; x_wconf 95' lang='lat' dir='ltr'><strong> </strong></span> 
     </span>
    </p>
   </div>
  </div>
 </body>
</html>
