2466 3900
174 253 176 258 ·
202 211 245 278 40
382 209 500 274 LIBER
512 211 620 272 llxlv.
643 211 725 272 CAP.
740 219 785 274 te.
806 217 843 287 [a.
855 216 890 270 U.
905 231 930 271 a.
942 215 1006 285 539]

203 369 275 442 post
282 364 472 437 cannensem
483 363 611 438 cladem,
622 371 777 438 tamquam
789 378 858 436 cum
866 363 986 425 lortuna
997 361 1094 424 iidem
1105 367 1188 422 stare

203 454 374 526 oporteret,
395 447 437 508 ad
449 445 650 508 Hannibalem
670 445 837 520 descisset,
856 447 1063 522 traxissetque
1078 446 1121 506 ad
1137 446 1187 506 de

203 532 365 594 lectionem
375 532 497 607 Arpos;
520 538 592 606 tum,
607 531 752 607 quoniam
765 547 817 592 res
823 531 962 592 Romana
976 536 1084 590 contm
1098 546 1188 606 spem

202 622 338 692 votaque
351 615 418 676 eius
432 616 518 678 velut
530 621 711 690 resurgeret,
731 615 851 692 turpius
863 616 1002 676 videatur
1011 629 1130 674 novam
1143 629 1188 674 re·

203 699 284 761 ferre
298 698 502 775 proditionem
518 699 647 776 proditis
663 699 750 771 olima
774 700 826 777 qui
841 699 964 761 aliunde
978 705 1037 760 stet
1051 714 1187 775 semper,

202 782 326 844 aliunde
340 784 466 857 sentiat,
488 783 601 846 infidas
617 784 726 860 sociis,
747 799 846 845 vanus
861 783 974 846 hostisz
996 783 1037 844 ad
1050 782 1186 844 Falerio

202 884 270 928 ram
282 867 432 946 Pyrrhive
446 867 633 945 proditorem
647 870 768 930 tertium
787 867 953 944 aanslugls
968 869 1186 930 documentum

202 966 284 1014 esse.
313 959 419 1013 contm
439 968 477 1012 ea
491 952 626 1014 consulis
641 960 729 1029 pater
743 951 857 1015 Fabius
876 960 1049 1029 temporam
1071 950 1185 1014 oblitos

202 1035 344 1098 homines
359 1037 390 1096 in
404 1036 507 1098 medio
522 1035 633 1098 ardore
647 1037 733 1113 belli,
756 1044 911 1112 tamquam
926 1037 956 1096 in
972 1051 1066 1112 pace,
1088 1034 1184 1100 libera

203 1121 243 1182 de
264 1135 389 1197 quoque
408 1120 533 1182 arbitria
554 1136 646 1196 agere
667 1120 783 1193 aiebat,
806 1120 873 1197 qui,
896 1136 964 1182 cum
984 1119 1060 1182 illud
1081 1120 1185 1196 potius

203 1205 358 1281 agendum
371 1211 464 1282 atque
478 1205 672 1280 cogitandum
687 1205 741 1280 sit,
762 1205 790 1266 si
806 1221 868 1282 quo
884 1205 976 1266 modo
992 1203 1058 1264 lieri
1072 1205 1185 1281 possit,

202 1305 241 1350 ae
252 1289 306 1366 qui
316 1289 393 1351 socii
408 1289 699 1367 apopuloRomano
715 1288 899 1365 desciscant,
913 1288 945 1350 id
956 1304 1019 1351 non
1031 1289 1183 1364 cogitent3

203 1375 418 1436 documentum
437 1381 539 1436 autem
560 1374 663 1434 dicant
683 1374 775 1435 statui
796 1380 952 1451 oportere,
976 1373 1003 1434 si
1020 1373 1090 1450 quis
1106 1373 1184 1433 resi-

202 1458 302 1533 piscat
316 1464 347 1521 et
361 1458 516 1534 antiquam
530 1458 707 1518 societatem
721 1458 875 1535 respiciat.
898 1456 983 1534 quod
1001 1456 1027 1518 si
1042 1456 1130 1517 abire
1143 1455 1184 1517 ab

200 1541 348 1604 Romanis
368 1542 473 1614 liceat,
501 1541 603 1601 redire
623 1541 662 1602 ad
692 1557 748 1604 eos
768 1559 830 1604 non
853 1543 956 1616 licem,
986 1541 1035 1602 cai
1056 1539 1184 1602 dubiam

203 1639 291 1699 esse,
314 1624 386 1701 quin
400 1625 487 1686 brevi
501 1625 676 1686 desiderata
691 1627 730 1687 ab
745 1627 840 1687 sociis
854 1627 993 1688 Romana
1006 1640 1058 1686 res
1075 1626 1183 1686 loede-
1224 1659 1225 1692 ,

200 1707 286 1770 ribus
300 1705 421 1770 Punicis
443 1709 545 1770 omnia
564 1709 594 1770 in
608 1711 695 1772 ltalia
714 1711 816 1774 iuncta
829 1711 935 1772 visura
949 1710 1009 1772 sitt
1030 1725 1066 1770 se
1080 1717 1183 1770 tamen

202 1808 263 1853 non
278 1808 348 1853 eum
362 1808 443 1869 esse,
464 1793 516 1870 qui
529 1794 644 1856 Altinio
659 1794 732 1856 tidei
748 1795 912 1872 quicquam
927 1800 1053 1856 censeat
1066 1792 1184 1854 haben-

202 1876 284 1953 dum,
298 1879 355 1938 sed
369 1877 501 1939 mediam
515 1884 749 1940 conseculurum
763 1880 882 1942 consilii
893 1878 984 1940 viam.
1007 1893 1109 1953 neque
1124 1893 1183 1954 pro

200 1960 291 2024 laosle
304 1977 405 2039 neque
416 1979 472 2039 pro
485 1963 571 2024 socio
586 1963 803 2038 inpraesentia
816 1963 951 2024 habitum
965 1962 1063 2024 libera
1076 1970 1183 2024 custo-

201 2045 253 2107 dia
272 2044 355 2108 haud
377 2047 517 2123 procula
537 2047 647 2108 castris
668 2048 791 2123 placere
805 2047 836 2110 in
858 2047 960 2122 aliqua
974 2047 1038 2108 lida
1059 2046 1183 2128 civitate

201 2146 271 2192 eum
285 2131 403 2192 servari
417 2147 475 2208 per
487 2129 559 2192 belli
579 2138 715 2208 tempus=
737 2139 911 2209 perpetrato
925 2130 1007 2192 bello
1022 2137 1084 2192 tum
1107 2146 1182 2192 con-

200 2215 382 2290 sultandum,
398 2222 498 2278 utrum
509 2217 593 2292 prior
603 2215 734 2277 deiectio
747 2216 816 2292 plus
830 2215 938 2278 merita
952 2216 992 2277 sit
1005 2231 1126 2292 poenae
1140 2231 1181 2274 an

199 2298 249 2359 hic
262 2300 378 2363 reditas
392 2300 511 2361 veniae.
542 2298 636 2361 Fabio
652 2299 818 2362 adsensum
833 2307 889 2376 est,
912 2299 1091 2376 catenisque
1106 2299 1182 2376 liga-

198 2389 249 2444 tus
263 2383 391 2445 traditus
406 2391 436 2445 et
450 2385 519 2460 ipse
533 2390 563 2446 el
573 2383 716 2457 comites;
731 2391 761 2446 et
775 2384 840 2446 auri
854 2385 930 2446 satis
944 2400 1087 2462 magnum
1103 2399 1182 2461 pon·

199 2465 268 2542 dus,
284 2467 368 2543 quod
379 2483 484 2528 sccum
495 2474 558 2530 tum
573 2469 721 2545 attulerat,
735 2469 763 2531 ei
775 2468 891 2530 servari
905 2469 1033 2530 iussum.
1057 2467 1180 2528 Calibus

199 2565 269 2610 eum
290 2551 419 2611 interdiu
434 2552 566 2612 solutum
580 2553 726 2615 custodes
746 2552 967 2630 sequebantur,
990 2559 1081 2614 nocte
1097 2553 1181 2612 clau-

199 2649 267 2693 sum
288 2634 503 2695 adservabant.
534 2636 628 2711 Arpis
643 2637 728 2698 domi
747 2637 877 2715 primum
899 2637 1068 2698 desiderari
1085 2652 1180 2712 quae-
1222 2677 1223 2690 ,

198 2717 287 2793 rique
306 2725 354 2779 est
374 2727 519 2795 coeptus;
546 2720 618 2781 dein
639 2721 720 2782 lama
740 2737 796 2799 per
816 2727 907 2782 totam
927 2722 1034 2782 urbem
1055 2721 1181 2797 vulgata
1215 2733 1223 2762 ¹

199 2802 357 2863 tumultun
370 2809 404 2864 ut
417 2803 556 2880 principe
569 2804 684 2867 amisso
700 2806 786 2878 lecit3
808 2811 953 2879 metuque
966 2821 1067 2866 rerum
1082 2819 1181 2866 nova·
1222 2831 1223 2872 ;

198 2901 265 2946 rum
286 2887 438 2962 externplo
453 2889 548 2951 nuntii
560 2888 657 2950 missi.
691 2890 802 2966 quibus
822 2904 1016 2965 nequaquam
1038 2887 1179 2950 ollensus

197 2968 327 3045 Poenus,
345 2973 416 3048 quia
430 2979 460 3034 et
473 2974 574 3052 ipsum
587 2980 622 3035 ut
635 2975 795 3052 ambiguae
806 2973 878 3036 lidei
888 2973 987 3035 virum
997 2981 1179 3050 suspectum

198 3052 258 3114 iam
273 3056 391 3130 pridem
405 3055 552 3135 habebat,
570 3065 738 3120 etecusam
754 3065 861 3120 nactus
876 3064 940 3118 erat
954 3065 1014 3118 tam
1029 3057 1103 3118 ditis
1120 3052 1178 3118 lio·

197 3137 287 3200 minis
303 3140 384 3202 bona
397 3143 579 3218 possidendi
593 3142 825 3219 vendendiquea
840 3147 972 3204 ceterum
987 3148 1020 3203 ut
1032 3142 1099 3202 irae
1114 3158 1174 3202 ma-

197 3223 245 3300 gis
258 3241 349 3300 quam
361 3226 507 3288 avaritiae
518 3228 621 3288 datum
632 3227 791 3288 crederent
800 3224 950 3303 homines,
966 3224 1177 3288 crudelitatem

198 3323 322 3386 quoque
335 3310 474 3387 gravitati
491 3310 623 3386 addidit,
645 3310 867 3387 coniugemque
881 3311 947 3372 eius
962 3325 999 3373 ac
1013 3308 1130 3376 liberos
1145 3310 1176 3370 in

198 3397 298 3453 casim
313 3393 436 3468 accitos,
454 3395 632 3471 quaestione
646 3394 731 3473 prius
745 3393 849 3456 habita
862 3400 892 3454 et
904 3395 1034 3471 primum
1049 3395 1177 3471 deiuge
