2434 3902
234 250 349 312 LIBER
359 251 493 316 XXVIII.
516 252 636 314 cepe.
660 259 743 328 [oc.
757 257 820 324 eat]
950 251 1017 317 225

40 407 221 468 sustulerant
233 405 313 465 enim
328 405 448 467 animos
461 405 562 467 Aetoli
578 421 647 466 cum
662 406 701 466 ab
712 407 851 468 Romane
866 407 1014 472 sociate

39 497 95 550 turo
115 495 187 565 poet
201 489 294 550 Attali
309 489 489 563 adventum,
510 489 722 567 finitimosque
732 491 1010 568 depopulabantur.

40 588 91 634 nee
101 575 277 633 Acarnanes
292 575 394 635 solum
403 572 586 650 Boeotiique
599 582 631 635 et
645 566 865 651 quiliniocam
875 576 1013 638 incolunt

40 660 66 718 in
83 671 190 732 aeguo
212 663 297 720 metu
315 663 420 733 erent,
437 657 496 718 sed
511 658 628 720 Achaei
650 675 792 736 queque,
816 675 896 736 quos
911 669 1013 738 'super
1045 685 1049 694 ²

41 742 201 802 Aetnaeum
219 741 333 803 trellum
351 741 557 802 Machanidae
573 743 662 804 worn
681 743 945 806 Lacedaemoniae
963 752 1012 823 ty·

41 838 148 886 rannac
163 824 249 886 haud
266 827 375 901 praem
388 826 579 900 Argiuorum·
589 826 652 886 line
665 827 779 904 poeitto
793 828 904 889 cuculo
917 836 1011 890 terre·

41 911 93 969 bot
119 909 150 969 hi
165 924 277 971 umores
290 910 359 970 uuio
375 909 664 986 adaquametiam,
687 925 767 987 <puae
782 911 921 987 pertracto
932 920 1011 974 terra

42 994 171 1070 naneae
182 994 459 1070 portendebantur,
479 994 812 1056 mommmteeauuiia
824 1009 928 1070 regem
944 1011 1012 1058 ora·

42 1078 112 1137 bant
133 1093 176 1137 ne:
187 1093 228 1139 ex
242 1090 338 1154 regno
355 1077 480 1154 quidem
493 1079 592 1155 ipsius
606 1079 1013 1156 umquddaenunttobaoen

44 1177 99 1221 res=
118 1169 152 1222 et
162 1161 396 1222 Scerdilaedum
408 1162 762 1240 elemotunrpuemotoe
774 1177 860 1239 esee,
876 1169 909 1224 et
919 1164 1012 1224 Thra-

44 1259 102 1305 cam
114 1247 249 1306 menime
261 1246 401 1322 medua
424 1247 450 1307 si
466 1249 550 1322 quod
566 1248 766 1325 longinquam
779 1247 1011 1324 tellumonem

44 1338 231 1406 occupasset,
262 1332 405 1406 poeninae
430 1331 630 1395 MacedonIee
659 1333 848 1394 iuomarroe.
889 1331 1011 1394 Boeotii

44 1414 153 1488 quidem
180 1421 213 1475 et
238 1415 402 1476 Interioree
429 1416 575 1476 (luceriae
603 1416 710 1493 populi
737 1417 1011 1496 ittermopylarnm

45 1497 144 1575 saltas,
170 1499 229 1560 ulti
240 1507 394 1574 argentae
405 1501 513 1561 lauces
527 1507 665 1562 coemunt
678 1501 752 1576 iter,
765 1501 852 1562 iosea
867 1501 1011 1576 valloque

45 1581 187 1644 interatum
209 1584 250 1643 ab
264 1584 385 1646 Aetolia
403 1585 595 1660 renuebant,
616 1599 656 1646 ne
676 1584 838 1648 transitum
854 1585 895 1645 ad
910 1585 1010 1646 cocio·

45 1681 102 1726 nam
118 1667 216 1729 tabee
230 1669 365 1729 mendae
376 1667 519 1744 Philippa:
539 1670 659 1730 darent
690 1671 739 1729 vel
760 1685 885 1746 segnem
901 1670 1011 1730 ducem

46 1756 82 1810 tot
98 1750 234 1812 mettere·
243 1754 390 1816 marullus
408 1752 583 1814 circumlusi
599 1759 749 1830 poterant
782 1753 952 1828 legationes
966 1753 1010 1814 di·

46 1833 119 1894 mittit
132 1837 299 1911 pollicitae,
316 1841 542 1913 prouttenpus
557 1854 594 1898 ae
609 1855 657 1898 res
673 1837 794 1912 domet
812 1837 952 1898 omniurn
968 1838 1010 1896 le-

47 1924 131 1978 turum
150 1935 188 1980 m
199 1921 362 1982 audium
386 1921 621 1996 inpraesentia
643 1935 724 1997 quae
737 1921 870 1980 maxime
883 1920 1010 1995 urgebat

48 2015 101 2076 reo,
123 2003 326 2078 Peparethum
353 2003 540 2080 praesidium
558 2005 628 2066 urbi
646 2004 748 2077 nictit,
773 2003 856 2065 unde
878 2004 1010 2064 adlatum

47 2093 100 2145 erat
111 2088 246 2150 attalum
265 2088 303 2148 ab
317 2089 434 2148 Lemno
449 2091 549 2150 classe
563 2088 745 2149 aeosntseo
760 2101 880 2148 omnem
892 2087 1008 2148 circum

47 2168 139 2230 arbem
159 2187 267 2248 egnum
293 2173 524 2248 depopulatum.
558 2173 780 2252 Polyphontem
801 2185 872 2231 cum
889 2171 1014 2233 medice·

48 2267 125 2313 nonu
142 2255 173 2315 itt
192 2255 369 2330 Boeotiam,
389 2255 568 2333 Menippum
588 2258 660 2318 item
681 2255 895 2332 quendam‘ex
915 2254 1008 2330 regiis

50 2335 164 2400 lucibuo
176 2353 245 2401 oum
259 2341 340 2400 mille
355 2341 476 2415 peltatis
491 2373 529 2388 -
541 2342 625 2417 pelta
639 2339 836 2401 edraehoud
853 2339 1010 2400 dlsoinllis

49 2427 135 2480 estu-
149 2423 324 2486 chalcidem
349 2423 452 2486 mittite
485 2425 581 2486 additi
601 2423 761 2500 pungere
772 2421 955 2498 Agrianum,
979 2429 1011 2482 ut

49 2519 139 2568 omnes
153 2509 272 2570 Insulae
283 2514 387 2584 partes
398 2509 476 2570 tueri
488 2516 605 2584 posset.
627 2510 695 2586 ipae
706 2507 868 2570 Scotusam
879 2515 927 2568 est
937 2521 1010 2584 pro·

48 2587 147 2666 ieetuo,
166 2593 340 2668 eodemque
360 2593 401 2652 ab
418 2593 526 2654 Larisa
541 2593 744 2654 Macedonum
766 2591 872 2668 copias
892 2590 1010 2652 traduci

49 2669 131 2735 Iussit.
163 2691 200 2738 eo
214 2677 385 2738 nuatmtem
399 2685 448 2738 cst
461 2678 623 2738 concilium
637 2676 758 2737 Aetolis
772 2676 951 2737 Heracleam
965 2673 1010 2734 in·

49 2754 161 2834 dicium,
180 2774 350 2837 regemque
368 2761 502 2822 Attalum
522 2761 563 2821 ad
584 2761 817 2823 consultandum
832 2759 872 2820 de
891 2775 1010 2821 samma

49 2837 108 2900 belli
120 2851 287 2906 venturum.
309 2845 389 2906 dune
405 2851 576 2906 corrumdam
592 2853 630 2906 et·
640 2847 774 2906 oreore
788 2845 882 2905 cudite
892 2843 1010 2920 magnis

50 2919 190 2990 itineribus
205 2929 385 2989 Heracleam
406 2929 502 2990 duxit.
538 2936 569 2990 et
589 2929 720 2990 coneilio
742 2928 865 3005 quidem
880 2928 1009 2988 dimisso

50 3003 100 3066 lem
123 3013 217 3073 venite
253 3013 411 3088 segetibus
437 3022 554 3088 tamen,
583 3029 664 3090 patae
687 3027 785 3089 prope
804 3012 1009 3073 maturitatem

51 3097 288 3170 erano-maxime
304 3097 335 3155 in
350 3097 420 3158 oinu
433 3097 605 3158 Aenianum
620 3097 766 3158 evastatis
782 3094 944 3156 Scotusam
960 3110 1010 3154 oo·

52 3173 107 3244 oles
125 3180 247 3242 reducit.
279 3179 320 3241 ibi
335 3181 471 3242 exercitu
486 3180 568 3243 omni
580 3183 685 3243 relicto
703 3197 772 3242 eum
786 3179 913 3242 cohorte
926 3177 1012 3253 regia

51 3254 256 3326 Demetriadem
270 3281 342 3326 sese
356 3265 574 3342 acceptanda
589 3272 622 3328 ut
632 3266 670 3326 ad
684 3279 792 3327 omnes
803 3263 935 3324 hostiurn
945 3275 1010 3322 mo-

53 3343 91 3400 tus
104 3355 206 3418 posset
219 3364 397 3428 occurere,
413 3350 443 3409 tn
457 3349 622 3410 Ploooldem
636 3356 729 3425 etque
741 3347 899 3408 Euboeam
913 3352 943 3406 el
956 3345 1011 3404 Pe·

54 3429 192 3495 lirethum
211 3434 299 3495 mittit
322 3435 375 3509 qui
395 3437 464 3495 toea
484 3435 545 3494 alto
559 3435 719 3509 edgorem,
740 3431 822 3491 unde
836 3429 908 3490 editi
923 3429 1012 3504 ignes

54 3520 231 3589 illaiamne
265 3520 335 3593 ipse
359 3518 389 3578 in
409 3519 675 3579 Tisaeo-mons
699 3514 797 3574 estin
823 3512 1012 3574 altitudinem

85 3609 107 3651 I.
125 3612 182 3658 artu
201 3619 277 3662 nans
300 3601 349 3661 IlI.
450 3656 453 3674 ,
766 3606 798 3656 15
