2448 3900
266 253 382 314 LIBER
392 252 496 312 XXIX.
519 252 601 312 CAP.
615 257 656 315 19.
669 261 712 313 20.
737 258 772 325 [a.
787 257 818 310 c.
830 259 893 325 204]
1000 251 1061 320 301

78 407 218 470 Siciliam
238 405 456 482 transportar13
481 412 625 482 quattuor
640 405 783 468 cohortes
799 409 952 470 sociorum
967 411 1063 474 Latini

77 490 214 552 nominis
235 490 266 549 in
287 490 476 566 praesidium
490 489 607 552 Locros
629 491 751 551 adduci.
786 493 945 569 perrogari
960 511 997 558 eo
1013 497 1064 557 die

77 575 254 635 sentcntiae
268 574 410 635 accensis
426 573 536 635 studiis
552 591 609 650 pro
625 572 772 651 Scipione
786 583 817 637 et
832 578 982 640 adversus
997 579 1063 640 Sci·

76 657 206 734 pionem
230 672 293 718 non
319 666 456 734 potuere.
493 664 615 734 praeter
634 657 770 719 Pleminii
792 661 911 722 lacinus
930 662 1062 724 Locren-

77 743 225 818 siumque
247 742 365 802 cladem
385 743 485 818 ipsius
507 741 596 803 etiam
622 741 815 818 imperatoris
829 762 892 807 non
905 747 1063 809 Romanus

76 827 174 888 modo
191 827 248 887 sed
262 842 301 886 ne
315 825 452 888 militaris
468 826 591 902 quidem
602 827 701 888 cultus
712 827 895 890 iactabatur:
918 846 987 893 cum
998 834 1061 908 pal·

76 911 121 972 lio
139 911 337 987 crepidisque
353 911 542 972 inambulare
557 911 588 970 in
604 912 782 990 gymnasio,
798 911 909 973 libellis
923 929 993 975 eum
1009 931 1062 991 pa·

76 995 276 1071 laestraeque
291 1010 417 1070 operam
432 995 523 1066 dare;
545 1010 645 1071 aeque
659 997 794 1071 segniter
810 997 941 1057 molliter
954 999 1063 1060 cohor·

77 1087 143 1140 tem
156 1085 251 1142 totam
265 1076 492 1158 Syracusarum
507 1079 689 1154 amoenitate
703 1080 777 1151 irui3
794 1079 1004 1156 Carthaginem
1019 1091 1063 1144 at·

27 1163 35 1172 '
77 1179 144 1238 que
152 1163 353 1224 Hannibalem
368 1163 523 1224 excidisse
536 1163 574 1223 de
585 1164 748 1234 memoria;
764 1165 931 1226 exercitum
943 1182 1063 1227 omnem

78 1248 205 1310 licentia
230 1255 423 1324 corruptum,
453 1247 553 1323 qualis
580 1245 718 1308 Sucrone
737 1249 769 1307 in
788 1248 939 1326 Hispania
964 1251 1062 1326 luerit,

80 1333 183 1406 qualis
197 1348 279 1393 nunc
293 1332 409 1406 Locris,
431 1331 525 1392 sociis
540 1331 639 1406 magis
656 1349 747 1406 quam
761 1332 843 1393 hosti
857 1334 1061 1395 metuendum.

77 1415 144 1476 XX.
167 1416 244 1476 hacc
260 1431 446 1494 quamquam
460 1415 570 1491 partim
584 1430 659 1476 vera
674 1417 782 1491 partim
799 1417 893 1479 mixta
907 1433 1007 1495 eoque
1022 1419 1062 1480 si·

80 1499 165 1560 milia
184 1500 266 1561 veris
289 1501 494 1576 iactabantur,
518 1507 617 1562 tamen
637 1499 711 1561 vicit
725 1499 758 1574 Q.
773 1499 885 1562 Metelli
904 1503 1062 1578 sententia,

81 1584 135 1660 qui
156 1585 195 1644 de
216 1585 327 1646 ceteris
341 1584 475 1646 Maximo
496 1585 650 1646 adsensus
666 1584 705 1644 de
720 1583 875 1660 Scipionis
892 1602 987 1647 causa
1000 1586 1062 1647 dis-

82 1667 194 1729 sensit:
219 1669 271 1744 qui
286 1669 367 1729 eninr
382 1669 561 1743 convenire,
584 1683 675 1744 quem
689 1669 781 1730 modo
798 1669 905 1731 civitas
920 1671 1062 1732 iuvenem

81 1752 247 1814 admodum
257 1753 490 1828 recuperandae
500 1751 667 1828 Hispaniae
679 1753 827 1828 delegerit
837 1754 954 1826 ducem,
972 1771 1061 1830 quem

78 1843 206 1912 recepta
234 1836 272 1896 ab
296 1837 439 1898 hostibus
464 1836 614 1910 Hispania
639 1836 677 1896 ad
704 1837 921 1912 imponendum
948 1839 1061 1900 Punico

78 1918 161 1981 bello
177 1920 270 1980 finem
285 1922 434 1982 creaverit
449 1923 621 1994 consulem,
644 1935 702 1994 spe
717 1920 915 1981 destinaverit
927 1921 1062 1982 Africam

78 2005 296 2079 subacturum,
315 2004 518 2065 Hannibalem
532 2019 572 2063 ex
587 2002 673 2063 ltalia
688 2003 910 2079 detracturum,
931 2019 1000 2065 eum
1014 2021 1060 2064 re-

75 2095 174 2164 pente
188 2096 343 2164 tamquam
360 2087 393 2164 Q.
408 2087 603 2158 Pleminium,
626 2085 740 2148 indicta
755 2102 850 2148 causa
864 2103 963 2163 prope
978 2089 1061 2148 dam-

76 2178 193 2247 natum,
209 2189 249 2232 ex
263 2173 425 2249 provincia
438 2171 586 2244 revocari,
610 2186 740 2243 cumea,
758 2171 880 2246 quaein
896 2187 931 2231 se
947 2173 1062 2232 nelarie

75 2259 162 2318 tacta
181 2256 354 2318 Locrenses
377 2261 591 2332 quererentur,
613 2271 652 2314 ne
674 2261 837 2329 praesente
858 2253 981 2330 quidem
997 2254 1061 2315 Sci·

77 2343 174 2416 pione
192 2341 274 2402 iacta
288 2342 438 2415 dicerent,
460 2355 563 2416 neque
577 2338 661 2400 aliud
677 2355 768 2413 quam
781 2337 927 2413 patientia
942 2347 992 2400 aut
1008 2355 1061 2413 pu·

76 2426 154 2496 dor,
181 2425 266 2499 quod
290 2427 390 2500 legato
419 2424 625 2500 pepercisset,
655 2421 824 2482 insimulari
848 2427 976 2497 possett
1005 2422 1062 2482 sibi

77 2509 205 2585 placere
218 2509 259 2568 Μ.
274 2507 475 2584 Pomponium
496 2513 684 2583 praetorem,
712 2506 761 2566 cui
782 2505 885 2567 Sicilia
906 2506 1063 2581 provincia

77 2591 157 2653 sorti
177 2593 329 2667 venisset,
352 2593 453 2654 triduo
474 2591 615 2668 proximo
637 2589 667 2648 in
686 2590 875 2664 provinciam
890 2581 1062 2666 proficisci3
1087 2596 1089 2600 '

77 2676 226 2737 consules
242 2677 350 2737 decem
364 2679 498 2752 legatos,
515 2690 593 2750 quos
608 2675 647 2735 iis
660 2673 830 2749 videretur,
845 2689 884 2734 ex
899 2681 1008 2736 senatu
1021 2676 1062 2734 le-

76 2775 171 2835 gere,
186 2775 266 2836 quos
283 2776 350 2820 cum
366 2766 509 2835 praetore
522 2759 689 2834 mitterent,
706 2765 736 2817 et
749 2761 828 2820 duos
845 2759 983 2820 tribunos
1000 2761 1062 2835 plc-

76 2844 130 2904 bei
151 2850 243 2920 atque
271 2844 417 2914 aedilem;
454 2860 523 2904 cum
544 2859 581 2904 eo
605 2842 733 2903 consilio
757 2851 929 2919 praetorem
950 2859 1063 2918 cogno·

76 2943 185 2997 scere;
208 2928 235 2988 si
250 2943 296 3003 ea,
310 2943 390 3002 quae
403 2928 576 2990 Locrenses
591 2927 894 3003 iactaquererentur,
910 2928 998 2988 iussu
1013 2932 1066 2988 aut

76 3013 239 3073 voluntate
251 3011 284 3070 Ρ.
302 3011 455 3086 Scipionis
478 3012 558 3073 iacta
579 3016 698 3086 essent,
720 3017 753 3071 ut
768 3027 837 3073 eum
853 3013 892 3072 de
907 3010 1064 3086 provincia

77 3096 234 3156 decedere
255 3094 411 3166 iuberent;
435 3094 462 3156 si
475 3096 508 3155 P.
527 3095 632 3171 Scipio
653 3096 712 3156 iam
733 3096 763 3155 in
777 3096 914 3154 Africam
928 3093 1063 3154 traiecis-

78 3186 136 3255 set,
155 3179 380 3254 tribuniplebis
397 3186 488 3255 atque
503 3180 610 3240 aedilis
627 3195 696 3240 cum
711 3178 833 3239 duobus
849 3178 966 3254 legatis,
984 3193 1063 3254 quos

76 3264 211 3326 maxime
225 3264 355 3324 idoneos
368 3271 490 3341 praetor
503 3264 684 3338 censuisset,
696 3263 727 3322 in
737 3263 874 3322 Africam
885 3263 1063 3338 proticisce-

77 3353 192 3422 rentur,
215 3346 328 3409 tribuni
343 3355 435 3424 atquc
450 3348 573 3419 aedilis,
597 3348 649 3422 qui
662 3348 846 3407 reducerent
859 3347 930 3412 inde
945 3345 1062 3422 Scipio·

78 3447 159 3505 nem,
176 3433 277 3508 legati,
297 3433 349 3508 qui
364 3433 510 3492 exercitui
525 3437 719 3510 praeessent,
739 3431 838 3491 donec
853 3447 953 3492 novus
968 3431 1063 3507 impe·

79 3521 164 3577 rator
189 3517 319 3578 adeum
347 3515 514 3576 exercitum
537 3515 688 3584 venisset;
717 3515 744 3575 si
764 3513 803 3574 Μ.
828 3515 1013 3590 Pomponius
1035 3521 1063 3574 et
