2448 3900
188 137 251 204 282
348 137 462 198 LtBlllt
475 136 581 198 xxix.
604 136 687 198 cni).
701 145 728 199 a.
742 145 770 200 a.
791 138 829 217 [a
844 141 879 196 υ.
894 160 919 196 0.
934 141 1000 208 stt]

189 288 326 352 turbatos
340 286 474 348 hostium
489 287 613 349 ordines
628 295 659 348 et
671 288 907 364 trepidationem
916 301 1144 364 pavoremque
1158 293 1185 348 et

190 372 368 436 fluctuantia
381 371 523 432 viderunt
537 373 634 448 signa,
656 371 815 432 bortantur
828 377 918 435 orant
932 371 1070 446 milites,
1095 379 1132 431 ut
1145 371 1185 428 in—

189 465 269 519 stent
282 455 454 532 perculsis,
476 471 538 518 neu
551 454 670 516 restitui
691 454 789 516 aciem
810 455 976 532 patiantur.
1010 469 1080 514 non
1097 455 1185 515 susti-

189 541 330 602 nuissent
349 547 411 598 tam
431 539 575 600 infestum
594 539 742 615 impetum
755 537 893 615 barbari,
915 539 948 598 ni
963 539 1105 614 regulus
1123 538 1186 615 ipse

189 623 334 685 indebilis
347 639 415 684 cum
431 623 584 700 equitibus
600 624 641 684 ad
653 624 750 699 pedes
763 623 920 700 degressis
936 624 1135 700 anteprima
1150 624 1184 681 si-

188 724 249 785 gna
268 707 406 783 peditum
427 723 463 767 se
485 706 661 769 obiecisset.
694 708 736 767 ibi
758 708 946 783 aliquamdiu
968 714 1067 768 atrox
1082 722 1185 782 pugna

189 791 279 853 stetit
309 791 432 851 tandem
446 798 613 868 postquam
633 792 669 867 ii,
693 791 745 868 qui
760 791 842 852 circa
861 807 967 867 regem
988 790 1185 886 semineccrq

191 881 365 950 restantem,
385 874 498 936 deinde
513 876 576 951 pilo
592 882 692 936 terrae
708 876 844 936 adfixum
858 875 1061 952 pugnabant,
1088 873 1184 935 obruti

189 959 257 1022 telis
280 959 503 1034 occubuerunt,
524 966 587 1020 tum
603 960 675 1035 iuga
689 960 808 1036 passim
828 965 939 1037 coepta
953 960 1069 1036 plures
1095 961 1183 1033 caesi,

190 1045 262 1121 quia
276 1059 374 1121 equos
390 1043 620 1106 conscendendi
635 1043 790 1118 equitibus
801 1043 933 1120 spatium
947 1060 1015 1105 non
1028 1045 1145 1118 suerat
1160 1051 1182 1102 et

190 1129 261 1204 quia
276 1128 426 1205 perculsis
448 1128 558 1189 acriter
577 1127 749 1188 institerunt
762 1127 901 1189 Rormni.
933 1143 991 1188 nec
1016 1134 1096 1188 ante
1118 1127 1181 1186 abs-

189 1229 312 1274 cessum
331 1219 380 1272 est
393 1227 486 1288 quam
508 1211 617 1272 castris
639 1227 762 1288 quoque
783 1219 932 1273 exuemnt
952 1212 1095 1273 hostem.
1131 1218 1177 1271 tre

189 1297 289 1358 decim
310 1297 391 1356 milia
412 1295 619 1371 Hispanorum
641 1311 734 1357 caesa
753 1311 791 1356 eo
812 1296 878 1369 die,
906 1295 989 1356 mille
1012 1296 1179 1370 octingenti

190 1381 285 1441 ierme
300 1381 390 1455 capti.
411 1382 620 1441 Romanorum
635 1379 851 1456 sociorumque
861 1379 955 1456 paulo
971 1381 1115 1457 amplius
1131 1381 1179 1439 dn·

189 1464 286 1544 cena,
307 1464 439 1524 maxime
460 1465 490 1523 in
505 1465 595 1524 laevo
611 1479 722 1538 cornu,
745 1463 928 1524 ceciderunt
965 1465 1051 1540 pulsi
1070 1466 1178 1524 castris

188 1548 318 1624 Hispani
339 1556 390 1609 aut
412 1548 463 1622 qui
484 1564 524 1609 ex
546 1549 663 1625 proelio
684 1547 854 1624 effugerant
874 1550 975 1624 sparsi
997 1549 1106 1624 primo
1126 1565 1178 1624 per

189 1646 291 1707 agros,
308 1631 420 1692 deinde
433 1631 465 1690 in
480 1649 554 1694 suas
566 1633 699 1710 quisque
710 1633 848 1694 civitates
858 1633 1024 1694 redierunt.
1047 1634 1105 1692 ΙΙΙ.
1120 1640 1176 1693 tum

188 1732 208 1775 a
221 1714 387 1774 Mandonio
409 1717 529 1776 evocati
543 1718 572 1776 in
588 1718 751 1780 concilium
765 1718 988 1794 conquestique
1000 1717 1054 1777 -ibi
1072 1717 1176 1778 clades

189 1815 278 1872 suas,
312 1798 469 1875 increpitis
495 1801 670 1863 auctoribus
689 1798 777 1877 belli,
810 1803 927 1878 legatos
949 1802 1121 1862 mittendos
1141 1801 1175 1860 ad

189 1898 274 1944 arma
294 1884 443 1944 tradenda
464 1884 713 1961 deditionemque
728 1885 900 1946 faciendam
914 1900 1078 1946 censuere.
1114 1885 1175 1961 qui·

189 1965 246 2027 bus
263 1968 383 2044 culpam
397 1968 428 2028 in
450 1975 606 2030 auctorem
619 1970 690 2031 belli
704 1969 871 2030 Indebilem
893 1976 1082 2045 ceterosque
1096 1970 1165 2045 prin

188 2051 283 2128 cipes,
299 2068 429 2128 quorum
443 2053 584 2129 plerique
598 2054 629 2114 in
643 2054 710 2114 acie
725 2054 918 2128 cecidissent,
934 2054 1174 2127 conterentibus,

188 2136 440 2212 tradentibusque
455 2153 539 2198 arma
552 2145 584 2198 et
594 2138 777 2199 dedentibus
792 2153 865 2199 seso
877 2153 1068 2214 responsum
1084 2145 1134 2198 est
1148 2139 1175 2197 in

188 2219 374 2281 deditionem
389 2221 431 2281 ita
445 2223 544 2298 accipi
560 2238 630 2297 eos,
651 2223 678 2282 si
692 2222 888 2283 Mandonium
903 2225 1092 2299 ceterosque
1106 2221 1175 2282 belli

188 2303 360 2365 concitores
381 2305 579 2367 tradidissent
593 2307 698 2368 vivos:
725 2307 753 2368 si
768 2308 883 2382 minus,
905 2307 1076 2368 exercitum
1092 2322 1129 2366 se
1148 2307 1174 2366 in

188 2403 293 2462 agrum
318 2388 481 2464 Ilergetum
501 2391 790 2468 Ausetanorumque
815 2397 846 2451 et
869 2389 1019 2466 deinceps
1043 2391 1174 2452 aliorum

187 2473 372 2547 populorum
388 2473 544 2535 ducturos.
581 2475 659 2534 haec
674 2475 755 2535 dicta
769 2475 877 2550 legatis
889 2476 1132 2552 renuntiataque
1145 2475 1172 2534 in

189 2555 358 2616 concilium.
399 2556 440 2618 ibi
459 2557 644 2619 Mandonius
671 2558 826 2636 ceterique
850 2558 1007 2634 principes
1033 2575 1172 2635 compre·

186 2636 275 2700 hensi
290 2645 321 2698 et
334 2639 434 2699 traditi
455 2640 495 2699 ad
510 2642 703 2718 supplicium.
734 2643 900 2719 Hispaniae
914 2644 1039 2720 populis
1053 2644 1172 2704 reddita

188 2736 264 2794 pax=
281 2721 466 2796 stipendium
481 2723 549 2785 eius
564 2727 634 2785 anni
646 2727 761 2802 duplex
775 2733 806 2788 et
819 2728 1002 2787 trumentum
1018 2743 1077 2788 sex
1091 2743 1170 2786 men·

186 2819 256 2863 saun
270 2804 450 2881 imperatum
465 2823 604 2885 sagaque
619 2810 649 2869 et
662 2817 752 2885 togae
767 2810 929 2881 exercitum
946 2819 976 2870 et
991 2811 1121 2873 obsides
1137 2811 1169 2870 ab

186 2887 308 2964 triginta
322 2889 416 2949 ferme
430 2891 554 2967 populis
569 2894 697 2969 accepti.

270 2974 315 3034 Ita
328 2972 495 3049 Hispaniae
515 2977 690 3038 rebellantis
711 2979 840 3039 tumultu
858 2978 942 3039 haud
962 2994 1076 3054 magno
1091 2987 1168 3039 motu

189 3057 267 3118 intra
280 3071 399 3133 paucos
414 3058 481 3119 dies
497 3061 617 3122 concito
633 3066 664 3121 et
677 3077 858 3137 compresso
873 3062 904 3122 in
919 3063 1057 3122 Africam
1073 3063 1165 3122 omnis

185 3147 283 3201 terror
296 3157 416 3202 versus.
441 3143 471 3203 C.
484 3143 605 3205 Laelius
621 3151 711 3206 nocte
725 3146 766 3205 ad
779 3147 954 3223 Hipponem
968 3147 1090 3222 regium
1106 3162 1165 3208 cum

186 3224 381 3298 accessisset,
403 3227 470 3286 luce
486 3228 583 3302 prima
597 3227 637 3287 ad
651 3230 863 3304 populandum
879 3242 985 3306 agrum
1000 3231 1060 3292 sub
1076 3231 1164 3306 signis

185 3305 295 3366 milites
311 3307 478 3383 sociosque
492 3311 618 3370 navales
633 3310 728 3371 duxit.
758 3312 899 3374 omnibus
914 3314 1001 3390 pacis
1018 3315 1113 3374 modo
1126 3315 1163 3373 in·

189 3389 308 3448 curiose
329 3390 489 3464 agentibus
504 3407 615 3466 magna
635 3394 740 3456 clades
762 3396 858 3468 illata;
881 3397 1041 3472 nuntiique
1059 3395 1162 3474 trepidi
