2434 3902
186 231 248 296 ιιι
325 229 438 292 ornan
452 229 573 290 xxvn.
596 229 679 289 cnr.
695 235 739 291 rr.
756 235 800 290 aa.
824 233 860 301 p.
875 233 911 286 o.
928 249 953 286 ι.
969 233 1035 300 aar]

270 381 382 445 Multos
397 381 479 443 circu
491 395 582 441 unam
596 394 660 439 rem
675 377 808 438 ambitus
824 378 960 452 fecerim,
983 378 1020 452 si,
1046 393 1129 452 quae
1143 379 1174 439 de
1210 393 1211 396 ’

185 467 320 530 Marcelli
334 472 431 527 morte
445 464 565 524 variant
578 470 729 536 auctores,
746 463 850 524 omnia
864 462 999 538 exsequi
1013 462 1121 522 velim.
1151 473 1175 522 ut

187 551 322 613 omittam
343 550 436 626 alios,
459 548 580 610 Coelius
594 547 745 623 triplicem
760 553 867 622 gestae
881 545 927 606 rei
944 545 1091 606 ordinem
1108 547 1173 606 edit·

188 653 226 698 υ
220 651 279 697 tun
291 636 430 695 beolttun
442 632 531 705 fama,
547 632 673 691 alteram
690 631 835 706 scriptam
852 629 1036 690 laudatione
1051 629 1120 705 tilii,
1135 629 1175 705 qui

188 719 232 779 rei
247 725 353 794 gestae
367 715 543 790 interfuerit,
566 715 695 791 tertiam,
719 731 810 790 quam
825 715 894 790 ipse
905 729 963 790 pro
980 713 1212 808 inquisitam

189 803 247 864 sibi
268 809 425 878 comperta
445 800 553 861 adiert.
587 805 721 860 ceterum
740 799 784 860 ita
798 799 879 860 tana
895 797 1010 874 uariat,
1034 805 1071 858 ut
1085 777 1212 859 tamer

190 885 393 964 plenquelocr
405 882 584 962 speculandi
596 899 692 944 causa
703 883 813 944 castris
825 897 999 957 egressum
1014 897 1131 944 omncs
1142 900 1167 942 m

190 968 276 1032 sidiis
293 970 530 1029 circumuentum
543 967 674 1027 tradant.

272 1051 406 1114 XXVIII.
437 1052 587 1112 Hannibal
601 1065 746 1126 magnum
761 1057 909 1111 terrorem
920 1050 1072 1110 hostibus
1089 1059 1176 1110 nrorte

190 1137 325 1198 consulis
336 1139 436 1212 unius,
450 1135 577 1195 vulnere
588 1135 712 1195 alterius
724 1133 868 1194 iniectum
881 1148 954 1194 esse
964 1141 1068 1208 ratus,
1086 1149 1127 1192 ne
1139 1134 1175 1194 eui

190 1223 316 1283 deesset
336 1219 507 1294 occasioni,
530 1224 632 1278 castra
651 1217 682 1279 in
696 1219 861 1292 tumulum,
883 1218 914 1276 in
932 1232 996 1291 quo
1011 1227 1175 1294 pugnatun

191 1311 269 1380 erat,
298 1304 451 1380 extemplo
471 1303 623 1363 translert.
661 1300 703 1362 ibi
727 1301 885 1362 inventum
904 1301 1049 1362 Marcelli
1071 1315 1176 1378 eorpus

191 1389 309 1466 sepelit.
342 1387 515 1464 Crispinus,
538 1393 568 1446 et
582 1393 679 1445 morte
694 1385 832 1462 collegae
852 1392 883 1445 et
897 1399 955 1445 suo
970 1387 1110 1446 vulnere
1129 1393 1173 1446 ter-

192 1473 275 1549 ritus,
290 1471 410 1532 silentio
426 1470 615 1546 insequentis
629 1470 729 1531 noetis
743 1471 909 1546 proiectus,
928 1486 1101 1545 quosquos
1117 1485 1176 1545 pro-

191 1559 292 1618 ximos
307 1561 436 1615 nanctus
452 1561 499 1614 est
509 1561 638 1627 montes,
655 1553 685 1612 ln
700 1554 737 1614 iis
752 1553 823 1615 loeo
840 1554 901 1615 alto
918 1561 948 1612 et
958 1559 1027 1614 tuto
1044 1555 1178 1630 undiquc

193 1646 293 1700 castra
312 1638 424 1714 posuit.
462 1637 503 1697 ibi
525 1639 586 1698 duo
609 1639 704 1698 duces
723 1637 877 1714 sagaciter
896 1638 972 1697 rnoti
995 1645 1088 1712 sunt,
1112 1639 1181 1698 alter

192 1721 230 1779 nd
245 1720 445 1797 inferendam,
470 1725 547 1783 ulter
560 1721 604 1782 od
615 1721 781 1782 cavendum
802 1721 952 1781 fraudem.
986 1722 1093 1782 anulis
1107 1720 1181 1782 Mur·

192 1804 260 1864 eelli
276 1804 365 1865 simul
380 1819 449 1866 erun
464 1820 595 1881 corpore
608 1803 760 1866 Hannibal
776 1806 892 1880 potitus
908 1812 984 1864 orat.
1017 1805 1090 1866 eius
1108 1806 1181 1880 signi

193 1903 297 1949 errore
311 1905 350 1948 ne
363 1889 412 1950 eui
433 1889 524 1950 dolus
539 1895 709 1949 necteretur
728 1905 747 1948 a
761 1887 867 1949 Poeno
883 1895 1045 1964 metuens,
1071 1889 1181 1965 Crispi-

193 1988 250 2032 nus
262 1971 344 2033 cirea
358 1973 496 2034 ciritates
509 1973 665 2048 proximas
676 1973 801 2033 miserat
814 1973 949 2046 nuntios
967 1973 1112 2035 occisum
1125 1975 1179 2034 col-

192 2057 291 2130 legam
316 2072 388 2118 esse
413 2056 573 2131 anulisque
599 2057 665 2117 eius
686 2055 809 2117 hostem
831 2057 975 2132 petitunn
1005 2073 1048 2116 ne
1071 2057 1184 2133 quibus

191 2140 298 2201 litteris
313 2141 472 2201 crederent
486 2140 609 2200 nomine
623 2139 758 2200 Marcelli
774 2140 966 2217 compositis.
1000 2143 1100 2217 paulo
1116 2149 1186 2202 ante
1214 2151 1215 2166 ¹

192 2221 243 2282 liic
262 2225 385 2286 nuntius
407 2224 542 2285 consulis
564 2225 719 2299 Salapiam
741 2232 883 2301 venerat,
910 2240 980 2285 curn
1001 2225 1127 2286 litterae
1151 2227 1186 2285 ab

192 2306 361 2368 Hannibale
382 2308 501 2369 adlatae
524 2314 593 2368 sunt
609 2307 745 2370 Marcelli
766 2309 891 2370 nomine
914 2310 1129 2384 compositae:
1156 2326 1187 2371 se

194 2397 285 2450 nocte
299 2408 378 2468 quae
390 2393 469 2453 diem
484 2393 568 2453 illum
579 2399 724 2454 secutura
738 2397 823 2454 esset
833 2392 991 2470 Salapiam
1003 2403 1186 2456 venturum:

193 2475 297 2534 intenti
312 2477 421 2537 milites
435 2483 549 2552 essent,
566 2475 662 2550 quiin
678 2477 835 2552 praesidio
851 2485 946 2553 erant,
963 2477 1074 2553 siquo
1092 2493 1189 2555 opera

195 2571 302 2618 eorum
317 2575 395 2635 opus
410 2567 503 2621 esset.
534 2575 662 2621 sensere
677 2559 846 2637 Salapitani
862 2562 1012 2636 fraudem,
1037 2569 1071 2624 et
1086 2563 1129 2622 ab
1147 2565 1188 2623 ira

195 2655 258 2699 non
279 2642 458 2704 delectionis
479 2645 572 2706 modo
594 2645 651 2705 sed
673 2644 765 2706 atium
784 2647 923 2721 equiturn
950 2646 1189 2708 interfectorum

195 2723 253 2783 rati
265 2727 461 2788 occasionem
472 2728 615 2805 supplicii
625 2727 697 2806 peti,
711 2729 842 2791 remisso
854 2736 936 2790 retro
948 2731 1057 2791 nuntio
1069 2763 1110 2775 ·-
1119 2747 1188 2807 per-

196 2807 268 2883 fuga
282 2817 381 2871 autem
388 2811 544 2874 Romanus
560 2818 624 2872 erat
634 2847 684 2888 -,
707 2821 739 2875 ut
753 2814 821 2874 sine
835 2813 961 2874 arbitrio
976 2815 1094 2878 milites
1109 2831 1191 2892 quae

195 2892 309 2955 vellent
320 2903 452 2972 agerent,
468 2897 642 2974 oppidanos
654 2911 711 2973 per
721 2913 826 2958 muros
838 2897 990 2974 urbisque
1006 2906 1190 2976 opportuna

197 2977 265 3036 loca
274 2976 304 3037 in
316 2979 496 3042 stationibus
509 2979 684 3058 disponunt,
701 2980 859 3042 custodias
871 2981 1060 3058 vigiliasque
1072 2983 1106 3042 in
1119 2999 1189 3044 earn

195 3067 314 3122 noctem
335 3063 476 3126 intentius
496 3065 662 3139 instruunt,
685 3065 767 3126 eirea
782 3071 918 3141 portam,
942 3081 1006 3142 qua
1020 3075 1189 3128 venturum

196 3142 315 3207 bostem
335 3147 493 3224 rebantur,
520 3149 604 3224 quod
624 3148 746 3209 roboris
768 3149 798 3210 in
820 3148 978 3225 praesidio
995 3157 1064 3210 erat
1086 3167 1189 3226 oppo-

196 3236 279 3289 nunt.
312 3230 460 3290 Hannibal
484 3237 591 3306 quarta
612 3231 715 3306 vigilia
737 3233 831 3293 ferme
847 3233 886 3292 ad
906 3231 1016 3294 urbem
1036 3237 1187 3294 accessit

197 3311 284 3381 primi
307 3312 436 3388 agminis
457 3321 543 3374 erant
556 3316 704 3390 perfugae
719 3315 944 3391 Romanorum,
968 3325 999 3377 et
1020 3333 1111 3378 arma
1126 3319 1187 3379 Ro

197 3393 476 3455 manahabobant.'
468 3397 497 3471 ri,
510 3397 561 3457 ubi
574 3397 611 3456 ad
622 3403 740 3473 portam
752 3405 941 3475 estventum,
952 3399 1064 3462 Latine
1075 3417 1186 3461 omnes

197 3473 355 3548 loquentes
371 3479 503 3539 exertant
512 3479 631 3555 vigiles
646 3480 821 3558 aperirique
832 3491 953 3560 portam
969 3483 1094 3546 iubenti
1111 3500 1186 3546 eou-
