2448 3900
74 285 79 294 ,
162 207 227 274 eoo
331 207 447 270 aura
460 206 551 268 xxx.
574 205 766 272 charam.
789 210 986 282 [ausam]

164 363 339 440 taedasque
363 377 432 422 curn
452 375 491 421 eo
511 361 656 421 iacerent.
692 361 872 422 frumentum
897 360 1155 436 stipendiumque

164 446 301 521 auxiliis,
327 445 428 505 donec
448 445 487 504 ab
507 445 606 505 Roma
630 445 721 520 legati
743 444 912 515 redissent,
941 451 1154 519 praestarent

165 531 272 592 decern
292 527 376 589 milia
391 529 536 589 talentum
553 529 686 605 argenti,
707 528 863 603 descripte
877 527 1089 604 pensionibus
1104 543 1155 586 ae-

164 614 234 692 quis
254 615 286 674 in
307 627 406 673 annus
421 613 657 688 quinquaginta,
679 614 845 673 solverent.
881 611 1009 673 obsides
1027 619 1156 672 uentum

164 698 306 760 arbitratu
337 694 491 771 Scipionis
520 696 643 772 darent,
671 711 710 756 ne
737 695 871 758 minores
901 695 1157 771 quattuordecim

164 781 252 843 anuis
268 795 329 841 neu
342 778 464 854 triginta
473 779 616 840 maiores.
638 779 774 840 indutias
785 779 874 841 itasc
884 779 1039 851 daturun,
1057 779 1161 853 siper
1217 748 1218 838 I

163 865 284 942 priores
295 863 430 924 indutias
441 878 537 924 naves
548 863 709 925 onerariae
719 871 838 940 captae,
856 877 1000 939 quaeque
1016 862 1160 923 luissent
1217 843 1218 908 l

162 949 195 1010 in
215 945 361 1020 navibus,
381 945 628 1009 restituerentur
650 947 736 1009 aliter
756 963 813 1008 nec
833 945 967 1008 indutias
985 961 1048 1007 neo
1063 960 1158 1022 spem
1217 1005 1218 1010 ,

163 1032 251 1109 pacis
267 1031 358 1092 ullam
373 1045 455 1091 esse.

247 1115 312 1176 iias
333 1113 531 1176 condiciones
553 1115 645 1190 legati
666 1131 736 1177 cum
754 1115 878 1176 domum
892 1116 1009 1174 reterre
1024 1113 1110 1175 iussi
1124 1113 1158 1172 in

164 1201 307 1263 contione
320 1199 462 1272 ederent,
484 1205 515 1259 et
529 1198 625 1273 Gisgo
639 1199 680 1259 ud
693 1198 935 1260 dissuadendam
949 1213 1063 1273 pacem
1076 1213 1153 1272 pro

164 1285 313 1346 cessisset
336 1282 553 1357 audireturque
574 1297 594 1341 a
613 1282 805 1344 multitudine
827 1282 964 1358 inquieta
988 1281 1104 1342 cadem
1124 1290 1155 1340 et

162 1368 290 1440 imbelli,
312 1366 488 1441 indignatus
502 1365 653 1426 Hannibal
667 1366 728 1428 dici
742 1380 780 1426 ea
794 1365 825 1426 in
839 1367 891 1427 tali
905 1374 1048 1441 tempore
1062 1365 1152 1426 audi-

162 1453 267 1528 rique,
289 1457 444 1526 arreptum
466 1449 633 1525 Gisgonem
650 1465 743 1511 mauu
763 1465 822 1510 sua
841 1465 881 1510 ex
900 1450 1064 1526 superiore
1078 1451 1155 1510 luco

163 1535 303 1598 detraxit.
336 1549 417 1610 quae
429 1533 552 1594 insuete
564 1533 680 1594 liberae
694 1533 813 1594 civilati-
822 1533 946 1610 species
960 1550 1032 1595 cum
1046 1533 1152 1594 tremi-

161 1627 227 1679 tum
251 1617 358 1692 pupuli
385 1617 549 1691 movisset,
571 1617 767 1692 perturbatus
794 1618 932 1679 militaris
956 1619 1005 1678 vir
1029 1619 1155 1679 tubane

163 1703 302 1762 libertate
319 1705 471 1774 „novenr“
485 1701 584 1777 inquit
594 1717 763 1776 „annonam
773 1718 793 1763 a
803 1702 893 1762 vobis
904 1703 1064 1777 proiectus
1078 1709 1154 1777 pust

162 1791 284 1846 sextum
298 1792 329 1845 et
341 1783 529 1846 tricesimum
543 1801 657 1846 annum
670 1785 758 1845 redii.
793 1786 941 1846 militares
956 1794 1049 1862 artes,
1069 1802 1153 1860 quas

162 1885 211 1929 me
226 1885 245 1929 a
258 1884 356 1944 puero
383 1869 505 1930 iortuna
529 1884 610 1929 nnnc
635 1869 756 1945 privata
780 1885 862 1930 nunc
886 1869 1011 1945 publica
1033 1869 1151 1941 docuit,

161 1952 261 2029 probe
281 1951 390 2013 videor
409 1951 504 2013 seiraz
532 1953 618 2014 urhis
639 1969 675 2014 ac
696 1953 755 2014 lori
776 1953 844 2014 iura
863 1955 948 2028 leges
969 1968 1074 2014 mores
1091 1969 1154 2014 vos

161 2053 210 2098 me
235 2041 357 2112 oportet
384 2036 552 2097 doceatis“.
588 2043 737 2097 excusata
763 2036 967 2112 imprudentia
991 2037 1152 2112 disseruit,

163 2137 255 2195 quarn
279 2134 338 2180 nec
352 2115 466 2194 'iniqua
491 2135 552 2197 pax
573 2128 604 2180 et
624 2121 804 2182 necessaria
829 2128 923 2183 esset
958 2121 991 2181 id
1011 2122 1152 2182 omniurn

161 2205 293 2264 maxime
310 2201 436 2264 dillioile
450 2210 524 2277 erat,
540 2205 625 2280 quod
639 2221 678 2265 ex
693 2205 824 2266 navibus
835 2221 892 2281 per
902 2205 1035 2266 indutias
1048 2206 1151 2281 captis

161 2288 235 2349 nihil
251 2294 372 2364 praeter·
386 2287 474 2362 ipsas
489 2288 689 2364 comparebat
701 2305 815 2360 naves;
836 2305 895 2350 nec
909 2289 1067 2365 inquisitio
1082 2298 1153 2350 erat

48 2377 53 2385 “
161 2372 270 2445 facilis,
285 2371 522 2432 adversantibus
537 2373 607 2448 paci
623 2373 674 2448 qui
689 2381 897 2449 arguerentur.
919 2373 1036 2450 placuit
1050 2389 1151 2434 naves

160 2455 249 2516 reddi
270 2461 301 2516 et
320 2454 460 2516 homines
482 2456 588 2532 utique
608 2457 736 2532 inquiri;
769 2464 871 2519 cetera
897 2473 976 2534 quae
1000 2458 1153 2519 abessent

160 2539 352 2600 aestimanda
377 2537 515 2618 Scipioni
542 2540 688 2616 permitti,
718 2547 813 2616 atque
837 2541 879 2603 ita
903 2541 1037 2617 pecunia
1062 2544 1152 2602 luere

161 2621 437 2696 Carthaginienses.
474 2621 553 2686 Sunt
572 2625 625 2700 qui
638 2625 839 2686 Hannibalem
859 2641 900 2686 ex
921 2626 987 2687 acie
1007 2626 1051 2686 ad
1063 2642 1152 2687 mare

160 2705 357 2782 pervenisse,
379 2706 451 2766 inde
472 2715 654 2784 praeparata
672 2723 752 2769 neve
772 2710 813 2769 ad
832 2723 938 2784 regem
958 2709 1150 2771 Antiochum

159 2791 314 2864 externplo
340 2791 511 2865 profectum
531 2792 667 2860 tradaul;
702 2793 932 2870 postulantique
952 2802 1023 2856 anta
1045 2794 1148 2856 omnia

160 2871 313 2948 Scipioni,
339 2881 373 2935 ut
392 2872 544 2935 Hannibal
569 2876 629 2936 sibi
653 2876 837 2952 traderetur,
863 2893 1052 2954 responsum
1073 2893 1148 2938 esse

159 2957 360 3018 Hannibalem
375 2957 405 3017 in
420 2958 526 3019 Africa
540 2976 601 3019 nun
617 2975 699 3022 esse.

243 3040 405 3102 XXXVIII.
427 3041 594 3117 Postquam
615 3045 771 3121 redierunt
790 3045 830 3105 ad
845 3044 1023 3120 Scipionem
1044 3047 1145 3121 iegati,

161 3141 241 3201 quae
265 3125 389 3201 publica
407 3127 439 3186 in
461 3126 591 3187 navibus
613 3129 749 3202 lueranl,
772 3143 811 3188 ex
833 3127 965 3204 publicis
987 3129 1145 3206 descripta

159 3209 327 3269 rationibus
344 3218 534 3285 quaestores,
551 3226 631 3285 quae
646 3211 765 3285 privata
775 3211 912 3286 profiteri
924 3213 1040 3274 damini
1051 3213 1143 3274 lussit

160 3306 218 3364 pro
239 3307 277 3351 ea
291 3307 410 3352 summa
430 3292 580 3368 pecuniae
604 3293 711 3367 viginti
726 3293 863 3371 quinque
877 3295 959 3356 milia
973 3297 1079 3372 pondo
1095 3313 1143 3356 ar·

161 3373 244 3445 genti
267 3375 442 3448 praesentia
463 3384 588 3444 exactam
617 3376 817 3452 indutiaeque
837 3378 1142 3455 Carthaginiensibus

162 3453 252 3513 datae
265 3455 297 3513 in
312 3463 374 3516 tres
388 3472 521 3517 menses.
547 3458 683 3518 additum
697 3476 736 3520 nc
751 3476 807 3535 per
822 3460 1006 3523 indutiarum
1020 3471 1141 3536 tempus
