2428 3892
183 186 242 248 l60
360 187 472 248 LIBER
486 186 606 246 xxvtl.
630 183 712 246 CAP.
730 193 753 244 l.
778 187 814 262 [a.
831 191 866 242 U.
882 207 906 244 r.
922 193 983 264 542α

508 417 827 512 stltttvt

462 589 514 648 ΑΒ
537 586 654 650 UHBH
678 584 881 649 CONDITA

544 717 654 780 LIBER
674 719 794 779 XXVII.

198 956 343 1011 sununs.
369 957 414 1008 Cn.
425 957 529 1007 Fulvius
538 958 672 1022 proconsul
683 971 738 1006 curm
748 955 859 1006 exercitu
869 955 901 1004 ab
910 953 1050 1006 Hannibale
1059 956 1097 1006 ad
1106 956 1158 1007 Her·

233 1030 339 1079 doueam
349 1041 439 1078 caesus
450 1034 497 1078 est.
516 1027 621 1077 meliore
631 1033 722 1076 eventu
732 1040 747 1076 a
757 1023 863 1074 Claudio
872 1023 992 1074 Marcello
1002 1024 1112 1076 consule
1122 1026 1162 1076 ad·

233 1111 321 1148 nereus
329 1097 435 1148 eundem
445 1094 670 1148 adllumistronem
677 1100 817 1161 pugnatum
827 1099 874 1142 est.
890 1092 1084 1146 indeHanuibal
1093 1105 1163 1145 nocte

233 1167 350 1217 recessit:
374 1165 506 1216 Marcellus
521 1167 650 1216 insecutas
667 1171 718 1222 est,
743 1171 767 1212 et
785 1161 893 1212 subinde
908 1162 1040 1214 cedentem
1059 1165 1162 1228 pressit,

233 1235 477 1301 donecconlligeret.
506 1236 590 1300 priore
599 1248 685 1299 pugna
694 1229 817 1282 Hannibal
829 1230 953 1295 superior,
972 1231 1111 1282 Marcellus
1128 1249 1162 1282 se-

235 1305 329 1367 quenti.
358 1304 451 1354 Fabius
461 1303 587 1354 Maximus
598 1311 670 1368 pater
679 1300 766 1351 consul
775 1300 923 1350 Tarentinos
931 1315 978 1365 per
990 1303 1162 1367 proditionem

231 1374 333 1438 recepit.
363 1371 482 1424 Claudias
492 1371 625 1422 Marcellus
637 1372 666 1421 Τ.
678 1370 809 1430 Quinctius
819 1367 950 1434 Crispinus
960 1371 1096 1431 consules,
1109 1387 1162 1436 spe-

230 1443 332 1492 culandi
341 1455 417 1492 causa
425 1443 575 1508 progressis
586 1443 684 1502 castris,
699 1440 799 1490 insidiis
809 1439 840 1489 ab
848 1438 988 1491 Hannibale
997 1441 1162 1491 circumventi

232 1517 298 1560 snat.
332 1509 463 1560 Marcellus
477 1513 593 1571 occisus,
614 1509 744 1574 Crispinus
759 1509 833 1574 fugit.
860 1507 967 1558 lustrum
983 1524 999 1559 a
1013 1511 1163 1561 censoribus

231 1579 358 1630 conditum
377 1585 428 1629 est:
451 1594 526 1630 censa
542 1587 599 1630 sunt
615 1579 707 1629 cisium
724 1579 807 1644 capita
825 1585 924 1628 centum
944 1579 1048 1645 triginta
1065 1588 1161 1644 septem

233 1647 302 1698 milia
312 1654 411 1697 centurn
421 1655 445 1696 et
455 1656 520 1710 octo,
540 1663 572 1698 ex
582 1663 632 1713 qno
640 1662 745 1698 numero
754 1648 880 1713 apparuit,
898 1656 1018 1710 quantum
1028 1647 1162 1698 homiuum

231 1724 266 1766 tot
275 1715 428 1781 proeliorum
446 1717 553 1767 adversa
562 1717 661 1768 iortuua
670 1717 764 1782 populo
773 1716 887 1766 Romano
900 1717 1058 1768 abstulisset.
1087 1717 1162 1768 iuHi-

232 1785 321 1849 spania
332 1785 363 1834 ad
373 1784 506 1836 Resculum
518 1786 603 1853 Scipio
614 1801 670 1836 cum
680 1786 835 1836 Hasdrubale
844 1785 992 1837 Hamilcaris
1007 1787 1126 1838 conilixit
1142 1795 1163 1836 et

232 1853 300 1903 vicit.
328 1855 393 1903 inter
402 1855 451 1904 alia
461 1864 561 1922 captum
571 1870 676 1920 puemm
686 1853 797 1920 regalem
809 1856 917 1906 eximiae
927 1855 1023 1906 formae
1033 1855 1071 1906 ad
1086 1871 1162 1906 aruu-

229 1921 311 1972 culum
322 1922 481 1975 Masinissam
493 1941 548 1976 cum
560 1925 633 1976 donis
645 1925 749 1974 remisit.
778 1923 934 1985 Hasdrubal,
954 1925 996 1988 qui
1013 1940 1074 1974 cum
1093 1941 1162 1974 exer-

231 1993 356 2042 citanova
370 1995 558 2045 transcenderat
568 1993 662 2059 Alpes,
681 2000 709 2042 ut
719 1991 886 2043 seHauuiboli
903 1993 1087 2059 coniungeret,
1107 2009 1160 2043 cum

232 2059 335 2111 milibus
348 2060 477 2112 homiuum
494 2063 676 2129 qulnquaginta
695 2077 741 2111 sex
757 2076 847 2112 caesus
863 2069 900 2112 est
916 2063 950 2112 M.
965 2063 1033 2115 Livii
1051 2063 1162 2113 consulis

231 2132 321 2189 ductu,
340 2131 386 2181 sed
397 2145 445 2181 non
456 2132 553 2183 minore
569 2145 645 2197 opera
655 2129 752 2182 Claudii
763 2130 868 2182 Neronis
884 2131 1008 2192 consulis,
1028 2133 1089 2194 qni,
1108 2147 1162 2180 cum

232 2197 364 2250 Hannibali
375 2200 507 2264 oppositus
516 2207 592 2261 esset,
600 2200 694 2258 relictis
703 2201 791 2252 castris
798 2201 834 2250 ita
843 2206 870 2250 ut
878 2200 977 2251 bostem
985 2199 1097 2261 falleret,
1108 2215 1162 2250 cum

217 2266 326 2318 ,delecta
343 2283 419 2318 mann
435 2268 562 2336 proiectus
575 2269 758 2320 Hasdrubalem
774 2269 945 2319 circumuenit.
972 2285 1014 2320 res
1030 2276 1162 2336 praeterea

232 2336 338 2386 feliciter
352 2352 367 2386 a
378 2338 407 2388 P.
417 2336 528 2403 Sulpicio
541 2346 657 2404 praetore
666 2337 788 2388 adversus
798 2337 942 2404 Philippum
954 2347 978 2389 et
987 2337 1109 2389 Achaeos
1120 2353 1161 2406 ge-

230 2412 282 2455 stas
293 2407 411 2456 continet.

263 2509 285 2566 1.
307 2507 364 2567 Hic
379 2513 475 2568 status
490 2523 590 2568 rerum
606 2509 635 2568 in
648 2507 796 2583 Hispania
811 2513 884 2567 erat,
906 2507 935 2566 in
952 2508 1037 2568 ltalia
1054 2509 1160 2570 consul

180 2591 341 2651 Marcellus
358 2589 481 2666 Salapia
496 2607 551 2667 per
573 2591 774 2665 proditionem
789 2597 913 2667 recepta
927 2591 1118 2654 Marmoreas
1134 2600 1162 2652 et

179 2675 275 2734 Meles
297 2674 336 2733 de
353 2672 537 2734 Samnitibus
560 2675 588 2733 ri
611 2676 700 2752 cepit.
720 2675 773 2735 ad
795 2675 851 2734 tria
872 2675 953 2736 milia
973 2677 1099 2738 rnilitum
1122 2677 1160 2736 ibi

179 2755 368 2830 Hannibalis,
392 2773 471 2833 quae
487 2757 631 2833 praesidii
647 2775 741 2820 causa
754 2759 860 2820 relicta
875 2766 974 2834 erant,
998 2777 1152 2836 oppressa

180 2841 354 2916 praeda-
368 2847 397 2901 et
411 2841 598 2916 aliquantum
614 2844 679 2904 eius
696 2845 806 2904 tuit-
820 2843 903 2905 militi
920 2859 1079 2906 concessa.
1110 2845 1158 2906 tri-

181 2923 230 2985 tici
246 2939 369 3007 quoque
385 2926 515 2986 ducenta
530 2927 730 3003 quadraginta
745 2929 826 2988 milia
840 2929 975 2990 modium
997 2935 1027 2990 et
1041 2935 1158 2991 centurn

181 3009 286 3069 decem
309 3008 390 3069 milia
411 3007 519 3092 hordei
548 3010 680 3072 inventa.
720 3019 851 3073 ceterum
872 3028 1066 3089 nequaquam
1087 3015 1158 3074 inde

180 3098 293 3155 tantum
307 3093 451 3170 gaudium
467 3094 529 3169 luit,
553 3102 666 3170 quanta
681 3097 785 3158 clades
801 3097 879 3158 intra
893 3114 1012 3174 paucos
1027 3099 1093 3159 dies
1108 3113 1157 3158 ac-

181 3183 271 3254 cepta
285 3184 333 3238 est
347 3177 427 3238 haud
443 3180 551 3254 procul
566 3179 731 3241 Herdonea
745 3181 830 3242 urbe.
862 3189 962 3244 castra
977 3183 1018 3242 ibi
1032 3181 1157 3242 Culul-

180 3261 249 3321 rius
265 3262 431 3336 proconsul
447 3261 579 3323 habebat
594 3279 651 3338 spe
665 3265 860 3340 recipiendae
873 3265 1064 3343 Herdoneae,
1080 3280 1156 3342 quae

182 3348 253 3417 post
267 3343 457 3406 Cannensem
473 3345 590 3406 cladem
613 3345 651 3405 ab
666 3346 812 3409 Romanis
829 3349 997 3427 deiecerat,
1018 3367 1074 3412 nec
1088 3351 1156 3410 loco
1174 3377 1182 3382 -

182 3427 334 3488 satistuto
350 3429 452 3504 posita
466 3444 523 3488 nec
538 3427 701 3505 praesidiis
717 3431 843 3492 firmata.
878 3434 1097 3510 neglegentiam
1112 3433 1152 3492 in·
