2448 3900
251 176 366 238 nmen
380 177 484 238 xxix.
507 178 591 240 car.
606 189 631 244 ι.
645 189 672 240 n.
693 179 731 258 p.
747 187 779 240 c.
794 185 858 263 ns]
982 185 1041 253 cat

48 328 207 391 finitimos
222 329 281 390 sibi
296 335 388 406 atque
402 330 462 390 illis
474 331 618 407 populos.
639 331 741 408 itaque
756 334 834 394 intra
843 352 961 412 paucos
977 339 1043 402 dies

50 414 186 490 triginta
199 414 282 473 milia
296 414 432 489 peditum
448 422 589 490 quattuor
604 415 699 476 ierme
720 419 854 494 equitum
870 420 900 480 in
916 421 1043 485 Sedeta-

49 515 138 558 num
153 513 268 574 agrum,
285 499 347 574 quo
362 497 495 558 edictum
509 506 581 572 erat,
599 509 815 563 convenerunt.
858 505 895 564 ll.
914 506 1043 570 Romani

50 597 189 658 quoque
208 583 409 659 imperatores
423 583 456 642 L.
471 584 617 645 Lentulus
638 591 669 644 et
681 583 722 644 'L.
738 585 869 648 Manlius
883 589 1043 668 Acidinus,

48 681 96 725 ne
114 667 260 740 glisceret
273 667 372 742 primo
386 667 579 742 neglegendo
593 669 721 744 bellum,
745 668 854 732 iunctis
870 679 900 732 el
913 673 974 750 ipsi
991 691 1043 736 ex-

49 749 207 810 ercitibus
222 767 279 826 per
293 767 399 826 agrum
413 752 612 826 Ausetanum,
627 752 747 813 hostico
763 761 919 832 tamquam
932 767 1043 835 pacato

49 835 227 894 elementer
242 835 341 895 ductis
356 834 514 912 militibus,
535 836 575 896 ad
589 836 696 896 sedem
710 837 843 899 hostium
864 857 1033 916 pervenere

47 918 152 978 trium
166 919 281 978 milium
295 919 396 995 spatio
411 922 520 995 procul
534 936 554 980 a
567 919 675 980 castris
690 936 795 982 eorum
811 934 979 1000 pesuerunt
993 943 1043 989 ea·

50 1009 135 1063 stra.
173 1003 271 1079 primo
286 1019 342 1080 per
356 1005 474 1078 legatos
489 994 675 1080 nequiquam
690 1012 876 1082 temptatum,
897 1017 929 1068 ut
943 1009 1042 1071 disce

50 1087 185 1146 deretur
198 1087 236 1146 ab
252 1087 353 1148 armis.
382 1087 461 1162 dein,
477 1102 546 1148 eum
560 1088 591 1148 in
607 1088 802 1165 pabulatores
816 1091 973 1154 Romanos
988 1096 1039 1156 im·

51 1178 152 1247 petus
163 1178 288 1246 repente
298 1171 336 1230 ab
349 1163 654 1248 ebulubusllisponis
663 1173 760 1235 laetus
773 1183 864 1250 esset,
877 1177 1042 1241 summisso

53 1255 96 1316 ab
115 1256 248 1315 statione
262 1256 401 1316 Romana
415 1257 550 1330 equitatu
563 1263 708 1332 equestre
724 1260 874 1334 proelium
887 1261 943 1322 luit
958 1261 1041 1327 haud

54 1355 140 1399 sane
160 1339 359 1401 memorando
381 1339 411 1398 in
434 1347 552 1416 partem
573 1342 665 1400 ullam
686 1351 806 1404 eventu.
838 1346 905 1404 sole
927 1346 1042 1408 oriente

54 1429 189 1498 postero
201 1423 251 1484 die
265 1423 372 1484 armati
387 1424 587 1500 instructique
602 1441 709 1486 omnes
724 1426 806 1486 mille
813 1430 912 1504 terme
926 1445 1042 1506 passus

55 1508 172 1583 procul
191 1523 211 1566 a
226 1509 335 1568 castris
350 1508 497 1569 Romanis
512 1508 609 1569 aciem
630 1510 804 1570 ostendere.
835 1513 927 1574 medii
941 1516 1041 1575 Ause-

55 1592 123 1651 tani
145 1598 243 1665 erant,
264 1607 379 1652 cornua
400 1593 541 1654 dextrum
562 1593 722 1670 Ilergetes,
747 1597 867 1655 laevum
889 1597 1040 1674 ignobiles

58 1675 205 1737 tenebant
218 1676 346 1753 Hispani
368 1677 490 1752 populi3
514 1679 591 1736 inter
605 1689 721 1740 cornua
741 1686 772 1740 et
790 1680 923 1741 mediam
944 1684 1041 1745 aciem

58 1761 222 1820 intervalla
237 1761 372 1836 patentia
386 1762 461 1821 satis
477 1762 536 1821 late
552 1763 696 1838 lecerunt,
720 1780 780 1838 que
795 1765 969 1842 equitatum,
988 1767 1041 1830 ubi

56 1851 182 1922 tempus
197 1851 288 1920 esset,
301 1844 488 1907 emitterent.
520 1852 550 1906 et
559 1846 689 1907 Romani
703 1862 788 1908 more
803 1864 860 1909 suo
875 1851 1042 1911 exercitum

56 1945 133 1989 cum
149 1929 348 2003 strinxissent,
372 1930 404 1988 id
424 1931 516 1990 modo
531 1929 664 1990 bostium
684 1931 789 1990 imitati
804 1938 889 2005 sunt,
913 1940 944 1992 ut
964 1931 1041 1993 inter

54 2012 199 2088 legiones
220 2020 250 2074 et
269 2015 329 2090 ipsi
350 2020 489 2090 patentes
512 2014 604 2089 equiti
625 2014 831 2090 relinquerent
850 2016 927 2076 vias.
959 2025 1039 2077 cete-

54 2113 126 2156 rum
140 2097 285 2160 Lentulus
300 2098 328 2158 ei
344 2099 421 2174 parti
435 2115 525 2160 usum
539 2097 650 2175 equitis
666 2099 732 2157 lore
745 2106 839 2173 ratus,
864 2115 942 2175 quae
957 2101 1041 2175 prior
1121 2130 1124 2133 ·

55 2181 87 2240 in
104 2181 316 2260 dehiscentem
337 2183 504 2243 intervallis
518 2182 652 2242 bostium
668 2183 764 2242 aciem
785 2183 905 2259 equites
920 2184 1039 2244 emisis-

54 2273 123 2338 set,
144 2265 211 2326 Ser.
228 2266 368 2328 Cornelio
388 2266 509 2327 tribuno
531 2266 656 2328 militum
677 2265 820 2342 imperat,
844 2267 962 2343 equites
983 2283 1042 2343 per

56 2356 200 2425 patentes
221 2349 252 2410 in
272 2351 406 2412 hostium
433 2350 499 2411 acie
519 2351 586 2410 vias
607 2350 783 2426 permittere
807 2366 905 2426 equos
926 2351 1039 2412 lubeat.

55 2433 128 2510 ipse
143 2441 254 2510 coepta
267 2451 376 2510 parum
392 2450 543 2510 prospere
557 2435 692 2510 pedestri
707 2451 824 2510 pugna,
845 2441 960 2495 tantum
974 2451 1039 2497 nlo·

56 2524 144 2578 ratus
171 2519 243 2578 dum
269 2519 388 2579 cedenti
413 2519 615 2583 duodecimae
638 2519 766 2592 legioni,
794 2534 873 2594 quac
897 2519 929 2578 in
950 2519 1041 2580 laevo

56 2617 156 2662 cornu
177 2602 329 2664 adversus
351 2603 495 2678 Ilergetes
517 2604 617 2662 locata
637 2608 716 2675 erat,
745 2601 863 2663 tertiam
891 2602 1041 2664 decimam

56 2686 211 2762 legionem
233 2703 271 2746 ex
287 2686 434 2748 subsidiis
449 2687 480 2746 in
495 2687 623 2763 primam
638 2685 735 2746 aciem
749 2685 970 2748 firmamentum
985 2688 1040 2748 du·

43 2771 108 2842 cit,
125 2776 292 2847 postquam
307 2778 439 2847 aequata
453 2770 495 2830 ibi
510 2785 615 2848 pugna
629 2777 685 2846 est,
701 2771 742 2830 ad
755 2771 788 2830 L.
803 2770 948 2832 Manlium
962 2772 1039 2830 inter

57 2855 159 2928 prima
173 2856 261 2930 signa
270 2855 450 2929 hortantem,
466 2871 502 2914 ac
518 2853 657 2916 subsidia
672 2854 784 2930 quibus
800 2871 850 2914 res
865 2855 1041 2931 postulabat

57 2938 136 2998 loeis
151 2939 345 2999 inducentem
360 2939 458 3010 venit;
480 2937 595 2999 indicat
607 2945 671 2999 luta
685 2938 723 2998 ab
736 2939 825 2999 laevo
841 2952 937 2999 comu
952 2953 1039 2998 esset
1096 2997 1100 3004 ,

58 3021 119 3081 iam
134 3022 349 3102 missumesse
365 3022 403 3081 ab
415 3039 450 3082 se
462 3023 633 3084 cornelium
645 3021 785 3083 Servium
797 3023 933 3099 procella
947 3036 1039 3096 eque·
1071 3031 1075 3038 ·

58 3107 112 3167 stri
126 3106 235 3168 hostes
251 3105 513 3167 circumfusarum.
544 3107 597 3166 vix
611 3106 689 3166 haec
703 3105 785 3167 dicta
806 3106 948 3180 dederat,
971 3119 1039 3164 cum

59 3189 188 3250 Romani
204 3191 323 3266 equites
344 3191 375 3249 in
389 3190 508 3250 medios
524 3189 636 3250 invecti
650 3189 757 3250 hostes
772 3189 861 3250 simul
875 3188 1039 3264 pedestres

59 3274 142 3334 aeies
153 3273 321 3348 turbarunt,
343 3273 432 3334 simul
448 3273 600 3348 equitibus
616 3273 823 3350 Hispanorum
836 3271 917 3331 viam
931 3271 1039 3331 immit-

58 3357 141 3418 tendi
155 3373 255 3434 equos
270 3359 454 3420 clauserunt.
483 3359 587 3434 itaque
602 3357 718 3418 omissa
732 3372 835 3432 pugna
850 3355 984 3433 equestri
1000 3355 1040 3416 ad

60 3441 234 3515 pedestrem
245 3442 375 3518 Hispani
390 3442 625 3503 descenderunt.
647 3441 777 3502 Romani
791 3441 993 3518 imperatores
1005 3445 1038 3501 ut
