2434 3902
181 223 244 288 aaa
340 225 600 286 arnnaxxvrn.
624 223 782 287 canan
805 227 1001 298 [anana]

181 376 293 438 carinis
308 375 428 453 positis,
443 380 661 450 contractaque
675 375 715 434 ad
729 373 872 435 ellectum
885 374 951 436 eius
967 375 1073 452 operia
1088 376 1163 436 mul-

180 459 307 524 titudiue
323 460 478 521 fabrorum
493 459 656 534 navalium,
675 459 748 535 quia
760 474 812 520 res
826 456 858 518 in
875 459 1003 519 Graecia
1017 458 1164 536 tanquil-

180 546 227 605 las
241 553 273 607 et
291 545 441 620 profectio
456 543 550 603 Attali
571 543 685 603 fecerat
704 542 778 604 etin
797 549 936 620 ternpore
948 543 1166 605 laborantibus

184 629 279 690 sociis
299 630 393 688 latam
413 627 451 688 ab
472 641 506 688 se
529 626 688 701 auxilium,
709 632 792 688 retro
807 626 838 687 in
854 642 983 703 regnum
997 628 1166 700 concessit,

181 719 214 773 ut
228 711 380 772 Dardanis
394 710 506 772 bellum
520 711 654 772 inferret.

264 795 314 856 lX.
335 795 480 874 Extremo
497 795 621 856 aestatis
636 795 712 870 cius,
729 812 791 871 qua
804 795 882 856 lraeo
892 795 924 856 in
937 796 1069 858 Graecia
1080 801 1166 871 gesta

182 885 268 954 sunt,
291 895 361 941 cum
383 879 417 954 Q.
437 877 551 940 Fabius
570 878 700 940 Maximi·
715 879 797 941 lilius
818 881 937 956 legatus
961 881 999 941 ab
1022 879 1065 940 bl.
1082 878 1165 940 Livio

182 965 310 1025 consule
330 965 459 1025 Romam
480 962 520 1024 ad
541 971 681 1024 senatum
705 965 879 1026 nuntiasset
903 965 1066 1026 consulem
1096 964 1166 1024 satis

180 1048 327 1124 praesidii
343 1047 458 1108 Galliae
477 1049 655 1123 provinciae
669 1048 797 1110 credere
809 1049 843 1108 L.
857 1047 998 1110 Porcium
1014 1063 1092 1109 enm
1107 1048 1166 1109 suis

181 1131 354 1208 legionibus
374 1147 461 1204 esse,
487 1130 639 1193 decedere
659 1148 695 1193 se
714 1133 786 1194 inde
806 1149 844 1194 ae
864 1132 975 1194 deduci
995 1133 1166 1193 exercitum

181 1217 376 1278 consularem
395 1231 506 1294 posse,
530 1225 634 1293 patres
655 1217 904 1277 ancillariam
926 1224 1043 1278 tanturn
1065 1216 1166 1277 redire

181 1301 220 1361 ad
241 1302 350 1364 urbem
370 1300 429 1362 sed
448 1302 598 1377 collegam
619 1317 744 1378 quoquc
760 1302 827 1362 eius
843 1301 874 1362 C.
891 1301 1051 1362 Claudium
1070 1301 1165 1363 iusso·

180 1393 260 1446 ruat.
286 1387 318 1448 id
331 1385 424 1448 modo
441 1385 472 1446 in
488 1386 612 1448 decreto
627 1386 775 1461 interluit,
798 1386 883 1463 quod
896 1385 938 1446 M.
952 1385 1030 1446 Livii
1046 1386 1164 1446 exerci-

181 1476 245 1530 tum
258 1470 376 1542 reduei,
390 1470 521 1532 Neronis
536 1470 675 1546 legiones
686 1470 847 1530 Hannibali
861 1470 1025 1555 oppositas
1040 1486 1165 1530 manere

181 1553 212 1614 in
226 1553 387 1629 provincia
400 1555 566 1616 iusserunt.
588 1555 667 1615 inter
681 1556 827 1617 consules
841 1555 883 1616 ita
893 1570 951 1631 per
960 1555 1085 1616 litteras
1098 1570 1163 1616 con·

182 1637 278 1711 venit,
300 1641 335 1698 ιιι
348 1653 441 1714 quem
454 1639 495 1700 ad
508 1639 633 1702 modun
647 1655 710 1700 nno
725 1638 827 1700 animo
841 1655 907 1699 rem
923 1638 1086 1715 publicam
1099 1653 1163 1714 ges-

181 1721 311 1796 sissent,
332 1721 387 1796 ita,
409 1738 595 1799 quamquam
615 1739 656 1783 ex
671 1724 803 1785 diversis
823 1723 1002 1800 regionibus
1018 1722 1163 1784 conveni·

180 1810 263 1879 rent,
284 1821 345 1866 unc
366 1813 505 1883 tempore
526 1808 566 1869 ad
585 1808 693 1868 urbem
708 1808 908 1879 accederent,
928 1807 1102 1868 Praeneste
1116 1808 1162 1883 qui

181 1888 267 1966 prior
288 1889 440 1967 venisset,
465 1893 615 1968 collegarn
640 1893 682 1975 ibi
706 1892 841 1969 opperiri
865 1893 980 1953 iussus.
1019 1893 1103 1953 forte
1127 1892 1163 1950 fta

181 1973 290 2050 esrcnit,
306 1976 462 2037 utendam
476 1976 526 2037 die
541 1976 630 2037 anrbc
642 1975 809 2040 Praeneste
819 1976 966 2038 venIrcnt.
989 1974 1066 2036 iude
1078 1992 1161 2053 prae-

180 2059 277 2122 misso
299 2059 416 2136 edicto,
437 2067 471 2122 ιιι
483 2061 584 2123 triduo
605 2067 679 2137 post
697 2062 844 2137 frequens
859 2069 985 2122 senatus
1001 2059 1042 2121 ad
1058 2061 1164 2121 aedem

180 2141 327 2204 Bellonae
342 2144 481 2220 adesset,
503 2146 585 2207 ornni
600 2145 791 2207 multitnninc
806 2147 929 2207 obviam
942 2144 1046 2207 eflusa
1062 2145 1104 2205 ad
1117 2162 1163 2205 ur-

181 2227 251 2288 bem
264 2243 437 2290 aeeessere.
459 2245 523 2291 non
536 2230 711 2293 salutabant
723 2231 817 2291 modo
829 2230 964 2290 universi
976 2229 1163 2304 circumfusi,

181 2312 239 2371 sed
259 2329 409 2389 prensare
431 2329 488 2390 pro
504 2330 539 2375 sc
554 2314 688 2390 quisque
700 2314 844 2376 victrices
860 2315 985 2375 dexans
1001 2315 1162 2375 consulum

182 2396 356 2474 cupientes,
378 2397 430 2458 alii
449 2399 693 2474 gratulabantur,
716 2398 766 2460 alii
780 2399 895 2476 gratias
910 2398 1061 2474 agebant,
1085 2397 1162 2474 quod

182 2497 288 2541 cortun
303 2498 400 2558 opera
414 2481 577 2544 incolumis
590 2498 643 2544 res
657 2483 782 2559 publica
795 2491 889 2544 esset.
924 2485 955 2542 in
970 2489 1086 2544 senatu
1099 2498 1163 2542 eum

180 2581 266 2625 moro
287 2567 421 2627 omnium
442 2568 661 2642 imperatorum
681 2567 832 2643 expositis
852 2567 945 2628 rebus
962 2566 1002 2627 ab
1017 2582 1056 2628 se
1070 2567 1161 2643 gestis

182 2651 401 2723 postulassent,
423 2658 456 2710 nt
470 2667 527 2726 pro
541 2667 576 2711 re
592 2651 715 2727 publica
729 2651 847 2714 fortiter
861 2652 1055 2727 feliciterque
1070 2650 1161 2711 adrni-

181 2732 308 2794 nistrnta
332 2741 363 2795 et
383 2733 450 2795 deis
475 2735 697 2797 immortalibus
722 2736 886 2797 baberetur
910 2735 1013 2796 frenos
1035 2743 1068 2796 et
1088 2734 1161 2811 ipsis
1205 2739 1206 2778 ι

180 2816 436 2893 triumphantibus
448 2819 555 2880 arbem
566 2820 643 2880 inire
654 2820 766 2894 liceret,
782 2836 817 2881 se
829 2836 904 2882 vero
917 2835 955 2880 ea
966 2826 1162 2896 quaepostu·

181 2901 279 2961 larent
293 2903 461 2963 decernere
475 2911 580 2980 patres
595 2904 703 2966 meritc
718 2905 847 2967 deorum
861 2905 1007 2980 primum,
1029 2904 1102 2965 dein
1117 2917 1161 2962 se

182 2984 316 3047 eundum
336 2987 414 3048 deos
436 2988 598 3050 consulum
618 2990 861 3064 responderunt,
885 2996 916 3049 et
936 2987 1160 3064 supplicatione

181 3069 341 3132 amborum
353 3073 476 3133 nomine
489 3081 519 3135 et
528 3072 682 3148 triumpho
693 3073 815 3148 utrique
827 3073 961 3145 decreto,
977 3072 1057 3132 inter
1067 3073 1159 3149 ipsos,

125 3235 131 3240 ι
181 3169 221 3214 ne
242 3169 311 3216 curn
333 3156 621 3219 bellumcommuni
642 3157 744 3219 animo
764 3157 951 3234 gessissent,
977 3154 1157 3232 triumphurn

182 3246 377 3315 separarent,
397 3240 440 3301 ita
453 3241 611 3314 convenit,
634 3248 682 3315 ut,
701 3240 846 3317 quoniam
859 3246 890 3301 et
903 3243 934 3302 in
949 3241 1110 3316 prouincia
1122 3237 1157 3296 Μ.

181 3317 259 3380 Livii
278 3337 329 3381 res
349 3331 439 3398 gesta
459 3330 558 3398 esset,
580 3331 611 3384 et
624 3338 662 3385 eo
677 3325 727 3385 die
742 3341 804 3401 quo
820 3333 988 3401 pugnatum
1003 3326 1084 3386 foret
1096 3323 1156 3382 eius

185 3401 262 3463 forte
283 3406 455 3481 auspicium
475 3406 600 3481 fuisset,
621 3413 653 3466 et
672 3409 826 3470 exereitus
847 3408 992 3469 Livianus
1013 3407 1155 3468 aeduam

185 3484 312 3546 ltonram
330 3488 482 3564 venisset,
507 3489 637 3564 Neronis
657 3491 769 3552 deduci
789 3492 828 3551 dc
849 3491 1010 3568 provincia
1030 3506 1091 3552 non
1105 3503 1151 3565 po
