2466 3900
230 213 345 275 LIBER
358 212 451 274 xliv.
475 213 670 278 cAP.1r.1e.
693 215 728 292 p.
742 213 851 293 arra]
991 211 1031 278 73

68 365 227 430 lnvlrotcrn
238 361 323 422 claro
334 367 365 422 et
374 362 486 439 insigni
497 370 627 426 causat
642 363 758 426 macris
767 365 1032 442 quoqueGracchi

70 448 142 510 varia
153 453 197 508 est
210 448 300 507 lama
334 447 385 509 elii
399 447 429 507 in
444 447 553 508 castris
568 448 715 508 Romanis
730 450 884 525 sepultum
899 449 938 509 ab
954 451 1030 523 suis,

67 534 109 595 alii
127 534 162 593 ab
174 530 344 592 Hannibale
361 563 405 576 -
418 537 450 593 et
463 545 501 591 ca
515 531 667 607 vulgatior
682 533 763 594 tama
777 541 825 593 est
837 563 882 578 -
901 533 1032 610 tradunt,

65 619 89 678 in
101 615 240 676 vmdbado
249 615 433 678 Punicorum
445 622 614 677 castrorum
625 631 733 692 rapam
747 623 935 679 exstructum
950 631 1032 696 esse,

64 708 195 762 armatum
214 701 383 762 exercitum
404 699 616 762 decucurrisse
633 715 702 760 cam
721 700 863 778 tripudiis
879 702 1032 779 Hispano·

63 801 121 846 mm
133 784 324 860 motibusque
344 799 498 846 armorum
512 790 542 846 et
556 798 720 860 corporum
735 801 811 846 suae
825 787 936 863 cuique
949 787 1031 863 genti

63 869 192 946 adsuctis,
206 870 276 946 ipsa
285 869 456 932 Hannibale
470 868 553 930 omni
563 883 665 930 rerum
676 869 902 946 verborumque
914 871 1032 932 honore

64 954 211 1030 exsequias
238 954 424 1015 celebrante.
463 955 541 1014 haec
559 953 683 1014 traduat
703 954 755 1031 qui
782 954 813 1013 in
834 954 967 1016 Lucanis
986 956 1031 1016 rei

66 1045 156 1114 gestae
168 1035 310 1100 aucmr‘es
327 1046 407 1100 sunt.
439 1037 466 1098 si
481 1038 551 1114 illis,
567 1038 620 1115 qui
634 1039 673 1098 ad
690 1038 828 1099 Calorem
843 1037 971 1101 fluvium
986 1040 1031 1099 in·

64 1124 202 1186 terteetam
217 1129 399 1199 memorant,
415 1122 542 1184 credere
553 1122 639 1196 velis,
655 1122 764 1199 capitis
778 1129 893 1184 tautum
901 1122 1029 1184 Gracchi

65 1206 153 1268 hostes
173 1208 259 1284 potiti
281 1215 368 1269 sunta
396 1223 435 1268 ea
450 1207 553 1267 delata
568 1207 609 1266 ad
623 1207 839 1282 Hannibalem,
861 1208 977 1268 missus
991 1206 1030 1268 ab

69 1305 99 1350 eo
111 1292 260 1353 confestim
276 1292 429 1365 Carthalo,
454 1291 551 1366 quiin
567 1297 668 1351 castra
683 1292 821 1352 Romana
835 1290 876 1350 ad
892 1291 944 1352 cn.
958 1291 1028 1351 Cor·

70 1375 158 1435 aelium
177 1385 376 1451 quaestorem
398 1376 539 1437 deterret.
571 1375 598 1436 is
613 1378 705 1437 uanus
726 1373 918 1451 imperatoris
933 1374 963 1434 in
979 1391 1026 1434 aa·

70 1458 125 1519 stris
138 1460 360 1522 celebrantibus
376 1477 446 1522 cum
460 1460 597 1521 exercita
609 1459 835 1520 Beneventanis
851 1459 932 1521 tecit.

132 1544 234 1605 livill.
258 1546 411 1606 consules
423 1543 723 1622 agrumcampanum
735 1543 866 1619 inpressi
879 1559 948 1605 cum
959 1559 1026 1621 pas-

66 1625 112 1686 sim
122 1630 347 1705 popularentur,
364 1629 523 1705 eruptione
535 1629 760 1704 oppidanorum
771 1627 949 1704 etltlaganis
961 1645 1030 1692 curn

65 1711 182 1785 equitatu
202 1715 300 1775 territi
320 1720 351 1774 et
363 1713 475 1789 trepidi
489 1714 530 1773 ad
544 1713 633 1788 signa
651 1711 764 1774 milites
776 1713 898 1788 palatas
912 1713 1029 1790 passim

63 1806 241 1872 revocarunt,
265 1806 298 1859 et
317 1798 444 1858 vixdum
462 1797 607 1858 instructa
627 1798 693 1858 acie
707 1796 768 1858 iusi
789 1813 884 1873 supra
898 1797 979 1858 mille
1000 1805 1030 1858 et

66 1880 231 1957 quingentos
247 1883 359 1944 milites
375 1882 549 1943 amiserunt.
582 1881 653 1942 inde
667 1883 775 1958 ingens
791 1882 907 1956 ferocia
921 1897 1028 1958 super-

64 1960 111 2022 bae
123 1976 229 2044 suopte
243 1968 368 2044 ingenio
381 1965 586 2042 genticrevit
608 1967 774 2043 malusque
789 1965 915 2041 proeliis
931 1967 1028 2026 luces-

65 2046 156 2110 sebant
167 2052 356 2113 Romanosz·
366 2051 424 2112 sed
443 2049 620 2112 intentiores
635 2051 676 2110 ad
696 2050 868 2111 cavendum
883 2050 1028 2110 consules

64 2146 113 2192 una
125 2149 224 2210 pugna
236 2137 356 2196 fecerat
369 2136 490 2196 incaute
504 2140 596 2210 atque
609 2135 780 2196 inconsrdte
795 2134 877 2194 inita.
898 2133 1029 2194 restituit

64 2219 148 2278 tanen
161 2219 208 2280 his
223 2211 391 2281 animas'et
405 2219 465 2280 illis
480 2219 586 2280 minuit
599 2218 760 2280 audaciam
775 2233 871 2294 parva
883 2233 946 2278 uua
960 2232 1027 2277 rese

65 2300 109 2359 sed
121 2301 147 2362 ia
158 2303 238 2366 bello
250 2304 326 2364 nihil
336 2311 398 2364 tam
409 2306 478 2364 leve
491 2311 546 2378 est,
564 2304 648 2379 quud
660 2318 721 2363 non
733 2317 862 2378 magnae
877 2300 1027 2361 interdum

64 2383 98 2442 rei
114 2396 296 2450 momentum
319 2388 419 2448 iaciat.
450 2387 482 2447 Τ.
499 2387 638 2462 Quinctio
654 2387 794 2463 Crispina
809 2385 924 2446 Badias
940 2384 1026 2446 Carn-

65 2481 149 2539 panus
163 2471 282 2550 hospes
297 2478 362 2534 erat
375 2471 570 2548 perfamiliari
584 2471 721 2548 hospitio
736 2471 867 2532 iunctus.
890 2477 1029 2530 creverat

65 2559 256 2632 consuetudo,
281 2557 365 2633 quod
385 2571 477 2631 aeger
490 2555 608 2617 Romae
628 2555 710 2631 apud
726 2555 898 2632 Crispinum
911 2553 1028 2616 Badius

65 2643 122 2696 ante
146 2640 347 2707 deiectionem
368 2640 552 2715 Campanam
579 2640 743 2701 liberaliter
769 2640 955 2716 comiterque
977 2655 1029 2700 cu·

65 2727 134 2783 raus
155 2726 260 2788 luerat.
301 2725 328 2786 is
348 2731 410 2786 tam
428 2723 545 2785 Badius
569 2739 756 2801 progressus
778 2732 848 2785 ante
869 2724 1027 2798 stationes

67 2817 133 2876 quae
154 2825 206 2885 pro
230 2817 320 2886 parta
339 2806 474 2884 subant,
496 2809 601 2870 vacari
623 2808 795 2884 crispinum
814 2809 912 2870 iussit.
944 2809 1027 2884 quod

67 2885 108 2947 ubi
122 2899 166 2953 est
179 2894 319 2970 crispino
339 2892 516 2968 nuntiatum,
537 2899 622 2954 ratus
637 2893 823 2969 colloquium
841 2894 972 2954 amioum
990 2907 1027 2953 ac

68 2969 198 3038 familiare
214 2980 333 3055 quaeri,
357 2984 499 3038 manento
513 2978 661 3038 memoria
674 2978 764 3038 etiam
779 2977 809 3040 in
825 2977 956 3039 discidio
971 2993 1028 3052 pur

68 3051 196 3123 blioomm
207 3064 363 3124 raedorum
380 3061 490 3138 privati
505 3061 588 3136 iuris,
604 3063 728 3138 paulum
744 3079 762 3122 a
778 3062 887 3123 ceteris
901 3076 1027 3138 proces·

68 3138 106 3199 sit.
132 3155 290 3224 postquam
310 3146 340 3206 in
362 3152 562 3222 conspectum
582 3161 713 3222 venere,
734 3161 892 3223 „provoco
913 3149 964 3206 te“
984 3144 1027 3202 ia-

71 3225 121 3296 quit
131 3231 187 3304 „ad
199 3247 337 3308 pugnam,
351 3230 499 3306 crispine,
514 3229 645 3292 Badius=
662 3232 907 3292 conscendamus
919 3241 1026 3302 equos,

70 3316 269 3390 summotisque
289 3315 371 3390 aliia,
398 3321 466 3375 uter
485 3315 565 3375 bello
586 3315 696 3376 melior
713 3315 768 3389 sit,
797 3313 1026 3374 decumamus‘t

71 3391 101 3450 td
113 3410 146 3458 ea
156 3399 309 3475 crispinus
323 3414 381 3459 nec
397 3397 455 3460 sibi
470 3413 528 3459 neo
542 3399 584 3458 illi
599 3399 641 3460 ait
651 3399 758 3460 hostes
774 3398 895 3470 deesse,
917 3395 946 3455 in
963 3393 1020 3468 qui

72 3469 117 3538 bus
135 3482 267 3544 virtutem
288 3484 466 3546 ostendant:
498 3497 547 3557 se,
575 3483 693 3545 etiarnsi
714 3483 745 3543 in
766 3481 833 3542 acie
854 3477 1025 3541 occurrerit.
