2448 3900
189 214 252 278 288
361 211 476 273 LIBER
489 209 594 272 XXIX.
616 207 698 268 CAP.
712 215 739 270 8.
753 213 780 270 9.
801 206 839 283 [ι.
851 211 889 268 U.
900 229 923 264 c.
935 205 1000 272 itii]

189 371 296 431 urbem
309 367 431 440 relicto,
453 381 523 426 curu
538 362 649 439 quibus
662 366 791 422 venerat
807 358 907 434 copiis
921 359 1106 418 Messanam
1117 365 1167 417 trr-

189 461 319 596 lecu'lta
332 531 468 610 superbe
481 538 510 592 et
525 530 686 592 crudeliter
700 526 794 588 habiti
805 526 978 590 Locrenses
995 523 1037 585 ab
1056 524 1169 586 cariba-

188 619 381 697 giniensibus
396 623 469 692 post
482 615 684 676 deiectionem
698 611 737 672 ab
750 611 898 674 Romanis
913 612 1048 685 fueraut,
1069 617 1103 670 ut
1116 626 1167 669 mo-

190 705 276 765 dicas
302 701 428 764 iniurias
454 715 516 762 non
541 714 640 774 aequo
666 697 760 758 modo
786 696 887 756 animo
909 694 973 770 pati
995 694 1060 754 sed
1082 709 1169 770 prope

188 787 294 848 libenti
315 791 460 862 possenti
478 799 584 844 verum
606 782 685 842 enim
708 796 782 840 vcro
804 785 918 840 tautum
931 778 1108 838 Pleminius
1122 778 1170 837 lla·

188 871 343 931 milcarem
355 866 501 945 praesidii
515 867 711 942 praetectum,
726 871 840 924 tantum
854 862 1056 938 praesidiarii
1070 863 1171 922 milites

189 953 320 1015 Romani
340 951 463 1014 Poenos
484 952 601 1012 scelere
621 956 713 1024 atque
733 947 862 1008 avaritia
880 955 1128 1022 superaverunt,
1147 955 1171 1006 ut

189 1054 251 1098 non
266 1036 359 1098 armis
370 1036 428 1097 sed
440 1034 521 1096 vitiis
536 1034 690 1094 videretur
705 1033 823 1092 certari.
844 1031 918 1093 nihil
934 1032 1089 1106 omnium,
1104 1047 1171 1106 quae

189 1121 274 1197 inopi
295 1120 411 1182 invisas
433 1135 510 1196 opes
524 1117 705 1194 potentioris
721 1117 850 1191 iaciunt,
871 1116 1130 1192 praetermissum
1148 1118 1169 1174 iu

190 1205 366 1281 oppidanos
387 1209 435 1264 est
453 1203 585 1263 abduce
607 1209 657 1262 aut
671 1217 690 1261 a
703 1199 861 1261 militibus:
882 1200 913 1259 in
935 1214 1078 1276 corpora
1099 1201 1169 1275 ipso-

190 1306 265 1363 rum,
287 1289 318 1350 in
333 1288 457 1362 liberos,
479 1286 511 1346 in
526 1285 672 1360 coniuges
687 1284 831 1346 infandae
846 1285 1055 1345 contumeliae
1071 1284 1169 1344 editae.

189 1389 260 1433 narn
280 1372 407 1432 avaritia
428 1386 467 1431 ne
488 1386 645 1432 sacrorum
668 1368 791 1444 quidem
812 1368 999 1444 spoliatione
1020 1369 1169 1439 abstinuit

189 1472 248 1516 nec
263 1457 325 1517 alia
338 1455 432 1518 modo
446 1455 561 1531 templa
573 1455 702 1527 violata,
724 1453 781 1513 sed
793 1452 998 1528 Proserpinae
1017 1453 1116 1513 etiarn
1135 1453 1169 1510 in-

190 1540 261 1600 tacti
284 1541 365 1600 omni
385 1546 484 1600 aetate
504 1538 654 1613 thesauri,
676 1542 889 1613 praeterquam
904 1537 990 1612 quod
1011 1553 1035 1596 a
1049 1537 1168 1615 Pyrrho,

192 1624 244 1698 qui
266 1639 334 1684 oum
354 1638 465 1696 magno
486 1622 608 1699 piaculo
629 1621 781 1697 sacrilegii
801 1621 849 1681 sui
869 1621 1035 1681 manubias
1057 1621 1168 1693 rettulit,

190 1705 312 1781 spoliati
332 1705 519 1766 dicebantur.
552 1722 625 1782 ergo
641 1706 720 1766 sicut
739 1710 811 1765 ante
826 1705 930 1779 regiae
943 1719 1048 1765 naves
1064 1706 1165 1765 lacera·

189 1797 238 1850 tae
252 1789 417 1866 naufragiis
429 1789 503 1850 nihil
517 1791 669 1850 interram
683 1789 792 1864 integri
806 1796 929 1864 praeter
942 1805 1072 1850 sacram
1087 1805 1166 1866 pecu·

188 1874 270 1936 niam
290 1875 382 1948 deae,
406 1890 497 1949 quarn
519 1873 938 1950 asportabant,‚extulerant,
961 1879 1027 1933 tum
1052 1888 1165 1950 quoque

188 1958 248 2020 alio
270 1974 382 2035 genere
403 1958 500 2018 cladis
521 1959 630 2018 eadem
650 1958 701 2018 illa
714 1958 847 2033 pecunia
866 1957 1007 2018 omnibus
1025 1958 1165 2019 contactis

189 2057 226 2102 ea
240 2042 405 2103 violatione
416 2043 520 2118 templi
535 2043 669 2103 lurorem
684 2041 802 2114 obiecit,
818 2047 910 2117 atque
924 2041 1001 2102 inter
1016 2058 1058 2103 se
1069 2044 1165 2103 ducem

188 2126 219 2184 in
234 2126 353 2200 ducem,
369 2126 493 2186 militem
505 2127 537 2187 in
551 2126 674 2187 militem
688 2125 773 2186 rabie
786 2124 890 2186 hostili
902 2126 1000 2186 vertit
1025 2127 1080 2188 IX.
1096 2142 1162 2187 sum·

189 2225 256 2270 mac
275 2210 320 2270 rei
339 2209 502 2272 Pleminius
517 2217 673 2286 praeeram
696 2210 822 2270 militum
838 2225 910 2286 pars
925 2210 984 2270 sub
1001 2225 1062 2284 eo,
1087 2225 1165 2285 quan

191 2293 258 2368 ipse
278 2294 317 2354 ab
332 2294 428 2369 Regio
450 2294 633 2369 abduxerat,
655 2310 728 2370 pars
747 2292 805 2354 sub
825 2292 954 2354 tribunis
976 2303 1054 2356 erat.
1087 2301 1163 2370 rapto

191 2378 303 2452 poculo
319 2387 464 2453 argenteo
480 2394 519 2438 ex
535 2377 683 2454 oppidani
693 2377 928 2439 domoPleminii
940 2379 1029 2439 miles
1042 2379 1163 2454 lugiens,

189 2462 389 2536 sequentibus
408 2479 535 2538 quorum
550 2469 629 2536 erat,
652 2461 762 2522 obvius
777 2461 855 2522 torte
868 2461 976 2538 Sergio
992 2469 1025 2523 et
1038 2463 1161 2523 Matieno

187 2544 315 2605 tribunis
327 2545 453 2606 militum
464 2545 533 2618 iuit;
551 2545 678 2606 cuicum
692 2546 781 2607 iussu
791 2545 981 2608 tribunorum
995 2547 1161 2623 ademptum

189 2628 332 2701 poculum
346 2637 444 2700 esset,
466 2629 596 2704 iurgirnn
609 2629 681 2688 inde
696 2636 726 2690 et
740 2631 868 2703 clamor,
889 2646 993 2706 pugna
1013 2639 1159 2707 postremo

188 2717 254 2770 orta
267 2710 345 2772 inter
357 2710 494 2772 Pleminii
508 2713 617 2774 milites
632 2712 893 2790 tribunorumque,
908 2721 941 2774 ut
954 2715 1021 2777 suis
1037 2717 1159 2792 quisque

189 2802 381 2870 opportunus
402 2796 583 2872 advenerat,
605 2797 794 2858 multitudine
809 2797 898 2859 simul
912 2814 949 2858 ac
963 2801 1093 2860 tumultu
1106 2813 1157 2857 cre

187 2884 301 2938 scente.
329 2878 401 2939 victi
414 2879 550 2940 Pleminii
564 2881 674 2942 milites
689 2897 757 2941 cum
772 2882 812 2941 ad
825 2881 1010 2958 Pleminium,
1028 2897 1155 2944 cruorem
1186 2909 1187 2915 κ

188 2977 225 3022 ac
238 2965 365 3024 vulnera
386 2971 591 3038 ostentantes,
610 2982 672 3027 non
693 2965 761 3026 sine
774 2966 994 3026 vociteratione
1014 2975 1106 3042 atque
1121 2966 1155 3024 in-
1185 3017 1186 3037 ,

187 3047 363 3124 dignatione
377 3049 619 3124 concurrissent,
642 3049 755 3124 probra
769 3050 799 3109 in
814 3065 884 3110 eum
898 3050 999 3126 ipsum
1013 3050 1120 3112 iactata
1130 3049 1152 3107 in
1184 3099 1185 3106 ,

189 3129 293 3206 iurgiis
309 3133 484 3206 referentes,
507 3147 658 3194 accensus
673 3133 718 3192 ira
732 3134 824 3195 domo
840 3148 913 3194 sese
927 3134 1090 3211 proripuit,
1110 3147 1152 3190 vo·
1184 3107 1185 3159 ¹

187 3220 335 3288 catosque
355 3214 494 3276 tribunos
517 3217 625 3276 nudari
640 3233 676 3276 ac
690 3217 793 3292 virgas
814 3217 953 3292 expediri
973 3219 1063 3280 iubet
1094 3218 1151 3277 dum
1183 3205 1184 3284 i

188 3297 358 3369 spoliandis
372 3297 411 3356 iis
424 3327 467 3340 -
485 3299 696 3373 repugnabant
710 3300 791 3360 enim
805 3301 993 3378 militumque
1006 3302 1097 3364 tidem
1108 3301 1150 3360 irn-

188 3375 401 3447 plorabant-
425 3387 546 3454 tempus
567 3381 686 3454 teritur,
707 3391 833 3460 repente
853 3385 964 3446 milites
978 3387 1096 3447 seroces
1114 3399 1150 3444 re·

189 3459 266 3516 renti
283 3459 410 3520 victorie
425 3478 464 3521 ex
479 3463 619 3523 omnibus
635 3465 721 3534 locis,
741 3469 825 3529 velut
839 3467 990 3532 adversus
1004 3469 1108 3530 hostes
1120 3464 1151 3526 ad
1166 3535 1181 3864 J
