2448 3900
263 244 378 305 LIBER
392 246 537 343 Xllvllh
551 245 634 307 cal).
649 255 692 308 aa.
714 253 750 322 [a.
763 252 870 320 ceos]
982 247 1054 311 ’269

62 401 212 457 cemento
236 395 307 456 sint.
341 411 381 456 ne
401 396 469 472 tibi,
490 396 521 456 P.
538 397 673 472 Corneli,
696 415 765 460 cunr
786 415 826 460 ex
842 403 903 463 alto
918 399 1053 462 Africam

62 481 294 556 conspexeris,
315 480 406 541 ludus
427 488 458 542 et
476 481 563 542 iocus
579 482 684 543 luisse
698 483 865 560 Hispaniae
886 493 956 547 tuae
970 485 1054 547 vide-

62 567 195 626 buntur!
232 565 307 640 quid
336 565 416 624 enirn
441 565 559 626 similer
589 573 699 642 pacato
724 569 800 630 muri
825 576 946 644 praeter
971 585 1055 631 oram

63 650 171 710 ltaliae
195 648 378 724 Galliaeque
401 657 509 711 rectus
530 650 692 726 Emporias
720 652 750 712 in
774 652 880 713 urbem
901 653 1054 715 sociorum

63 735 203 794 classem
227 731 392 808 appulisti;
421 735 579 809 expositos
594 735 704 796 milites
720 753 776 812 per
788 737 939 798 tutissima
954 741 1055 798 omnia

64 818 104 878 ad
127 817 241 878 socios
263 824 292 878 et
313 817 427 878 emices
444 819 550 894 populi
564 820 694 879 Romani
705 822 908 883 Tarraconem
924 821 1054 892 danista

65 901 103 962 ab
123 895 307 962 Tarracone
333 902 444 962 deinde
465 903 521 962 iter
541 919 598 978 per
618 904 773 978 praesidia
791 905 945 976 Romamn
974 906 1054 968 eirea

65 987 217 1046 hiberum
242 986 395 1046 exercitus
417 986 512 1062 patris
533 988 695 1062 patruique
709 987 752 1050 tui
767 996 840 1064 post
852 989 984 1051 amissos
999 989 1055 1049 im·

67 1077 232 1146 peratores
250 1069 418 1131 ferociores
435 1076 465 1130 et
479 1071 649 1132 calamitate
660 1073 744 1148 ipssa
768 1074 831 1133 dux
842 1074 1054 1134 tumultuarius

68 1154 195 1231 quidem
217 1155 271 1215 ille
291 1153 325 1214 L.
339 1154 489 1228 Marcius,
511 1162 542 1216 et
561 1156 680 1216 militari
701 1155 850 1232 suffragio
872 1158 912 1218 ad
931 1164 1053 1234 tempus

68 1242 180 1316 lectus,
205 1245 343 1300 ceterum
364 1240 390 1299 si
405 1239 547 1304 nobilitas
567 1255 604 1300 ae
625 1240 695 1302 iusti
709 1241 843 1302 honores
859 1243 1053 1315 adornarent,

68 1324 159 1384 claris
181 1323 423 1399 imperatoribus
447 1325 581 1399 qualibet
602 1330 667 1385 arte
686 1325 757 1385 belli
778 1341 851 1402 par;
877 1333 1055 1402 oppugnata

70 1423 124 1482 per
146 1424 306 1468 summum
327 1409 420 1469 otium
435 1408 586 1484 Carthago
601 1411 683 1470 nullo
700 1409 788 1470 trium
803 1409 987 1472 Punicorum
1002 1426 1054 1471 ex·

71 1492 220 1554 ercituum
249 1493 354 1554 socios
376 1493 576 1564 defendente3
612 1501 770 1554 cetera-
783 1509 885 1570 neque
905 1510 943 1554 ea
957 1497 1053 1570 elevo,

72 1578 150 1638 nullo
166 1584 272 1638 tamen
287 1577 379 1638 modo
391 1576 496 1638 Africo
511 1577 591 1638 bello
608 1579 823 1653 comparando,
839 1579 890 1640 ubi
906 1595 967 1640 non
983 1596 1054 1655 por-

73 1667 118 1721 tus
137 1662 222 1723 ullus
247 1662 339 1722 classi
360 1669 485 1722 nostrae
500 1670 640 1738 apertus,
661 1677 723 1723 non
738 1679 812 1739 ager
826 1670 971 1740 pacatus,
993 1680 1053 1725 non

75 1743 176 1807 civitas
193 1746 291 1820 socia,
308 1762 368 1806 non
383 1761 440 1806 rex
454 1747 579 1820 amicus,
595 1763 657 1808 non
672 1750 852 1810 conectendi
867 1765 992 1824 usquam
1006 1752 1054 1810 lo-

73 1844 121 1888 cus
134 1846 195 1892 aon
210 1830 412 1906 procedendi,
436 1847 630 1906 quacumque
645 1832 916 1908 circumspexeris,
931 1831 1054 1893 hostilia

72 1913 171 1975 omnia
200 1921 296 1991 atque
322 1914 441 1975 intesta.
476 1932 514 1975 an
541 1914 678 1993 Syphaci
702 1915 903 1991 Numidisque
932 1916 1055 1976 eredist

72 1997 145 2058 satis
161 1999 203 2059 sit
218 2000 315 2060 semel
331 1999 494 2060 creditum:
515 2015 576 2060 non
596 2015 719 2074 semper
732 1999 887 2060 temeritas
904 2005 951 2060 est
961 2000 1052 2070 lelix;

73 2088 101 2140 et
121 2082 206 2144 fraus
229 2083 322 2144 fidem
345 2083 374 2142 in
396 2085 501 2158 parvis
525 2083 582 2144 sibi
603 2083 782 2159 praestruit,
805 2090 838 2144 ut
852 2098 921 2143 cum
937 2097 1052 2158 operae

75 2166 200 2237 pretium
223 2167 278 2242 sit,
301 2182 369 2227 cum
383 2169 526 2230 mercede
540 2183 651 2243 magna
666 2168 757 2228 sallat.
793 2183 855 2229 non
876 2165 983 2227 hostes
998 2182 1065 2241 pa·-

74 2256 143 2310 trem
167 2259 374 2327 patruumque
395 2258 478 2313 tuum
499 2253 591 2312 ermis
605 2252 692 2328 prius
709 2268 799 2349 quam
815 2250 954 2334 chtiberi
976 2250 1051 2312 socii

75 2329 179 2396 fraude
204 2337 485 2407 circumv,enerunt
518 2352 576 2396 nec
596 2337 677 2396 tibi
670 2336 730 2411 rpsi
747 2318 911 2411 aMa'gone
929 2335 1051 2395 atilae·

73 2416 214 2497 dmbale,
235 2421 369 2482 hostium
390 2422 536 2495 ducibus,
560 2427 705 2498 quantum
720 2421 758 2480 ab
772 2420 909 2481 Indebile
924 2425 954 2479 et
967 2417 1052 2478 Man-

74 2500 197 2579 donio,
189 2522 220 2564 m
236 2506 328 2565 lldcm
343 2507 488 2582 acceptis,
504 2505 631 2581 periculi
647 2504 712 2565 luit
733 2503 871 2566 Numrdrs
881 2509 914 2564 tu
926 2503 1052 2564 credere

74 2594 168 2661 potes,
185 2589 387 2651 delectionem
402 2591 527 2651 militum
542 2596 663 2651 tuorum
685 2595 851 2672 expertus?
879 2593 909 2648 ct
923 2585 1052 2685 Syphax

75 2675 103 2728 et
114 2670 280 2734 Masinissa
295 2689 331 2734 se
346 2690 438 2749 quam
454 2672 720 2749 cartilaginienses
734 2676 850 2734 malunt
864 2672 1028 2748 potentes
1021 2689 1050 2731 m

74 2751 174 2816 hlriea
204 2773 290 2831 esse,
321 2757 586 2834 Carthaginienses
612 2773 703 2833 quam
734 2773 919 2833 quemquam
950 2757 1050 2816 alium.

74 2851 151 2901 nunc
166 2841 236 2902 illos
252 2843 413 2904 aemulatio
429 2838 506 2902 inter
521 2857 556 2903 se
567 2848 597 2903 et
608 2857 715 2904 omnes
729 2857 842 2903 causae
855 2841 1051 2902 certaminum

76 2933 193 2999 acuunt,
209 2926 280 3002 quia
294 2929 402 3002 procul
420 2934 565 2988 externus
577 2934 675 2988 metus
688 2933 750 2987 est=
774 2926 903 2988 ostonde
913 2927 1052 2986 Romana

75 3019 154 3068 arma
169 3016 200 3070 et
213 3011 379 3071 exereitum
394 3011 609 3086 alienigenam,
624 3012 709 3072 velut
720 3011 761 3072 ad
772 3025 931 3072 commune
942 3007 1050 3067 restin-
1086 3009 1088 3014 '
1121 3037 1122 3040 π

77 3093 224 3160 guendum
242 3096 416 3156 incendium
432 3103 623 3157 concurrent.
657 3095 742 3156 aliter
757 3093 856 3155 eidem
871 3093 912 3153 illi
926 3090 1050 3152 Cartha·
1102 3126 1115 3154 ι

77 3171 225 3244 ginienses
245 3178 425 3254 Hispaniam
447 3181 665 3254 defenderunt,
687 3179 773 3240 aliter
792 3177 913 3238 moenia
935 3175 1051 3250 patriae

76 3260 183 3334 templa
209 3263 315 3338 deum,
344 3280 413 3324 aras
434 3271 464 3326 ot
484 3266 571 3326 iocos
594 3263 773 3338 defendent,
800 3277 867 3322 cnm
890 3267 998 3320 euntes
1019 3259 1048 3318 in

80 3345 220 3412 proelium
242 3349 354 3424 pavida
375 3356 581 3426 prosequetur
603 3347 736 3408 coniunx
751 3353 781 3407 et
794 3345 880 3421 parvi
896 3343 982 3404 liberi
998 3358 1043 3402 oc·
1103 3405 1105 3414 ,

80 3429 247 3493 cursabunt.
280 3431 355 3508 quid
376 3449 485 3509 porro,
511 3433 537 3492 si
558 3432 631 3492 satis
653 3429 762 3492 confisi
784 3427 1048 3504 carthaginienses

82 3520 227 3577 consensu
241 3517 380 3593 Africae,
402 3517 464 3577 lide
485 3515 638 3578 sociorum
652 3530 773 3590 regum,
798 3513 956 3574 moenibus
973 3512 1052 3585 suis,
