2448 3900
257 236 374 296 LIBER
388 236 521 299 XXVIII.
545 237 629 300 cAP.
643 243 687 301 ee.
710 245 745 312 [a.
759 243 863 312 enos]
914 271 923 286 .
986 237 1048 302 2⁶5

50 354 166 466 prope
184 395 282 464 esset,
304 395 339 449 ut
361 388 525 464 optabilem
539 404 579 448 ex
593 389 763 450 miserrima
784 391 906 450 fortuna
919 389 1047 453 habere·

50 490 144 549 mue,
156 472 187 532 P.
201 480 230 533 et
241 473 293 533 cu.
307 472 437 534 Cornelii
451 471 652 548 imperatores
666 473 760 532 vestri
774 473 945 536 luctuosius
956 475 1046 536 noble

49 573 192 633 quoque
213 573 305 632 quam
324 556 414 617 vobis
429 556 593 632 perierunt.
628 564 781 618 tumuere
797 557 837 616 ad
852 557 912 618 hoc
925 559 1047 621 retracti

48 657 99 700 ex
125 641 307 702 distantibus
330 639 407 701 locis
429 639 460 700 in
481 640 588 700 sedem
611 640 767 716 antiquam
791 640 987 715 videbamur,
1013 651 1047 704 ut

48 725 172 786 itermn
192 724 363 800 periremus
378 731 408 784 et
422 725 549 786 alterum
563 725 716 785 excidium
729 724 847 800 patriae
860 725 1045 803 videremus,

50 825 122 870 nec
136 809 177 869 ad
191 809 359 884 perniciem
373 816 510 871 nostram
524 808 766 884 cathaginensi
780 809 885 885 utique
901 817 952 871 aut
966 811 1046 872 duce

50 900 116 954 aut
131 893 268 954 exercitu
279 909 359 969 opus
376 909 464 963 esse;
488 893 527 953 ab
537 893 680 954 Turdulis
696 909 753 955 nos
764 893 934 953 veterrimis
949 893 1044 957 hosti·

50 978 136 1051 bue,
160 978 213 1053 q'ui
227 977 341 1053 prioris
357 993 482 1054 quoque
497 977 608 1038 excidii
628 993 723 1039 eausa
738 977 826 1038 nobis
842 979 976 1053 luerunt,
991 993 1043 1039 ex-

52 1061 176 1136 stingui
197 1077 310 1138 posse:
343 1077 413 1122 cum
433 1076 473 1122 ex
486 1063 644 1136 insperato
666 1067 792 1139 repente
813 1060 939 1123 misIstis
955 1061 1042 1124 nobis

54 1146 92 1204 Ρ.
112 1145 195 1206 hune
209 1145 399 1222 Scipionem,
422 1161 514 1222 quem
527 1145 760 1207 fortunatissimi
775 1146 910 1206 omnium
925 1144 1042 1221 Sagun·

53 1230 196 1292 tinorum
217 1231 358 1290 videmur
380 1231 453 1307 quia
476 1232 635 1292 consulem
650 1231 837 1292 declaratum
850 1230 991 1291 videmus
1007 1247 1043 1303 a·

55 1315 180 1374 vidisse
211 1331 269 1375 nos
295 1314 414 1376 civibus
440 1315 554 1376 nostris
579 1314 778 1376 renuntiaturi
802 1330 925 1388 sumus,
955 1329 1043 1388 spem

56 1413 184 1459 omnem
207 1400 398 1473 salutemque
412 1407 563 1469 nostram;
598 1398 734 1475 quicum
749 1398 895 1473 plurimas
909 1397 1043 1458 hostium

58 1489 233 1543 vestrorum
257 1482 392 1558 cepisset
411 1480 443 1542 iu
456 1482 605 1558 Hispania
625 1482 732 1556 urbes,
755 1482 870 1558 ubique
883 1497 922 1544 ex
938 1489 1042 1559 capto-

57 1583 130 1627 rum
158 1582 287 1629 nurnero
311 1564 454 1629 excretos
484 1566 671 1642 Saguntinos
698 1566 728 1628 in
756 1567 885 1644 patriam
911 1568 1039 1639 remisitr

61 1657 220 1724 postremo
233 1651 456 1726 Turdetaniam,
472 1651 551 1712 adeo
567 1651 709 1713 infestam
724 1653 823 1723 nobis
842 1659 873 1712 ut
887 1652 939 1712 illa
952 1659 1042 1728 gente

60 1734 206 1796 ineolumi
222 1743 303 1796 stare
318 1734 488 1810 Saguntum
502 1752 564 1796 non
579 1746 695 1812 posset,
717 1737 757 1797 ita
772 1737 851 1796 bello
868 1735 995 1810 adflixit,
1011 1745 1043 1797 ut

58 1833 124 1878 non
146 1819 238 1879 modo
260 1819 495 1880 nobis-absit
513 1821 609 1880 verbo
637 1820 818 1892 invidia—‚
841 1836 880 1880 ne
907 1821 1042 1894 posteris

59 1903 189 1979 quidem
209 1903 344 1963 tImenda
364 1904 479 1965 nostris
494 1911 587 1965 esset.
622 1905 753 1964 deletam
766 1903 873 1963 urbem
889 1905 1041 1965 cernimus

57 2003 177 2059 eorum,
194 2003 326 2064 quorum
339 1987 370 2047 in
385 1989 513 2062 gratiam
527 1987 694 2062 Saguntum
710 1988 866 2046 deleverat
875 1987 1041 2047 Hannibal:

58 2071 193 2146 vectigal
218 2086 259 2131 ex
278 2089 352 2147 agro
379 2087 487 2133 eorum
508 2071 662 2146 capimus,
689 2071 773 2146 quod
795 2069 885 2133 nobis
900 2087 962 2131 non
980 2079 1041 2132 tarn

56 2157 163 2216 iructu
177 2156 341 2217 iucundius
356 2163 404 2217 est
418 2173 510 2232 quant
523 2155 647 2216 ultione.
685 2153 724 2214 ob
738 2154 829 2226 haec,
853 2153 963 2230 quibus
979 2171 1040 2214 nra-

58 2241 130 2302 iora
150 2255 208 2300 nec
222 2256 350 2317 sperare
364 2255 422 2300 nec
436 2249 544 2316 optare
560 2240 599 2299 ab
619 2240 666 2300 dis
682 2237 902 2314 immortalibus
919 2244 1040 2312 potera-

57 2341 145 2398 muS,
166 2325 281 2399 gratim
303 2332 405 2386 actum
420 2339 477 2386 nos
494 2325 601 2384 decem
615 2325 734 2397 legatos
750 2321 936 2396 Saguntmus
951 2337 1040 2381 sena-

57 2420 110 2470 tus
127 2410 326 2484 populusque
340 2408 451 2469 advos
467 2406 563 2478 misit3
585 2407 675 2466 simul
689 2406 885 2481 gratulatum,
902 2406 987 2480 quod
1001 2405 1042 2466 ita

57 2509 111 2553 res
128 2493 186 2553 Iros
202 2509 300 2554 annos
311 2493 342 2552 in
353 2491 503 2567 Hispania
513 2498 605 2566 atque
617 2490 701 2552 Italia
712 2489 861 2564 gessistis,
877 2490 920 2549 uti
931 2489 1041 2564 Hispa-

59 2577 143 2636 niam
163 2592 225 2638 non
239 2576 353 2637 Hibero
374 2591 464 2636 amne
483 2583 588 2650 teum,
610 2576 667 2635 sed
682 2589 742 2649 qua
757 2582 906 2634 terrarum
920 2573 1040 2633 ultimas

58 2661 126 2721 linit
141 2659 298 2735 Oceanus,
319 2660 463 2722 domitam
477 2659 570 2720 armis
584 2658 736 2732 habeatiS,
758 2657 877 2732 itallae,
892 2658 951 2717 nisi
966 2673 1041 2734 qua-

59 2755 150 2805 tenus
172 2745 286 2805 vallum
307 2750 477 2805 castrorum
500 2743 606 2818 cingit,
629 2743 703 2802 nihil
724 2741 907 2817 reliqueritis
926 2741 1039 2803 Poeno.

60 2829 126 2890 lovi
139 2827 253 2903 optimo
265 2827 408 2902 maximo,
421 2827 557 2903 praesidi
565 2826 752 2901 Capitolirrae
763 2826 852 2900 arcis,
864 2842 926 2887 non
938 2832 1041 2900 grates

60 2919 176 2973 tantum
191 2913 230 2974 ob
244 2913 321 2972 haee
335 2927 429 2986 agere
443 2911 520 2972 iussi
536 2926 651 2982 sumus,
668 2909 724 2970 scd
739 2910 853 2971 donum
866 2909 926 2971 hoe
941 2910 1040 2984 etlam,

61 2997 88 3057 si
101 3012 160 3056 vos
175 2995 399 3071 pennitteretis,
415 3010 561 3056 coronam
576 3010 700 3054 auream
714 2992 744 3053 in
753 2993 931 3068 capitolium
944 2994 1040 3053 victo·

61 3081 124 3140 riae
139 3095 213 3154 ergo
229 3081 318 3139 lerre.
354 3079 386 3139 id
400 3079 443 3139 uti
458 3079 637 3154 permittatis
653 3092 856 3151 quaesumus,
877 3077 998 3152 utique,
1013 3075 1038 3135 si

61 3164 151 3224 vobis
171 3164 213 3223 ita
235 3165 404 3236 videretur,
427 3173 506 3238 quae
527 3162 616 3221 nobis
634 3162 833 3236 imperatores
849 3159 942 3240 uestri
958 3173 1040 3218 eom·

61 3249 154 3309 moda
166 3247 344 3321 tribuerunt,
361 3263 398 3306 ea
412 3254 479 3307 rata
488 3252 581 3321 atque
594 3252 741 3320 perpetua
751 3243 1042 3303 auctoritatevestra

62 3331 209 3394 laciatis“.
238 3337 364 3392 senatus
378 3330 487 3406 legatis
502 3328 679 3404 Saguntinis
692 3325 853 3401 respondit
867 3334 897 3385 et
910 3325 1042 3386 dirutum

62 3422 93 3476 et
109 3416 281 3477 restitutum
302 3413 471 3489 Saguntum
490 3413 563 3473 fidei
585 3411 708 3472 soctaIIs
729 3409 881 3485 utrImque
901 3421 1042 3470 servatae

64 3501 278 3562 documentum
306 3499 448 3558 omnibus
468 3497 609 3571 gentibus
631 3497 708 3555 lore.
744 3508 819 3553 suos
840 3493 1040 3568 imperatores
