2434 3902
236 181 350 275 ureae
365 213 500 274 xxvru.
524 213 661 276 caran.
685 216 842 293 [acam]
969 185 1032 282 ent

29 369 101 430 bus
118 367 275 446 peditum,
299 365 435 442 equitum
450 363 571 428 duobus
585 365 706 428 milibus
721 373 752 428 et
766 367 938 446 quingentis
953 376 1034 433 tran·

30 453 245 515 scenderunt
280 451 399 512 XXXll.
433 449 554 526 Scipio,
581 467 650 512 cum
669 451 730 512 lide
752 453 894 514 solvendi
917 455 1033 531 pariter

33 536 196 600 omnibus
216 535 319 597 noxiis
340 535 536 611 innoxiisque
557 535 702 611 stipendii
722 542 785 596 tum
804 537 890 597 vultu
911 553 948 598 ac
968 555 1033 600 ser·

32 637 140 682 mane
155 621 186 681 in
202 634 309 682 omnes
324 622 444 696 placato
460 619 550 680 iacile
560 619 764 681 reconciliatis
775 619 902 682 militum
913 623 1034 699 animis,

36 708 234 783 priusquam
248 710 350 765 eastra
364 704 402 764 ab
418 703 598 778 carthagine
612 711 757 775 moveret,
781 705 924 766 contione
938 707 1033 769 advo·

31 798 118 851 'cata
140 788 243 850 multis
264 789 369 849 verbis
390 788 420 847 in
443 787 603 864 perfidiam
625 787 836 850 rebellantium
857 792 1034 866 regulorum

39 876 206 946 invectae,
230 887 424 948 nequaquam
446 872 556 932 codem
578 871 678 932 auimo
698 887 734 932 se
749 871 793 931 ire
807 873 972 948 protessus
986 883 1033 938 cst

41 961 88 1020 ad
102 957 322 1020 vindicandum
337 955 367 1016 ici
382 957 494 1029 scelus,
511 973 572 1032 quo
589 955 707 1016 civilem
722 971 857 1018 errorem
872 973 970 1034 nuper
984 975 1032 1020 sa·

43 1043 179 1104 neverit.
217 1048 278 1103 tum
293 1056 328 1101 se
348 1039 430 1101 lraud
445 1055 537 1102 secus
553 1056 645 1116 quam
660 1040 781 1101 viscera
796 1047 952 1102 secantem
966 1059 1033 1119 sua,

44 1144 121 1190 eum
145 1126 259 1202 gemitu
279 1131 309 1186 et
329 1124 462 1187 lacrimis
488 1124 608 1200 triginta
632 1123 787 1186 hominum
808 1124 959 1201 capitibus
980 1143 1032 1188 ex-

45 1214 158 1290 piasse
179 1217 248 1273 octo
270 1209 384 1270 millum
405 1225 462 1270 seu
476 1208 711 1284 imprudentiam
726 1225 782 1270 seu
796 1224 924 1271 naxam=
953 1227 1034 1272 nune

47 1301 130 1358 laeto
146 1302 177 1356 et
191 1300 293 1356 erecto
308 1293 409 1354 animo
425 1293 466 1354 ad
481 1293 607 1354 caedem
622 1293 782 1369 Ilergetum
798 1293 852 1354 ire.
874 1309 935 1354 non
951 1296 1032 1356 enim

48 1398 108 1444 eos
124 1395 227 1456 neque
248 1385 338 1442 natos
354 1378 384 1438 in
399 1379 507 1438 eadem
522 1385 603 1439 terra
617 1393 675 1438 nec
688 1379 750 1438 ulla
764 1392 869 1438 secum
886 1379 1034 1441 societate

50 1468 174 1528 iunctos
188 1479 270 1525 esse.
295 1479 372 1536 eam,
390 1479 470 1539 quae
484 1463 553 1523 sola
567 1462 664 1536 iurarit,
676 1461 753 1530 fidei
768 1468 860 1538 atque
875 1463 1033 1539 amicitiae,

50 1551 141 1627 ipsos
157 1565 213 1626 per
227 1551 329 1609 scelus
345 1548 478 1624 rupisse.
501 1547 532 1606 in
545 1546 681 1608 exercitu
691 1562 749 1609 sue
761 1561 805 1620 se,
820 1553 1034 1624 praeterquam

53 1635 138 1712 quod
159 1649 265 1695 omues
287 1633 371 1694 cives
392 1640 444 1694 aut
464 1629 568 1694 socios
589 1631 749 1708 Latinique
770 1631 901 1692 nominis
921 1631 1032 1707 videat,

54 1719 145 1780 ctiam
159 1733 195 1781 ee
211 1717 336 1791 moueri,
353 1717 438 1793 quod
453 1732 543 1778 nemo
558 1717 622 1776 iere
637 1715 676 1776 sit
690 1715 786 1791 miles,
806 1716 858 1792 qui
873 1733 935 1778 non
950 1723 1002 1778 aut
1015 1733 1035 1776 a

49 1809 162 1880 patruo
184 1819 241 1864 suo
257 1801 309 1862 Gn.
327 1800 486 1878 Scipione,
510 1799 563 1876 qui
580 1799 696 1876 primus
712 1800 840 1862 Romani
855 1801 987 1862 nominis
1002 1802 1032 1862 in

51 1905 121 1949 eam
141 1885 330 1963 provinciam
350 1886 482 1960 venerit,
503 1890 556 1946 aut
570 1901 589 1944 a
603 1891 689 1961 patre
704 1885 832 1946 consule
846 1890 899 1946 aut
913 1902 931 1946 a
945 1901 980 1945 sc
995 1885 1034 1946 sit

50 1989 93 2033 ex
107 1971 193 2033 ltalia
213 1972 377 2032 advectum
399 1969 579 2047 Scipionum
599 1967 728 2042 nomini,
756 1968 902 2043 auspiciis
924 1983 1032 2029 omnes

50 2059 216 2131 adsuetos,
239 2071 318 2132 quos
334 2070 440 2117 secum
454 2054 485 2114 in
500 2053 628 2130 patriam
643 2053 683 2112 aul
698 2051 836 2113 meritum
851 2052 1034 2130 triumphum

50 2143 213 2210 deducere,
222 2140 311 2209 velita
327 2156 406 2216 quos
423 2139 613 2200 consulatum
625 2136 749 2213 petenti,
763 2137 848 2197 velut
861 2136 1033 2198 sicmnium

53 2225 226 2287 communis
248 2229 358 2300 agatur·
375 2224 491 2296 honos,
513 2223 674 2283 adiuturos
689 2227 803 2296 speret.
827 2222 911 2296 quad
925 2221 965 2281 ed
980 2237 1033 2282 ex-

53 2309 241 2387 peditionem
261 2310 387 2371 attineat
402 2323 482 2384 quae
495 2307 602 2381 instet,
624 2306 831 2368 immemorem
846 2320 918 2367 csse
931 2321 1034 2366 rerum

54 2411 180 2456 suarum
199 2399 354 2470 gestarum
376 2394 429 2471 qui
443 2392 475 2453 id
488 2391 601 2453 bellum
616 2390 718 2451 ducat.
754 2389 894 2466 Magonis
910 2390 1034 2452 hercule

54 2480 130 2556 sibi,
152 2479 203 2556 qui
224 2485 311 2540 extra
332 2479 438 2540 orbem
459 2485 606 2540 terrarum
626 2474 657 2534 iu
680 2475 892 2536 circumfusam
910 2474 1032 2536 Oceano

54 2565 186 2628 insulam
207 2580 276 2626 cum
297 2563 405 2640 paucis
420 2561 588 2639 perfugerit
603 2559 749 2634 navibus,
769 2559 914 2622 maiorem
930 2576 1034 2622 curam

54 2665 128 2712 esse
152 2665 244 2724 quam
268 2650 446 2725 llergetuur=
478 2647 592 2725 quippe
616 2647 676 2708 illic
697 2651 728 2708 et
747 2645 857 2719 ducem
880 2645 1034 2724 carthagi·

56 2737 192 2795 alensem
217 2741 248 2795 et
269 2742 547 2812 quantumcumque
570 2731 718 2795 Punicum
741 2731 929 2810 praesidium
954 2749 1034 2810 esse,

57 2821 105 2880 iric
119 2821 252 2880 latrones
266 2821 480 2898 latronumque
495 2821 601 2894 duces,
618 2817 729 2895 quibus
743 2823 776 2878 ut
787 2819 826 2879 ad
838 2818 1033 2894 populandos

56 2903 247 2966 finitimorum
272 2921 366 2981 agros
390 2913 532 2982 tectaque
556 2905 674 2966 urenda
698 2908 729 2965 ct
747 2902 896 2978 rapienda
921 2918 1036 2980 pecora

58 2989 158 3064 aliqua
178 2989 225 3049 vis
246 2989 299 3064 sit,
322 2990 363 3050 ita
383 2991 414 3050 in
436 2990 503 3052 acie
524 3006 561 3050 ac
575 2989 671 3065 signis
687 2988 805 3050 collatis
821 2988 934 3048 nullam
947 3003 1037 3049 esse·-

57 3073 151 3148 megis
172 3074 333 3136 velocitate
348 3075 387 3135 ad
402 3076 505 3149 lugam
520 3091 611 3150 (quam
625 3071 717 3134 a'rmls
732 3074 828 3134 iretcs
843 3077 1034 3149 pugnaturos

58 3173 135 3220 esse.
166 3159 269 3235 itaque
291 3175 352 3220 uon
375 3159 460 3234 quod
480 3161 573 3221 ullum
594 3159 665 3220 inde
680 3158 849 3235 periculum
863 3163 1035 3217 autsemen

59 3241 175 3303 maioris
188 3243 259 3303 belli
271 3244 383 3317 videat,
395 3243 466 3303 ideo
479 3259 523 3317 se,
535 3242 714 3320 priusquam
724 3239 884 3319 provincia
895 3239 1035 3314 decedat,

60 3327 273 3412 opprimendos
290 3329 436 3403 Ilergetes
452 3327 596 3402 (luxisse,
618 3329 674 3388 sed
688 3329 819 3402 primum
832 3340 872 3385 ne
885 3323 1035 3400 impunite

24 3445 26 3456 ·
60 3419 116 3474 tam
129 3413 277 3473 scelerata
297 3413 427 3473 deiectio
443 3419 541 3486 esset,
564 3412 675 3471 deinde
690 3427 729 3471 ne
745 3411 813 3486 quis
828 3409 859 3469 in
874 3406 1034 3484 provincia

61 3497 143 3558 sinrul
162 3496 272 3557 virtute
294 3501 376 3558 tanta
396 3505 427 3558 et
446 3497 588 3557 felicitate
604 3495 774 3570 perdomita
794 3493 918 3556 relictus
934 3492 1030 3556 hostis

99 3599 123 3639 r.
144 3597 205 3640 urvr
228 3598 303 3641 raas
325 3581 373 3640 lll.
794 3587 825 3641 17
