2434 3902
193 225 259 291 258
342 225 459 287 LIBER
468 225 604 286 XXVIII.
626 224 820 287 classes.
843 229 879 297 [a.
892 227 927 282 U.
937 245 962 282 c.
972 228 1040 295 546]

193 383 254 446 dlci
277 388 396 459 posset.
430 378 561 457 proinde
586 377 654 438 deis
679 375 758 438 bene
778 375 953 437 iuvantibus
973 385 1167 452 sequerentur

193 485 257 530 non
281 473 344 529 tam
365 466 405 526 nd
424 464 539 525 bellum
559 462 896 538 gerendum—neque
915 462 996 520 enim
1022 477 1094 522 cum
1113 463 1168 538 pari

193 554 283 616 hoste
303 557 457 612 certamen
478 563 605 609 esse-
616 563 708 623 quom
728 546 769 606 od
782 545 974 621 expetendas
988 545 1032 606 ab
1051 545 1168 608 homini

193 637 252 699 bus
267 634 408 697 scelestis
423 647 554 710 poenos.

276 717 410 779 XXXIII.
431 715 480 777 Ab
501 717 560 776 irae
581 715 719 774 oratione
737 712 883 775 dimissos
904 713 944 774 sd
965 713 1029 775 iter
1049 729 1087 776 se
1100 731 1169 776 com·

192 818 303 882 parare
327 803 358 862 iu
384 801 465 862 diem
493 807 651 877 posterum
674 797 772 874 iubet,
801 799 1026 875 proiectusque
1054 800 1169 860 decImis

195 888 303 951 castris
320 885 460 964 pervenit
473 885 513 945 ad
526 884 672 944 Hiberum
685 881 810 943 flumen.
844 883 917 944 inde
930 890 1087 960 superato
1103 886 1169 944 amni

193 973 243 1034 dle
265 977 374 1048 quarto
394 971 425 1031 in
446 975 616 1045 conspectu
633 968 767 1028 hosarum
783 967 886 1044 posuit
899 975 1012 1029 castra.
1053 984 1169 1044 campus

192 1065 263 1119 anle
282 1055 436 1117 montibus
457 1055 540 1116 cirea
560 1059 686 1129 saeptus
707 1058 781 1113 emt
816 1052 847 1112 in
862 1066 930 1112 eam
943 1053 1063 1112 vollem
1077 1052 1171 1129 Scipio

193 1158 262 1205 cum
283 1156 399 1219 pecora
418 1145 506 1215 rapto
525 1138 673 1214 plenoque
692 1151 732 1196 ex
745 1136 877 1198 hoellum
892 1138 974 1213 agris
989 1138 1127 1214 propelli
1139 1138 1170 1196 od

192 1227 368 1287 irritandam
389 1224 538 1285 leritatem
558 1221 757 1282 barbarorum
772 1221 927 1296 iussisset,
948 1223 1067 1282 velites
1082 1222 1170 1282 subsi-

193 1311 245 1372 dio
269 1310 365 1385 misit,
393 1325 412 1370 a
433 1308 545 1386 quibus
570 1306 622 1366 nbi
642 1321 699 1383 per
723 1307 988 1383 procursationem
1010 1307 1170 1368 commissa

193 1411 298 1473 pugno
316 1399 414 1467 esset,
436 1392 571 1452 Laelium
591 1407 661 1452 eum
681 1391 819 1466 equitatu
838 1391 984 1467 impetum
999 1406 1044 1452 ex
1060 1392 1169 1452 occulto

130 1474 142 1500 ⁹
194 1481 295 1540 locere
308 1478 401 1541 Iubet.
423 1492 512 1538 mons
526 1482 698 1553 opportune
709 1474 886 1551 prominens
898 1475 1040 1552 equitum
1050 1476 1168 1536 iusidias

193 1564 282 1634 texit;
307 1577 364 1623 nec
383 1561 446 1623 ulla
464 1577 551 1621 moro
573 1575 695 1637 pugnae
715 1560 796 1620 lacto
816 1565 873 1621 est
907 1560 1041 1636 Hispani
1062 1561 1093 1622 in
1108 1575 1165 1621 oon·

193 1653 301 1723 specto
321 1645 426 1722 procul
447 1659 576 1721 pecora,
597 1643 706 1705 velites
726 1644 757 1705 in
770 1645 927 1722 Hispanos
949 1645 1074 1722 praeda
1089 1659 1168 1705 occu·

194 1730 283 1810 patos
312 1729 482 1790 incurreres
518 1729 617 1805 primo
643 1727 812 1790 missilibus
839 1729 1037 1805 territavere,
1068 1729 1167 1789 deinde

193 1814 315 1875 emissis
330 1813 449 1874 levibus
462 1814 540 1888 telis,
562 1829 643 1889 quae
657 1811 774 1875 irritare
789 1813 886 1889 magis
901 1829 995 1891 quam
1010 1815 1167 1874 decemera

194 1915 326 1976 pugnam
341 1901 490 1975 poterant,
506 1897 627 1974 gladios
642 1898 767 1972 nudant,
783 1903 814 1958 et
828 1899 939 1959 collato
951 1901 1038 1976 pede
1051 1915 1103 1960 rer
1113 1899 1166 1974 pet

192 1991 366 2060 coepisset:
387 1999 555 2060 ancepsque
566 1982 710 2058 pedestre
724 1989 876 2044 certamen
891 1990 965 2057 erat,
979 1982 1044 2044 nisi
1060 1982 1167 2057 equites

193 2067 453 2144 supervenissent.
490 2081 593 2142 neque
618 2081 658 2127 ex
678 2067 811 2128 adverso
836 2074 951 2128 tantum
968 2068 1047 2128 illati
1070 2066 1167 2128 obvim

193 2152 360 2226 obtrivere,
381 2151 438 2212 sed
459 2151 651 2211 circumvecti
672 2151 762 2211 eliam
777 2151 901 2227 quidam
917 2168 973 2229 per
986 2152 1097 2213 infima
1109 2151 1166 2211 cliii

193 2237 232 2297 ob
246 2243 333 2312 tergo
348 2251 392 2311 se,
408 2242 440 2296 ut
453 2238 620 2312 plerosque
634 2235 884 2310 intercluderent:
894 2237 1094 2309 obiecerunt3
1115 2251 1166 2294 mo·

192 2322 301 2395 iorque
322 2320 435 2380 caedes
455 2320 510 2381 luit
529 2335 621 2397 quam
637 2328 780 2395 quantam
794 2321 887 2381 edere
900 2320 981 2382 levio
994 2337 1056 2398 per
1069 2336 1164 2381 excur-

192 2406 298 2465 siones
313 2404 431 2481 proelia
445 2406 554 2465 solent.
587 2404 632 2463 ira
646 2404 744 2478 magis
759 2419 892 2465 accenso
906 2406 1041 2466 adverso
1058 2404 1165 2482 proclo

191 2488 330 2550 barbaris
346 2497 402 2564 est,
418 2505 510 2564 quam
525 2488 671 2549 imminuti
686 2488 788 2550 antri.
819 2489 922 2565 itaque
936 2505 975 2550 na
989 2491 1075 2566 pulsi
1091 2489 1162 2548 vide·

192 2579 310 2646 rentur,
334 2574 434 2649 primo
446 2573 516 2633 luce
531 2581 656 2649 postero
673 2572 724 2632 die
737 2573 768 2632 in
783 2573 880 2633 aciem
894 2588 1091 2649 processere.
1113 2588 1163 2632 non

191 2655 332 2731 saplebat
357 2672 463 2718 omnes
490 2658 597 2733 copias
623 2664 767 2731 angusto,
793 2658 873 2718 sicut
893 2664 963 2718 ante
983 2658 1098 2720 dictum
1117 2663 1161 2728 est,

190 2740 304 2802 vellem
331 2739 411 2801 duae
431 2740 526 2801 lerme
546 2741 683 2816 peditum
704 2747 821 2816 portes,
849 2743 948 2803 omnis
969 2743 1122 2818 equitatus
1138 2741 1161 2798 in

191 2823 289 2886 celem
310 2824 482 2896 descendit3
514 2826 598 2900 quod
618 2827 767 2901 reliquum
789 2825 925 2901 pediturn
944 2833 1026 2900 erat,
1047 2826 1162 2900 obliquo

192 2908 414 2970 constituerunt
434 2911 522 2971 colle.
559 2909 680 2985 Scipio,
707 2927 763 2986 pro
784 2926 819 2970 se
840 2927 911 2972 esse
932 2911 994 2972 Ioci
1013 2909 1159 2987 angustiis

192 2999 284 3066 ratus,
300 2999 331 3055 et
345 2995 429 3072 quod
442 2993 473 3054 iu
489 3001 554 3054 erto
570 3010 674 3070 pugna
688 2995 826 3056 Romano
842 2995 942 3072 aptior
956 3011 1049 3072 quam
1063 2997 1160 3069 Hispa·

191 3095 231 3140 no
246 3079 330 3140 militi
344 3080 447 3141 lutura
459 3078 629 3151 videbatur,
646 3086 676 3140 et
691 3081 775 3155 quod
790 3080 819 3139 in
835 3097 904 3140 eum
919 3081 1021 3156 locum
1035 3081 1158 3140 detracta

190 3162 324 3225 hoellum
338 3164 422 3224 acies
436 3170 528 3237 esset,
551 3164 604 3240 qui
619 3180 680 3224 non
696 3180 816 3225 omnem
830 3163 1052 3225 multitudinem
1066 3177 1158 3224 comm

191 3254 324 3323 caperet,
340 3263 422 3309 novo
436 3248 527 3307 etlam
542 3248 672 3310 consilio
684 3249 953 3309 adlecilanimumr
969 3249 1100 3325 equitem
1111 3258 1158 3306 nec

190 3344 226 3388 se
246 3346 343 3405 posse
363 3332 553 3392 circumdare
575 3333 719 3393 cornibus
734 3333 764 3391 in
779 3340 840 3392 tam
855 3341 986 3408 angusto
1002 3335 1114 3409 spatio,
1133 3333 1157 3387 et

189 3409 286 3486 Irosti,
309 3429 401 3489 quem
415 3431 484 3475 eum
496 3417 599 3491 pedite
614 3416 789 3490 eduxiSset,
810 3417 944 3478 Inutilem
959 3418 1037 3477 lore.
1067 3418 1157 3490 imque

191 3493 319 3568 imperat
339 3497 458 3574 Laelio,
478 3505 512 3559 ut
531 3515 588 3575 per
609 3500 704 3561 colles
721 3517 811 3576 quam
833 3501 1042 3563 ooeudssimo
1062 3500 1157 3561 itinere
