2434 3902
200 211 260 278 llo
336 213 452 274 LIBER
466 213 587 274 XXVII.
610 212 694 274 che.
709 221 754 275 12
770 219 814 275 le
836 211 873 288 [ι.
886 217 922 271 tt.
937 235 962 271 c.
974 213 1039 291 543]

197 368 250 430 ubi
264 366 426 429 Marcellus
441 364 526 440 vidit,
542 363 825 426 duodevicesimam
839 362 991 439 legionem
1005 363 1034 423 in
1054 362 1182 439 primam

198 450 436 514 retenturum.
462 449 532 510 uum
549 448 600 508 uu
616 447 726 525 areptus
740 448 867 520 erunt,
889 447 942 507 urs
955 447 1100 522 regnam
1114 449 1181 508 sun

198 543 278 610 eunt,
294 533 414 596 turbata
424 539 488 593 tota
501 531 585 594 acies
599 538 657 607 est,
672 530 743 592 dein
759 547 887 607 prorsus
902 530 979 607 lusa,
996 537 1026 592 et
1040 532 1183 594 vincente

199 621 349 697 pudorem
363 623 445 678 metu
459 623 545 692 tergo
563 616 686 678 dabant.
719 615 859 677 cecidere
874 615 1024 691 inpugna
1048 616 1183 693 fugaque

198 702 240 764 ad
260 703 321 764 duo
341 701 424 762 milia
443 708 474 762 et
495 699 677 777 septingenti
701 699 812 760 civium
834 699 1075 775 sociorumque;
1098 701 1133 760 in
1153 700 1183 760 tis

199 792 341 864 quattuor
352 785 481 846 Romani
495 784 700 857 centuriones,
721 785 783 845 duo
797 782 907 844 tribuni
921 783 1062 857 militum,
1085 783 1130 844 M.
1141 783 1182 844 Li-

199 869 297 932 cinius
308 869 384 930 etld
392 868 529 930 Helvius.
550 869 640 944 signa
648 867 788 928 militaria
803 873 944 943 quattuor
953 868 995 928 de
1007 869 1073 942 ala,
1090 868 1183 944 prima
1210 917 1211 936 ,

201 969 280 1032 quae
303 952 393 1030 fugit,
416 954 478 1014 duo
494 954 533 1014 de
548 951 683 1028 legione,
707 967 786 1026 quae
800 950 979 1013 cedentibus
994 953 1098 1012 sociis
1119 969 1181 1012 suc·

200 1047 344 1112 cesserat,
366 1036 490 1098 amissa

281 1122 360 1184 lilll.
381 1121 554 1194 Marcellus,
567 1127 732 1196 postquam
743 1119 774 1179 in
785 1126 886 1181 castra
896 1119 1028 1180 reditum
1041 1127 1104 1193 est,
1118 1136 1180 1180 con·

199 1207 312 1268 tionem
334 1206 413 1266 odeo
436 1219 562 1266 saevam
575 1210 668 1280 atque
688 1202 831 1265 acerbam
844 1203 928 1280 apud
941 1203 1058 1266 milites
1073 1203 1182 1277 habuit

200 1300 232 1352 ut
251 1291 368 1367 proelio
390 1305 447 1366 per
467 1289 547 1350 diem
568 1295 665 1350 totum
685 1288 845 1348 infeliciter
860 1288 989 1350 tolerato
1010 1287 1135 1350 tristior
1152 1289 1182 1348 iis

201 1375 267 1436 irati
288 1375 375 1436 ducis
397 1374 494 1435 oratio
516 1380 610 1436 esset
643 1372 713 1447 „dis
728 1372 958 1448 immortalibus,
979 1373 1062 1434 utin
1077 1373 1133 1434 tali
1146 1389 1182 1445 rc,

200 1459 309 1521 laudes
329 1462 522 1532 gratesque‘t
541 1456 640 1532 inquit
663 1473 766 1533 „³8⁰2
788 1457 874 1533 quod
887 1457 986 1518 vietor
999 1456 1106 1518 hostis
1121 1473 1182 1518 oum
1212 1495 1213 1514 t

200 1551 284 1604 tauto
300 1556 416 1618 pavore
436 1541 640 1604 incidentibus
654 1541 744 1604 vobis
759 1543 790 1601 in
804 1541 918 1602 vallum
933 1548 1112 1617 portasque
1126 1557 1182 1601 non

200 1627 270 1702 ipsa
289 1631 390 1686 castra
411 1632 459 1687 est
479 1625 662 1702 adgressum
685 1625 902 1687 deseruissetis
917 1625 1060 1702 prolecto
1076 1625 1182 1686 eodem

200 1717 316 1771 terrore
331 1717 440 1785 eastra,
457 1725 518 1785 quo
534 1709 680 1771 omisistis
695 1725 839 1786 pugnam.
871 1709 924 1785 qui
939 1725 1041 1784 pavor
1055 1707 1118 1783 hio,
1135 1710 1181 1784 qui
1213 1747 1214 1766 t

200 1802 311 1867 terror,
335 1808 415 1868 quae
429 1800 570 1870 repente,
593 1794 646 1870 qui
661 1801 692 1855 et
705 1809 774 1854 cum
790 1793 901 1870 quibus
916 1794 1109 1869 pugnaretis,
1133 1794 1180 1854 ob

200 1878 271 1939 livio
286 1878 405 1941 animos
421 1878 523 1954 cepitt
543 1894 654 1954 nempe
665 1877 758 1940 iidem
769 1885 840 1940 sunt
850 1877 881 1937 hi
892 1878 1009 1951 hostes,
1026 1891 1111 1953 quos
1123 1878 1180 1936 vin-

201 1963 300 2024 cendo
315 1970 346 2022 et
359 1961 457 2024 victos
472 1963 633 2038 sequendo
645 1962 779 2038 priorem
793 1969 940 2023 aestatem
955 1961 1181 2038 absumpsistIs,

201 2047 312 2124 quibus
327 2046 394 2109 dies
409 2053 579 2123 noctesque
591 2046 774 2122 fugientibus
789 2061 845 2122 per
858 2046 917 2107 hos
931 2046 998 2106 dies
1012 2046 1180 2115 institistim

201 2147 279 2208 quos
291 2131 411 2192 levibus
423 2129 549 2205 proeliis
562 2130 730 2206 fatigastis3
748 2146 828 2208 quos
840 2130 983 2192 hesterno
996 2129 1049 2190 die
1059 2146 1121 2192 nec
1130 2131 1183 2190 iter

201 2217 303 2278 locere
323 2231 380 2276 noc
400 2223 502 2275 castra
521 2230 638 2291 ponere
652 2215 740 2291 passi
759 2215 844 2276 estis.
877 2214 981 2276 omitto
995 2229 1049 2288 ea,
1070 2215 1182 2291 quibus

200 2300 323 2376 gloriari
338 2300 482 2376 potestis=
503 2299 589 2360 cuius
604 2306 634 2361 et
653 2297 752 2375 ipsius
767 2298 885 2375 pudere
903 2313 939 2360 ae
954 2298 1114 2374 paenitere
1127 2315 1181 2359 vos

201 2390 330 2460 oportet,
345 2387 485 2445 releram.
505 2399 616 2461 nempe
630 2383 738 2458 aequis
753 2382 893 2444 manibus
908 2382 1055 2444 hesterno
1071 2382 1125 2442 die
1139 2382 1181 2442 di-

199 2469 332 2529 remistis
352 2483 497 2544 pugnam.
529 2468 604 2544 quid
616 2468 694 2529 haec
708 2483 786 2540 nox,
808 2467 884 2542 quid
903 2467 954 2527 hic
975 2466 1043 2528 dies
1066 2466 1182 2529 attulitt

200 2559 324 2614 vestrae
348 2551 397 2612 his
419 2552 529 2628 copiae
548 2551 724 2614 imminutae
743 2559 831 2627 sunt,
853 2551 1034 2614 suillorum
1055 2558 1181 2613 auotaet

200 2650 262 2696 non
286 2635 429 2710 equidem
449 2635 522 2697 mihi
543 2653 612 2699 cum
633 2636 770 2698 exercitu
784 2652 853 2698 mco
875 2635 960 2711 loqui
980 2635 1107 2712 videor,
1127 2649 1182 2695 nee

200 2733 269 2780 cum
283 2719 431 2780 Romanis
445 2719 609 2782 militibus=
632 2736 764 2797 corpora
776 2727 891 2782 tantum
905 2726 998 2795 atque
1010 2736 1099 2780 arma
1113 2724 1183 2781 sunt

200 2802 318 2863 eadem.
350 2819 404 2879 au,
427 2804 454 2864 si
473 2805 600 2866 eosdem
621 2805 740 2868 animos
755 2805 956 2880 habuissetis,
980 2811 1066 2880 terga
1080 2811 1184 2865 vestra

200 2886 330 2947 vidisset
339 2887 448 2962 hostis,
465 2889 553 2965 signa
567 2888 656 2951 alicui
668 2889 824 2966 manipulo
840 2897 893 2951 aut
906 2889 1025 2950 cohorti
1038 2887 1181 2950 abstulis-

201 2977 269 3031 sett
300 2971 401 3033 adhuc
419 2974 520 3034 caesis
543 2972 713 3048 legionibus
728 2973 874 3036 Romanis
895 2973 1099 3049 gloriabatur:
1127 2988 1183 3032 vos

199 3054 242 3114 illi
256 3055 406 3117 hodierno
422 3057 473 3118 die
487 3058 617 3132 primum
632 3058 727 3135 fugati
741 3058 894 3119 exereitus
909 3057 1039 3120 dedistis
1054 3059 1184 3120 demet

200 3141 315 3200 clamor
335 3139 406 3200 inde
427 3147 527 3216 ortus,
547 3147 582 3202 ut
594 3141 715 3204 veniam
735 3142 802 3204 eius
817 3142 878 3204 diei
901 3142 1003 3215 daret;
1026 3141 1079 3203 ubi
1092 3142 1184 3203 vellet

201 3222 312 3283 deinde
333 3225 522 3298 experiretur
539 3225 665 3287 militum
686 3243 811 3287 suorum
832 3226 961 3287 animos.
999 3241 1087 3303 „ego
1107 3241 1182 3286 vero

201 3307 368 3379 experiar“
389 3307 501 3382 iuquit,
522 3308 674 3383 „milites
696 3317 726 3370 et
740 3326 798 3372 vos
813 3311 946 3372 erastino
962 3310 1012 3372 die
1033 3311 1063 3371 in
1086 3311 1183 3370 aciem

201 3387 345 3461 educam,
366 3395 400 3448 ut
413 3390 547 3450 victores
562 3391 665 3465 potius
680 3407 771 3467 quam
785 3394 856 3454 victi
871 3395 991 3456 veniam
1013 3394 1183 3471 impetretis

203 3485 294 3544 quem
304 3471 434 3546 petinet
456 3471 642 3547 cohortibus,
655 3489 735 3549 quse
746 3475 834 3552 signa
845 3478 1019 3554 amiserant,
1031 3477 1183 3540 hordeum
