2448 3900
231 261 345 363 LIBER
355 263 459 324 xxix.
483 263 565 326 cal).
576 273 603 330 9·
616 276 660 330 lo.
683 273 720 341 [a.
733 273 765 327 C.
779 275 844 344 aba]
964 271 1028 337 289

20 433 128 480 artua
147 417 371 479 conclamatum
392 425 490 494 esset,
513 428 742 483 concurrerunt.
779 429 810 484 et
824 439 893 486 cum
913 425 1026 487 violata

19 503 99 563 iarn
126 500 221 576 virgis
247 515 381 577 corporo
404 502 595 566 tribunorum
619 504 784 580 vidissent,
811 515 875 570 tum
899 523 974 573 vero
995 510 1026 572 ln

21 588 134 646 multo
148 585 396 662 impotentiorem
409 586 510 648 subito
525 589 641 650 rabiem
652 591 785 666 accensi,
801 592 868 653 sine
881 599 1026 671 respectu

20 687 102 732 non
124 669 292 732 nraiestatis
313 671 406 732 modo
428 673 485 732 sed
505 671 596 732 etiarn
610 673 821 751 humanitatis,
846 676 878 736 in
893 679 1023 754 legatum

21 756 186 832 impetum
210 755 368 816 lictoribus
392 754 480 830 prius
507 757 664 832 indignum
684 759 715 818 in
737 761 861 821 modtun
884 762 1025 824 mulcatis

24 839 173 899 iaciunt=
198 845 272 899 tunc
286 839 389 914 ipsum
404 841 443 900 ab
459 841 524 902 suis
539 841 741 917 interceptum
758 851 790 905 et
802 844 959 906 seclusum
969 846 1025 910 ho-

23 923 149 984 stiliter
169 924 319 999 lacerant,
343 928 374 984 et
393 935 493 1000 prope
517 941 705 1002 exsanguem
732 943 809 989 naso
836 929 1026 1008 auribusque

25 1007 185 1068 mutilatis
203 1008 388 1084 relinquunt.
422 1007 471 1069 his
485 1008 661 1071 Messanam
675 1011 818 1073 nuntiatis
834 1010 939 1088 Scipio
954 1022 1026 1089 post

25 1107 161 1167 paucos
176 1091 243 1152 dies
254 1092 371 1153 Locros
386 1092 501 1153 hexere
513 1093 660 1155 advectus
673 1111 741 1158 eum
753 1111 878 1156 causam
889 1097 1026 1158 Pleminii

26 1182 66 1236 et
79 1176 275 1238 tribunorum
290 1177 437 1252 audisset,
452 1176 599 1240 Pleminio
615 1194 698 1240 noxa
711 1179 840 1242 liberato
855 1181 1025 1258 relictoque

26 1261 66 1320 in
89 1261 232 1321 eiusdem
253 1262 312 1322 loci
333 1261 505 1340 praesidio,
525 1262 654 1324 tribunis
676 1263 816 1325 sontibus
837 1264 980 1330 iudicatis
995 1273 1026 1326 et

27 1345 67 1404 in
90 1345 195 1406 vincla
215 1346 379 1421 coniectis,
402 1354 436 1408 ut
456 1347 585 1407 Romam
606 1349 646 1408 ad
666 1355 806 1409 senatum
827 1349 1024 1426 mitterentur,

28 1429 218 1490 Messanam
233 1429 411 1507 atqueinde
427 1429 603 1510 Syracusas
618 1431 716 1492 rediit.
745 1431 911 1494 Pleminius
925 1434 1023 1510 impo-

29 1522 108 1574 tens
130 1514 210 1590 irae,
231 1517 402 1591 neglectam
422 1515 461 1575 ab
477 1514 623 1592 Scipione
644 1521 675 1576 'et
694 1515 784 1578 nimis
804 1517 912 1578 leviter
931 1519 1023 1578 latam

33 1614 130 1659 suam
144 1597 284 1659 iniuriam
298 1607 392 1675 ratus,
409 1614 467 1660 nec
482 1615 667 1678 quemquam
679 1601 841 1662 aestimare
852 1601 944 1663 alium
956 1617 1023 1663 eam

35 1684 125 1743 litem
144 1699 239 1760 posse
262 1683 320 1744 uisi
343 1684 395 1759 qui
415 1685 604 1746 atrocitatem
618 1685 686 1746 eius
701 1686 847 1761 patiendo
863 1685 1023 1761 sensisset,

35 1767 178 1828 tribunos
199 1768 308 1830 attrahi
324 1769 364 1829 ad
378 1784 414 1828 se
427 1767 533 1842 iussit,
556 1771 771 1846 laceratosque
787 1771 929 1832 omnibus
945 1787 1024 1848 quae

34 1851 104 1930 pati
119 1867 234 1930 eorpus
249 1853 343 1913 ullum
357 1859 462 1930 potest
475 1854 636 1930 suppliciis
651 1853 809 1932 interiecit,
825 1854 1023 1916 necsatiatus

33 1937 181 1997 vivorum
203 1951 306 2012 poena
326 1937 499 2013 insepultos
520 1937 659 2014 proiecit.
697 1938 786 1998 simili
801 1938 980 2000 crudelitate
994 1945 1025 1998 et

32 2021 68 2081 in
83 2020 285 2082 Locrensium
301 2021 456 2098 principes
474 2027 521 2082 est
534 2038 621 2096 usus,
639 2037 718 2098 quos
734 2022 774 2082 ad
788 2023 1023 2098 conquerendas

33 2105 167 2166 iniurias
183 2105 223 2165 ad
235 2105 268 2165 P.
284 2105 461 2182 Scipionem
475 2107 633 2182 proiectos
649 2105 779 2176 audivit;
795 2111 918 2182 atquae
932 2114 1023 2168 antea

34 2207 96 2266 per
117 2188 275 2250 libidinem
298 2196 393 2267 atque
412 2191 572 2252 avaritiam
592 2191 684 2252 locda
705 2191 847 2266 exempla
866 2191 897 2250 in
919 2189 1023 2252 socios

32 2274 194 2347 ediderat,
221 2281 292 2335 tunc
313 2276 352 2336 ab
372 2273 419 2336 ira
438 2275 617 2351 multiplicia
638 2275 746 2349 edere,
767 2273 910 2336 inlamiae
931 2282 1023 2350 atque

32 2357 174 2420 invidiae
188 2373 249 2418 non
265 2359 323 2419 sibi
337 2361 431 2422 modo
446 2360 504 2420 sed
518 2361 609 2420 etiam
623 2359 799 2435 imperatori
814 2373 895 2419 esse,

124 2441 160 2502 X.
183 2443 247 2504 lam
263 2443 456 2506 comitiorum
466 2444 632 2520 appetebat
646 2450 777 2519 tempus,
793 2459 863 2504 cum
873 2442 906 2501 P.
917 2441 1024 2503 Licinii

34 2526 177 2591 consulis
202 2527 321 2590 litterae
335 2530 464 2590 Romam
479 2531 614 2600 adlatae,
637 2543 673 2588 se
688 2527 918 2602 exercitumque
933 2541 1023 2588 suum

33 2611 126 2689 gravi
147 2611 256 2672 morbo
281 2613 443 2688 adfectari,
464 2629 522 2673 nec
546 2612 613 2674 sisti
628 2611 784 2689 potuisse,
806 2611 837 2671 ni
855 2611 961 2672 eadem
974 2609 1022 2672 vis

33 2695 110 2757 mali
124 2702 179 2757 aut
192 2696 316 2772 gravior
329 2699 419 2760 etiam
430 2698 461 2757 in
472 2696 579 2759 hostes
591 2697 772 2772 ingruissat=
795 2695 908 2772 itaque,
925 2711 1024 2772 quon-

34 2783 97 2842 iam
119 2781 190 2857 ipse
209 2781 315 2842 venire
329 2783 369 2842 ad
385 2782 506 2843 comitia
519 2798 581 2844 non
597 2787 713 2858 posset,
729 2781 756 2841 si
770 2779 813 2840 ita
825 2780 964 2858 patribus
978 2781 1024 2841 vi-

34 2867 172 2940 deretur,
188 2881 224 2925 se
239 2866 273 2942 Q.
290 2866 453 2928 caecilium
467 2866 621 2927 Metellum
637 2867 816 2927 dictatorem
832 2865 1023 2926 conitiorum

35 2965 136 3011 causa
154 2949 314 3012 dicturum.
338 2951 505 3011 exercitum
517 2951 550 3027 Q.
564 2951 685 3012 Caecilii
700 2949 808 3010 dimitti
820 2965 838 3009 e
851 2965 886 3010 re
900 2949 1025 3026 publiea

34 3049 127 3095 esse:
161 3051 232 3094 uam
253 3051 356 3112 neque
377 3052 468 3096 usuru
489 3035 556 3096 eius
577 3036 672 3096 ullum
692 3035 724 3094 in
745 3033 920 3110 praesentia
941 3047 1023 3107 esse,

36 3135 108 3180 cum
121 3116 277 3179 Hannibal
291 3119 352 3180 iam
366 3120 397 3180 in
418 3119 547 3180 hiberna
561 3135 636 3181 suos
650 3118 811 3195 receperit
834 3125 865 3179 et
878 3122 962 3179 anta
976 3115 1022 3176 in·

36 3201 171 3263 cesserit
185 3203 215 3270 in
231 3218 269 3264 ea
281 3211 383 3266 castra
397 3204 445 3264 vis
459 3202 574 3279 morbi,
595 3211 644 3279 ut,
665 3203 725 3263 nisi
739 3208 858 3262 mature
873 3200 1025 3262 nimiam

37 3296 101 3363 tur,
122 3303 215 3348 nemo
236 3289 371 3350 omnium
393 3290 608 3364 superfuturus
629 3286 776 3348 videatur.
815 3301 852 3344 ea
871 3283 1025 3347 seneffia

37 3371 180 3448 patribus
202 3373 358 3450 iacienda,
378 3380 413 3434 ut
432 3389 498 3434 ere
520 3373 643 3449 publica
663 3371 789 3446 fideque
810 3384 868 3430 sua
889 3369 1023 3446 duceret,

37 3472 284 3602 permgsvafflm
305 3557 344 3603 eo
365 3549 504 3618 tempore
523 3556 637 3616 repens
658 3539 766 3615 religio
788 3539 957 3614 invaserat,
976 3535 1024 3598 in·

81 3642 107 3683 r.
127 3640 191 3684 orvr
212 3641 289 3686 raas
309 3627 360 3686 lli.
779 3629 809 3683 li
