2466 3900
141 222 163 284 4
335 223 451 284 LIBER
465 223 562 284 XXIV
595 224 679 284 cAP.
693 235 719 286 3.
743 232 770 299 [ι
781 229 815 284 U.
828 251 852 284 c.
864 233 928 300 537]

141 377 193 440 ubi
219 377 319 438 omnis
340 378 462 453 generis
484 393 606 439 sacrum
628 377 705 438 deae
729 393 826 454 pecus
852 379 1038 455 pascebatur
1058 381 1128 442 sine

140 463 202 523 ullo
224 468 366 539 pastore;
390 463 617 537 separatimque
631 477 742 537 greges
757 463 805 523 sui
827 464 979 539 cuiusque
1001 467 1127 539 generis

141 553 230 606 nocte
252 545 428 606 remeabant
449 547 488 606 ad
510 547 631 606 stabula
652 562 819 623 numquam
840 547 960 608 insidiis
982 548 1126 622 terarum,

140 645 201 690 non
225 629 332 690 lraude
346 629 451 689 violati
474 630 641 690 hominum.
672 631 775 704 magni
794 630 885 705 igitur
900 632 1015 692 fructus
1030 648 1070 693 ex
1085 649 1126 692 eo

140 728 255 789 pecore
276 714 372 788 capti,
394 715 596 790 columnaque
617 713 689 774 inde
709 730 804 775 aurea
818 714 919 775 solida
934 715 1014 775 lacta
1029 723 1060 776 ct
1075 733 1126 776 sa-

140 806 223 857 crata
238 804 303 868 est;
319 799 526 874 inclutumque
537 800 682 873 templum
693 797 807 858 divitiis
822 799 920 874 etiarn,
936 816 998 860 non
1009 807 1127 861 tantum

141 882 300 942 sanctitate
316 881 381 941 luit.
405 897 441 941 ac
453 882 599 942 miracula
614 883 718 958 aliqua
732 883 928 957 adfinguntur
942 885 1127 960 plerumque

139 973 199 1026 tarn
221 964 391 1040 insignibus
412 967 500 1026 locis.
537 967 619 1026 lama
639 973 687 1025 est
711 983 795 1025 aram
821 982 892 1027 esse
919 966 1126 1030 investibulo

139 1051 256 1126 templi,
279 1049 366 1111 cuius
383 1050 514 1109 cinerem
530 1050 613 1110 nullo
634 1066 781 1125 umquam
798 1050 915 1111 moveri
932 1055 1033 1111 vento.
1067 1053 1126 1130 sed

139 1151 194 1193 arx
210 1134 365 1206 Crotonis,
389 1149 451 1193 una
472 1141 558 1209 parte
580 1133 740 1192 imminens
756 1134 847 1208 mari,
869 1135 964 1194 altera
978 1143 1125 1210 vergente

139 1219 169 1276 in
190 1234 312 1292 agrum,
334 1218 395 1277 situ
410 1225 525 1278 tantum
541 1217 670 1279 naturali
692 1219 846 1292 quondam
861 1219 990 1292 munita,
1012 1228 1125 1295 postca

139 1309 168 1361 et
189 1319 275 1362 muro
297 1302 396 1361 cincta
417 1309 479 1377 est,
502 1319 563 1376 qua
584 1318 640 1377 per
660 1317 787 1362 aversas
808 1318 902 1377 rupes
917 1302 956 1362 ab
970 1302 1124 1380 Dionysio

123 1381 263 1446 ¹Siciliae
284 1394 416 1464 tyranno
438 1403 495 1461 per
517 1386 621 1446 dolum
644 1386 743 1445 lucrat
764 1393 862 1461 capta.
901 1393 1021 1447 catum
1041 1404 1124 1462 arce,

139 1472 215 1530 satis
237 1479 271 1531 ut
292 1470 452 1530 videbatur
471 1476 549 1542 tuta,
572 1469 778 1530 Crotoniatum
801 1470 962 1546 optimates
978 1471 1123 1532 tenebant

138 1570 181 1624 so,
204 1553 446 1613 circumsedente
462 1568 530 1612 curn
544 1553 668 1614 Bruttiis
683 1568 739 1613 eos
755 1553 845 1614 etiam
861 1554 952 1629 plebe
968 1571 1035 1616 sua.
1066 1571 1122 1630 po-

138 1647 250 1698 stremo
265 1636 380 1708 Bruttii,
404 1651 472 1696 cum
487 1637 553 1697 suis
570 1637 684 1698 viribus
700 1637 969 1713 inexpugnabilem
983 1640 1124 1699 viderent

137 1737 254 1794 arcem,
277 1720 375 1780 coacti
396 1721 582 1782 necessitate
601 1721 761 1782 Hannonis
782 1723 928 1782 auxilium
948 1723 1121 1800 implorant.

137 1806 164 1864 is
191 1804 424 1866 condicionibus
447 1805 487 1864 ad
510 1805 696 1868 deditionem
724 1807 908 1881 compellere
930 1807 1121 1868 Crotoniates

137 1895 282 1959 conatus,
306 1895 338 1948 ut
353 1890 505 1949 coloniam
519 1890 703 1952 Bruttiorum
721 1906 758 1950 eo
775 1890 886 1950 deduci
902 1891 1122 1967 antiquamque

137 1974 337 2048 frequentiam
352 1989 389 2034 eo
405 1974 544 2048 recipere
555 1981 675 2034 vastam
690 1989 726 2033 ac
742 1974 896 2034 desertam
908 1974 997 2035 bellis
1012 1973 1121 2036 urbem

137 2065 319 2133 paterentur,
343 2058 475 2117 omniurn
490 2058 642 2118 neminem
657 2065 779 2134 praeter
793 2057 1039 2119 Aristomachum
1055 2075 1120 2118 mo·

135 2142 187 2202 vit.
225 2143 388 2202 morituros
404 2158 439 2202 se
461 2141 663 2202 adfirmabant
677 2143 766 2202 citius
782 2159 874 2217 quam
892 2143 1017 2202 immixti
1031 2143 1105 2203 Brut

135 2226 186 2286 tiis
201 2225 231 2285 in
246 2226 364 2286 alienos
376 2227 452 2286 ritus
465 2243 567 2286 mores
582 2229 730 2302 legesque
746 2243 783 2286 ac
794 2243 868 2286 mox
881 2227 1014 2302 linguam
1029 2228 1119 2286 etiam

135 2317 333 2370 verterentur.
365 2311 599 2371 Aristomachus
618 2328 715 2384 unus,
739 2311 862 2384 quando
879 2327 935 2371 nec
957 2311 1118 2371 suadendo

135 2395 177 2453 ad
191 2394 378 2455 deditionem
394 2397 469 2454 satis
483 2394 614 2469 valebat,
630 2411 696 2468 nec,
717 2394 797 2455 sicut
809 2394 915 2455 urbem
931 2396 1119 2472 prodiderat,

135 2477 235 2536 locum
256 2478 436 2553 prodendae
451 2479 530 2538 arcis
548 2478 737 2552 inveniebat,
759 2479 920 2554 transfugit
940 2480 980 2539 ad
994 2480 1119 2539 Hanno—

135 2577 214 2620 nem.
246 2561 417 2621 Locrenses
432 2562 519 2621 brevi
532 2569 606 2638 post
618 2563 718 2638 legati,
742 2577 811 2622 cum
826 2564 978 2638 permissu
994 2563 1118 2623 Hanno-

134 2645 183 2704 nis
198 2659 300 2704 arcem
315 2645 488 2717 intrassent,
506 2646 703 2721 persuadent,
724 2653 758 2707 ut
772 2648 889 2707 traduci
905 2664 941 2708 se
955 2649 985 2706 in
1000 2648 1118 2708 Locros
1144 2706 1146 2710 .

134 2735 310 2802 paterentur
330 2744 388 2787 nec
410 2729 515 2789 ultima
535 2731 668 2806 experiri
690 2732 812 2791 vellent.
845 2732 904 2791 iam
925 2731 985 2790 hoc
1006 2737 1039 2790 ut
1059 2731 1118 2790 sibl

135 2811 240 2871 liceret
254 2812 491 2887 impetraverant
502 2821 535 2874 et
549 2813 587 2873 ab
602 2814 772 2875 Hannibale
785 2815 889 2876 missis
904 2816 944 2875 ad
958 2815 1060 2890 ipsum
1075 2816 1117 2874 le-

135 2896 223 2969 gatis.
252 2896 294 2956 ita
310 2895 441 2960 Crotone
455 2913 619 2958 excessum
635 2906 698 2970 est,
723 2899 909 2975 deductique
925 2898 1119 2959 Crotoniatae

135 2981 176 3039 ad
189 2995 273 3038 mare
287 2996 384 3040 naves
396 2983 615 3042 conscendunt.
644 2984 761 3043 Locros
776 2983 875 3044 omnis
889 2983 1049 3044 multitudo
1064 2983 1118 3041 ab·

135 3070 216 3122 eunt.
238 3093 280 3106 -
306 3062 340 3122 ln
355 3064 468 3139 Apulia
482 3082 521 3125 ne
535 3066 633 3126 hiems
651 3066 774 3141 quidem
791 3067 893 3141 quieta
912 3068 991 3127 inter
1004 3067 1118 3128 Rorna-

134 3163 193 3207 nos
205 3153 297 3222 atque
307 3147 517 3208 Hannibalem.
534 3149 681 3209 Luceriae
693 3149 893 3225 Sempronius
906 3151 1022 3224 consul,
1034 3151 1117 3210 Han-

135 3230 217 3291 nibal
232 3231 315 3290 haud
329 3232 437 3306 procul
451 3230 545 3306 Arpis
555 3232 749 3292 hibernabat.
770 3234 848 3294 inter
862 3251 918 3295 eos
933 3236 1013 3295 levia
1025 3251 1117 3312 proe-

134 3313 178 3373 lia·
197 3330 236 3374 ex
255 3314 420 3373 occasione
434 3321 485 3373 aut
506 3315 733 3390 opportunitate
747 3316 838 3378 buius
860 3325 912 3378 aut
925 3319 1005 3380 iltius
1021 3319 1116 3396 partis

136 3397 326 3466 oriebantur;
350 3396 519 3472 meliorque
532 3398 579 3457 eis
593 3397 751 3461 Romanus
767 3401 839 3462 etin
857 3401 924 3462 dies
939 3403 1057 3463 cautior
1068 3421 1115 3464 ru-

25 3491 32 3497 ·
136 3479 255 3554 tiorque
270 3479 309 3538 ab
324 3477 443 3539 insidiis
458 3479 559 3540 flebat.
