2428 3892
147 203 210 272 102
341 205 456 267 ttBEit
470 203 575 264 xxvi.
598 202 682 265 CAP.
699 211 725 265 1.
744 207 782 276 [a.
795 206 832 262 U.
843 223 867 260 c.
878 207 946 276 etl]

201 357 307 410 Claudio
325 355 478 418 comnibus.
507 355 636 420 principer
646 353 837 419 Campanorum
848 368 951 415 ueneno
968 355 1021 406 sibl
1040 362 1159 405 mortem

200 428 386 486 consuluerant.
409 439 467 478 cnm
480 431 582 476 senatur
589 422 781 490 Campanorum
791 423 929 493 deligatas
936 421 1158 492 metusmetus,

199 507 228 551 ut
237 495 320 547 securi
330 495 454 554 leniretur,
463 492 560 546 litteras
570 507 586 542 a
595 499 686 542 senatu
695 493 789 544 missas
798 491 830 554 Q.
841 491 951 544 Fuluius
962 491 1075 555 consul,
1096 496 1159 558 qui-

203 567 249 615 bus
265 555 399 614 hibebatur
414 576 535 628 parcere,
552 570 688 625 antequam
697 561 809 628 legeret,
825 561 852 611 in
863 561 924 611 sinu
932 562 1039 628 posuit,
1055 569 1087 613 et
1097 561 1159 629 lege

202 635 245 700 agi
259 633 333 682 iussit
348 639 373 681 ct
387 631 543 697 supplicium
560 631 668 698 peregit.
697 647 755 682 cum
771 631 799 680 in
813 631 1159 698 comitilsapndpopnlum
1207 643 1208 648 ’

202 709 376 766 quaereretur,
391 701 434 752 cui
446 699 797 766 mandarctnrllispnnierum
811 700 966 766 imperium,
981 699 1056 752 nnllc
1068 701 1101 752 id
1113 717 1159 753 vo·

201 771 269 830 ente
282 771 451 838 suscipereP.
461 768 562 836 Scipio,
578 769 609 820 Ρ.
620 768 689 823 bliun
698 769 743 834 qni
752 769 913 836 inllirpsnis
922 769 1074 832 ceciderat,
1095 785 1160 838 pro-

204 836 372 897 lassescere
382 840 487 898 itnnrm,
502 837 657 904 reanimato
667 837 949 906 populienusenanue
959 839 1082 899 omninum
1090 842 1159 895 mis-

203 924 247 960 sus
271 905 371 966 Novam
392 907 570 973 Carthaginem
595 909 770 974 expugnarit,
797 914 856 958 ctum
880 915 971 976 ageret
994 909 1159 964 vicesimum
1208 945 1209 968 ,

202 985 317 1048 quartum
333 991 440 1038 annum,
458 977 635 1040 videreturque
645 973 823 1042 divinastirpe
833 978 950 1044 genitus,
968 979 1033 1040 qula
1043 987 1073 1030 et
1086 981 1158 1046 ipse,
1208 969 1209 1000 ³

202 1037 337 1112 postquem
345 1054 431 1114 togam
440 1053 579 1112 acceperat,
589 1045 703 1108 qnotidie
713 1045 738 1096 ln
745 1044 871 1111 Capitolio
881 1048 1018 1108 erst,et·in
1027 1048 1158 1100 cubiculo

204 1117 292 1174 mutos
302 1117 458 1182 eiuscnrcts
466 1129 649 1181 saepenumero
657 1115 731 1169 visus
739 1122 804 1176 erat.
822 1130 865 1171 res
874 1124 1011 1182 praeterea
1021 1118 1051 1169 ln
1057 1115 1158 1178 smilis

204 1193 290 1251 gestes
306 1185 432 1254 sentinet,
449 1192 473 1236 ct
483 1185 622 1244 amicitiem
638 1199 697 1240 cum
707 1183 1101 1251 Aewlbinncmmbellnrnquc
1111 1203 1158 1255 ge-

203 1264 270 1306 stum
281 1254 403 1316 aduersus
413 1259 560 1308 Acarnanes
565 1262 594 1312 ,et
603 1251 748 1322 Philippum
757 1253 926 1313 Macedoniae
938 1271 1038 1328 regem.

231 1355 270 1414 .l.*
287 1355 480 1418 Cniulvius
502 1354 696 1418 Centumnlm
716 1354 750 1416 P.
764 1354 927 1431 Sulpicius
946 1356 1049 1424 Galba
1074 1372 1141 1420 con

154 1441 238 1502 sules
255 1454 325 1501 enm
339 1439 440 1516 idibus
453 1439 571 1500 Martiis
585 1439 797 1513 magistratum
813 1441 962 1512 inissent,
986 1447 1109 1514 senatu
1124 1442 1155 1500 in

154 1523 333 1598 Capitolium
347 1529 457 1588 vocato
473 1523 512 1587 de
526 1537 559 1582 re
574 1524 706 1598 publiea,
723 1523 764 1593 de
776 1523 1047 1592 administratione
1065 1525 1154 1598 belii,

154 1609 194 1670 dc
207 1607 374 1681 provinciis
388 1606 638 1682 exercitibusque
653 1613 758 1683 potres
771 1609 1004 1677 consumerent.
1022 1607 1067 1683 ,0.
1080 1608 1155 1670 Fut-

157 1691 205 1751 vio
219 1690 280 1766 Ap.
297 1690 431 1766 Claudio,
454 1691 565 1767 prioris
581 1692 651 1754 anni
666 1692 857 1767 consulibus,
872 1700 1082 1768 prorogatum
1098 1695 1154 1754 im·
1210 1747 1211 1760 ,

156 1773 336 1850 pertumest
350 1782 441 1851 atque
455 1776 623 1851 anuclius,
647 1792 727 1851 quos
742 1775 913 1851 habebant,
928 1777 1075 1852 ¹steneli,
1099 1779 1154 1840 ad·

155 1859 343 1936 lectumque,
365 1876 404 1924 ne
425 1860 576 1936 csapnc,
598 1875 691 1936 quum
707 1859 914 1936 claudebant,
934 1861 1154 1937 absoeemcnt

156 1943 242 2021 prius
258 1961 350 2020 quam
363 1951 603 2022 expugnassent.
636 1960 675 2006 ea
689 1950 752 2006 trum
768 1961 843 2009 curu
857 1946 993 2018 mantne
1006 1947 1153 2022 ¹intentos

156 2028 286 2091 nubebat
298 2030 464 2105 Rauracos,
478 2045 541 2090 nen
556 2029 594 2090 ab
604 2029 652 2088 ira
665 2034 791 2101 tunwm,
811 2047 893 2106 quae
907 2031 938 2094 in
949 2033 1069 2107 nullan]
1083 2049 1153 2104 nm—

157 2128 249 2189 quarn
269 2114 420 2178 ciuitatem
435 2114 542 2176 iustior
557 2114 627 2188 luit,
649 2129 743 2188 quam
759 2116 845 2189 quod
859 2114 935 2178 urbs
953 2123 1016 2188 tarn
1031 2116 1152 2192 nobilis

158 2213 194 2260 ec
209 2205 337 2275 potens,
359 2199 439 2260 sient
453 2197 625 2260 delectione
638 2213 697 2262 sna
711 2204 848 2270 unxerat
863 2200 982 2276 aliquot
995 2202 1152 2276 pupulos,

155 2288 198 2343 tta
209 2291 336 2358 recepta
349 2282 529 2344 inclinatura
542 2299 650 2343 rursus
665 2283 786 2344 animos
797 2283 965 2356 uidebatur
975 2285 1151 2358 ad-u'eleris

155 2365 274 2440 imperii
293 2375 477 2442 respectum.
508 2374 539 2427 et
553 2367 747 2442 praetoribus
763 2367 877 2442 prioris
894 2368 982 2442 anni,
997 2367 1040 2427 M.
1058 2369 1151 2430 lunio

155 2449 187 2509 in
198 2447 320 2510 Etruria
334 2450 364 2508 P.
381 2449 563 2527 Sempronio
585 2451 615 2512 in
632 2451 744 2525 Gallio,
768 2467 836 2512 corn
859 2453 940 2513 binis
955 2452 1149 2528 legionibus

116 2535 120 2543 '
158 2547 236 2607 quas
258 2532 442 2610 habuerant,
465 2542 660 2612 prorogatum
675 2543 723 2597 cst
737 2536 909 2612 imperium.
943 2544 1150 2613 prorogatum

157 2622 187 2675 et
199 2613 240 2673 Μ.
254 2614 409 2692 Marcello,
424 2626 457 2680 ut
473 2635 528 2694 prc
544 2623 672 2682 consule
687 2621 717 2681 in
734 2619 839 2682 Sicilia
852 2622 973 2698 reliqna
986 2621 1061 2682 belli
1078 2637 1149 2697 per·

156 2698 263 2759 liceret
284 2715 321 2760 ec
343 2704 480 2765 exercitu
501 2705 753 2781 qucrnhabcrcu
778 2703 806 2766 si
828 2705 1050 2782 supplemento·
1065 2722 1149 2781 opus

157 2787 257 2856 esset,
281 2786 441 2860 suppleret
454 2789 494 2850 dc
508 2789 696 2866 legionibus,
720 2789 831 2867 quibus
841 2788 877 2866 P.
895 2790 1058 2852 Cornelius
1074 2807 1149 2867 prc-

156 2872 282 2942 praetor
295 2868 326 2928 in
335 2869 438 2932 Sicilia
453 2880 620 2949 praeesset,
638 2874 712 2934 dum
726 2889 766 2933 nc
782 2885 873 2949 quein
887 2874 1014 2935 militem
1029 2876 1151 2950 legerer

158 2964 198 3009 ex
218 2963 412 3030 concnam,
436 2959 547 3033 quibus
569 2966 694 3020 senatus
708 2958 888 3019 missionem
902 2959 1103 3034 reditumque
1119 2959 1148 3018 in

158 3031 289 3108 patriam
303 3048 447 3113 negasset
460 3050 530 3104 ante
545 3045 616 3106 belli
631 3044 731 3104 linem.
761 3042 792 3103 C.
809 3041 956 3118 Sulpicio,
973 3043 1023 3104 cui
1040 3041 1148 3104 Sicilia

158 3127 311 3193 evenant,
329 3123 409 3185 dnae
424 3127 570 3205 legiones,
587 3144 665 3206 quas
678 3128 711 3190 P.
729 3127 889 3194 Cornelius
905 3127 1079 3203 lnbtmset
1091 3127 1148 3202 lle·

157 3207 260 3262 cretae
275 3213 305 3266 el
318 3210 566 3283 supplementum
580 3215 619 3275 de
634 3213 771 3284 exercitu
787 3213 839 3273 Gn.
851 3212 957 3282 Fulvii,
969 3211 1027 3287 qui
1043 3212 1149 3288 peiere

157 3301 239 3346 anno
254 3287 284 3347 in
296 3291 410 3365 Apulia
423 3295 515 3357 foede
530 3315 640 3362 caesus
654 3301 844 3374 ingatusquc
854 3303 930 3358 erat.
953 3295 1024 3356 liuic
1039 3296 1148 3372 generi

158 3368 285 3448 militum
300 3381 426 3437 senatus
441 3381 572 3444 eundein
588 3400 679 3462 quern
692 3381 904 3460 Catinensibus
918 3381 1013 3462 gilleni
1030 3377 1146 3458 statue-

158 3458 202 3484 ““·
227 3452 357 3514 militine.
393 3460 530 3525 additum
552 3456 642 3528 etiarn
663 3474 863 3542 utrorumque
882 3465 1074 3542 ignominiae
1089 3473 1146 3538 est,
