2448 3900
180 175 243 241 280
365 175 478 237 LlBElt
491 175 595 234 xlllll.
619 173 701 234 CAP.
719 185 744 235 1.
768 181 804 248 [a.
821 179 856 234 U.
872 197 896 232 c.
911 179 977 246 att]

178 327 327 404 spiceret,
348 324 545 401 plurimorum
560 323 781 402 stipendiorum
803 325 896 385 exiis
913 325 1029 386 milites
1046 325 1170 402 delegit,

177 411 309 472 maxime
331 409 382 483 qui
404 407 462 470 sub
485 409 564 468 duee
583 407 728 468 Marcello
749 407 969 479 militaverant;
994 425 1080 484 quos
1102 425 1170 470 curn

178 496 292 573 optima
306 491 469 569 disciplina
483 493 636 553 institutos
653 491 812 568 credebat,
832 500 893 553 tum
909 493 1001 554 etiam
1018 492 1061 553 ab
1077 493 1170 569 longa

177 579 400 658 Syracusarum
421 575 583 636 obsidione
604 576 806 652 peritissimos
829 592 900 638 esse
920 578 1049 638 urbium
1071 593 1169 652 oppu-

177 663 381 740 gnandaruma
404 659 476 720 nilul
498 661 577 720 enim
599 673 727 735 parvum
748 662 805 721 sed
821 659 1013 736 Carthaginis
1038 663 1104 721 iam
1119 678 1168 720 ex-

178 746 259 809 cidia
272 745 407 821 agitabat
421 743 531 804 animo.
565 744 637 804 inde
658 745 824 806 exercitum
838 760 895 821 per
908 746 1031 821 oppida
1047 746 1168 820 disper-

176 831 226 901 tit;
257 831 439 891 trumentum
461 828 633 890 Siculorrun
654 829 826 890 civitatibus
848 831 991 905 imperat,
1017 844 1061 889 ex
1083 829 1168 888 italia
1210 877 1211 892 t

176 916 308 976 advecto
331 913 442 990 parcit;
466 919 586 974 veteres
608 928 704 974 naves
719 913 829 988 reficit,
848 921 878 973 et
891 927 962 975 erun
982 912 1024 972 iis
1042 913 1076 972 c.
1092 913 1161 972 Lae

175 999 248 1060 lium
270 998 300 1058 in
320 998 456 1058 Africam
477 998 657 1073 praedatum
678 997 780 1067 mittit;
807 1012 906 1058 novas
926 997 1075 1058 Panormi
1097 997 1164 1056 sub

175 1083 273 1157 ducit,
296 1082 369 1158 qrtia
390 1097 429 1142 ex
450 1081 539 1141 viridi
560 1081 686 1142 materia
705 1081 815 1158 raptim
833 1083 931 1142 iactae
951 1089 1058 1156 erant,
1083 1089 1119 1142 ut
1139 1083 1164 1141 in
1211 1091 1212 1114 ³

174 1169 258 1229 sicco
275 1166 478 1226 hibernarent.

259 1249 450 1326 Praeparatis
472 1249 612 1311 omnibus
627 1251 667 1310 ud
681 1249 809 1325 bellum,
833 1249 1009 1327 Syracusas
1025 1248 1163 1308 nondum

176 1350 215 1396 ex
237 1334 355 1410 magnis
376 1333 448 1394 belli
467 1333 599 1396 motibus
620 1333 696 1394 satis
718 1333 897 1410 tranquillas
919 1334 1011 1393 venit.
1051 1331 1163 1392 Graeci

175 1434 226 1480 res
241 1435 260 1479 a
275 1417 460 1494 quibusdam
474 1418 569 1478 italici
583 1417 714 1494 generis,
731 1418 839 1478 eadem
853 1418 885 1478 vi
899 1433 961 1494 qua
975 1432 1034 1492 per
1048 1416 1162 1478 bellum

176 1509 323 1579 ceperant
343 1501 560 1574 retinentibus,
583 1517 750 1563 concessas
772 1501 830 1564 sibi
852 1502 890 1562 ab
906 1509 1015 1563 senatu
1037 1508 1160 1576 repete·

174 1585 258 1646 bant.
291 1585 425 1648 omnium
446 1587 575 1663 primum
589 1593 673 1648 ratus
697 1586 772 1646 tueri
790 1585 942 1662 publicam
957 1585 1068 1660 iidem,
1093 1601 1159 1660 par·

176 1670 227 1731 tim
242 1670 342 1730 edicto
359 1670 468 1744 partim
489 1671 612 1732 iudiciis
625 1671 716 1732 etiam
730 1671 760 1732 in
776 1670 947 1746 pertinaces
962 1670 1002 1728 ad
1018 1667 1159 1728 obtinen-

175 1754 246 1814 dam
261 1753 400 1814 iniuriam
413 1754 541 1814 redditis
557 1771 631 1816 suas
646 1770 696 1815 res
712 1753 917 1830 Syracusanis
932 1752 1075 1812 restituit.
1099 1767 1159 1812 non

175 1837 253 1913 rpsis
275 1843 390 1899 tantum
411 1852 449 1896 ea
469 1853 534 1912 res,
558 1840 615 1899 sed
636 1837 778 1898 omnibus
793 1837 916 1899 Siciliae
931 1837 1054 1912 populis
1072 1843 1157 1912 gruta

175 1921 239 1996 luit,
261 1937 362 1996 eoque
377 1921 496 1982 enixius
511 1922 550 1982 ad
564 1921 677 1983 bellum
691 1921 880 1990 adiuverunt.

257 2005 373 2066 Eadem
401 2013 516 2066 aestate
535 2007 565 2066 in
585 2007 734 2082 Hispania
755 2013 890 2068 coortum
913 2006 1022 2080 ingens
1044 2004 1159 2065 bellum

174 2090 332 2152 conciente
346 2089 489 2162 indebiti,
511 2091 594 2165 nulla
607 2090 667 2150 alia
681 2091 720 2150 de
734 2104 828 2150 causa
842 2105 936 2164 quam
948 2105 1004 2166 per
1024 2088 1159 2149 admini-

173 2174 287 2235 tionem
308 2173 461 2249 Scipionis
482 2180 659 2250 contemptu
682 2175 896 2251 imperatorum
920 2174 1049 2234 aliorum
1078 2180 1158 2234 orto.

174 2274 242 2319 eum
255 2273 421 2334 superesse
435 2274 527 2318 unum
539 2257 648 2319 ducem
654 2257 800 2318 Romanis
816 2257 925 2318 ceteris
940 2257 978 2318 ab
984 2256 1158 2318 Hannibale

174 2342 338 2403 interiectis
352 2340 488 2402 rebatur:
511 2357 550 2403 eo
565 2357 623 2402 nee
638 2343 668 2401 in
682 2341 832 2418 Hispania
846 2341 947 2402 caesis
954 2340 1156 2417 Scipionibus

174 2426 266 2488 alium
280 2442 371 2502 quem
386 2426 535 2486 nutterenl
548 2426 703 2499 habuisse,
719 2432 749 2486 et
762 2433 926 2501 postquam
940 2427 970 2489 in
985 2425 1074 2485 Italia
1088 2441 1153 2500 gra·

174 2510 243 2571 vius
265 2511 377 2572 bellum
399 2517 534 2586 urgeret,
557 2511 708 2570 adversus
722 2508 922 2570 Hannibalem
936 2525 1008 2570 eum
1023 2509 1156 2570 arcessi·

173 2601 244 2654 tum.
278 2600 490 2670 praeterquam
505 2595 589 2670 quod
604 2593 728 2654 nomina
742 2600 857 2654 tantum
872 2593 982 2655 dueum
996 2593 1029 2652 ia
1043 2593 1155 2668 Hispa-

174 2677 224 2737 nia
243 2676 372 2736 Romani
396 2676 557 2751 haberent,
585 2677 751 2738 exereitum
777 2693 901 2753 quoque
925 2678 997 2738 inde
1021 2684 1155 2738 veterem

173 2759 351 2821 deductum:
374 2761 493 2835 trepida
513 2762 615 2822 omnia
628 2769 662 2822 ut
680 2760 866 2822 inconditam
880 2760 1000 2822 turbam
1024 2761 1155 2822 tironum

173 2859 254 2904 esse.
286 2860 449 2919 numquam
469 2845 560 2905 talem
581 2847 775 2907 occasionem
796 2844 972 2904 liberandae
985 2843 1155 2920 Hispaniae

172 2927 249 2988 iore.
291 2928 435 2988 servitum
456 2928 497 2988 ad
517 2945 584 2989 eam
605 2929 686 2989 diem
706 2936 758 2990 aut
781 2928 1083 3004 Carthaginiensibus
1105 2935 1154 2988 aut

171 3011 326 3086 Romanis,
343 3027 400 3073 nec
414 3012 445 3072 in
457 3012 555 3072 vicem
567 3011 616 3072 llis
629 3021 682 3073 aut
695 3013 763 3084 illis,
780 3013 837 3072 sed
852 3012 1000 3073 interdum
1016 3012 1153 3088 utrisque

172 3096 271 3158 simul.
303 3098 412 3173 pulsus
425 3096 464 3156 ab
478 3096 625 3158 Romanis
641 3097 922 3172 Carthaginienses:
942 3096 981 3156 ab
995 3097 1151 3172 Hispanis,

140 3187 143 3192 '
172 3181 200 3241 si
215 3181 430 3256 consentirent7
446 3181 519 3257 pelli
529 3183 686 3242 Romanos
702 3197 807 3256 posse,
824 3187 857 3241 ut
872 3180 910 3240 ab
926 3180 1008 3242 omni
1024 3180 1150 3257 imperio

173 3271 298 3325 externo
321 3267 420 3326 soluta
438 3265 469 3323 in
489 3271 669 3341 perpetuum
683 3264 832 3340 Hispania
843 3264 882 3328 in
903 3265 1020 3340 patrios
1042 3265 1149 3324 rediret

173 3360 275 3406 mores
284 3346 431 3423 ritusque.
445 3347 523 3408 haee
532 3347 654 3421 aliaque
662 3347 793 3408 dicendo
804 3364 866 3408 non
879 3349 1048 3424 populares
1059 3347 1146 3408 modo

174 3426 231 3486 sed
245 3429 420 3490 Ausetanos
435 3445 568 3506 quoque,
590 3430 722 3490 vicinam
736 3439 866 3506 gentem.
885 3432 1016 3504 eoncitat
1031 3439 1059 3490 et
1080 3422 1146 3488 alius
