2428 3892
243 197 359 260 LIBER
373 197 682 262 mildense.
705 203 864 274 [eum]
936 230 939 236 ·
983 195 1044 261 171

61 353 196 417 Romam
210 351 354 426 mitteret,
374 356 405 414 ct
418 349 553 412 cofinum
567 351 765 428 conveheret,
786 351 869 412 unde
889 350 1047 427 exercitui,

59 437 117 514 qui
132 437 174 498 ad
186 433 349 496 Tarentum
362 435 481 496 aestiva
494 441 616 497 acturus
631 441 723 512 esset,
745 441 855 513 posset
867 434 1018 512 praeberi.

150 519 201 582 lli.
235 518 375 581 Ceterum
392 519 589 596 transportati
610 519 720 581 milites
740 519 771 580 in
792 517 927 580 Siciliam
950 551 994 564 -
1017 527 1048 581 et

58 611 153 666 erent
172 602 271 672 maior
289 619 363 681 pars
377 602 475 664 Latini
496 601 628 664 nominis
647 603 864 680 sociorumque
884 633 928 647 -
947 617 1047 680 prope

58 687 168 764 magni
187 694 288 749 motus
302 702 398 748 causa
418 687 516 748 iuere=
539 688 618 748 adeo
633 703 674 748 ex
688 687 792 764 parvis
812 703 909 763 saepe
923 703 1047 763 magna·

58 789 131 834 rum
146 778 300 834 momenta
312 785 415 832 rerum
428 771 573 850 pendent
593 771 729 834 fremitus
744 771 824 832 enim
838 770 1047 832 interLatinos

60 857 234 933 sociosque
253 855 284 916 in
305 854 443 916 conditis
465 861 564 930 ortus,
587 855 739 917 decimum
759 870 873 916 annum
887 853 1048 917 dilectibus

61 939 227 1018 stipendiis
242 955 277 1000 se
298 939 467 1002 exlraustos
482 955 569 1011 esse;
594 939 757 1015 quotannis
771 940 867 999 lerme
882 938 970 1002 elude
984 954 1047 1000 ma-

60 1040 125 1101 gna
145 1039 299 1102 pugnare3
321 1023 400 1085 elios
419 1023 450 1083 in
471 1024 537 1084 eeie
559 1023 674 1096 occidi,
696 1023 774 1084 alios
789 1022 896 1084 morbo
912 1020 1047 1092 obsumi;

60 1108 162 1186 magis
184 1107 285 1185 perire
298 1106 358 1168 sibi
372 1107 486 1180 civem,
508 1107 561 1185 qui
575 1107 613 1169 ab
628 1107 767 1170 Romano
782 1106 871 1168 miles
885 1108 983 1169 lectus
999 1106 1048 1182 sil,

60 1209 158 1270 quarn
172 1191 224 1268 qui
239 1191 277 1252 ab
284 1191 388 1254 Poeno
403 1197 527 1267 copiosa
546 1191 660 1268 quippe
673 1192 714 1252 ab
725 1192 815 1254 hoste
829 1189 924 1267 gratis
938 1188 1047 1252 remitti

59 1278 93 1338 in
111 1276 256 1354 patriam,
279 1274 317 1336 ab
331 1275 479 1336 Romanis
499 1282 587 1338 extra
599 1276 715 1336 Italiam
733 1275 765 1336 in
784 1273 927 1336 exsilium
945 1273 1048 1336 verius

61 1377 158 1436 quam
172 1360 203 1423 in
218 1358 354 1421 militIam
367 1359 512 1436 ablegari.
545 1366 688 1421 octavum
701 1359 762 1421 ium
775 1358 817 1420 ibi
832 1373 945 1420 annnam
958 1373 1047 1419 sene·

60 1461 153 1507 scere
174 1445 364 1506 cannensem
384 1444 523 1518 militem,
545 1443 723 1506 moriturum
743 1450 828 1518 onte,
850 1459 942 1519 quam
962 1441 1047 1504 ltalia

61 1531 179 1606 itastis,
202 1528 319 1605 quippe
333 1543 415 1590 nune
429 1543 499 1589 cum
517 1528 649 1589 maxime
663 1527 780 1589 florens
802 1525 935 1601 viribus,
956 1541 1048 1589 exee-

63 1615 126 1674 dat.
159 1613 188 1675 si
208 1618 329 1674 veteres
351 1611 461 1674 milites
476 1628 537 1673 non
558 1613 687 1674 redeant
704 1611 895 1689 inpubium,
917 1610 991 1672 novi
1005 1610 1047 1671 le·

66 1704 182 1774 gantur,
196 1696 283 1758 brevi
294 1696 445 1757 neminem
455 1697 692 1773 superfuturum.
712 1696 824 1773 itaque,
837 1696 923 1773 quod
934 1709 1047 1773 prope«

66 1782 145 1842 diem
157 1797 210 1844 res
225 1781 294 1857 ipsa
308 1787 455 1856 negatura
469 1781 521 1856 sit,
544 1779 723 1859 priusquam
738 1781 778 1842 ed
791 1779 926 1844 mamam
941 1779 1047 1844 solitu·

65 1866 167 1927 dinem
191 1873 284 1941 atque
314 1871 481 1941 egestatem
504 1859 698 1941 perveniant,
731 1865 905 1941 negandum
930 1864 1048 1941 populo

63 1952 204 2011 Romano
220 1964 300 2011 esse.
333 1950 361 2010 si
375 1950 601 2012 eonsentientes
615 1950 646 2010 in
657 1949 718 2011 hoe
732 1949 837 2010 socios
852 1947 976 2010 rideant
986 1947 1046 2009 Ro-

63 2034 161 2107 mani,
184 2034 322 2111 prolecto
338 2033 378 2093 de
393 2049 470 2110 paee
491 2049 559 2094 eum
574 2031 874 2110 carthaginiensibus
894 2031 1048 2108 iungenda

63 2119 262 2195 cogitaturos.
298 2117 385 2178 aliter
404 2134 568 2194 numquam
593 2118 665 2180 vivo
686 2116 857 2178 Hannibale
878 2117 946 2177 sine
965 2115 1047 2181 bello

60 2203 182 2264 ltaliam
196 2202 271 2264 lore.
299 2202 377 2262 baec
390 2209 460 2263 acta
472 2203 503 2263 in
518 2202 666 2264 conciliis.
694 2200 815 2277 triginta
829 2207 893 2262 tum
907 2197 1048 2262 colortiae

60 2286 170 2365 populi
185 2285 315 2348 Romani
335 2293 435 2346 arants
458 2302 499 2347 ex
518 2286 556 2347 iis
569 2284 742 2360 duodecim,
764 2300 834 2347 eum
855 2283 990 2346 omnium
1004 2282 1046 2344 le-

59 2372 329 2452 gationesltomae
343 2376 456 2442 essent,
472 2377 661 2446 negaverunt
675 2368 853 2432 oonsulibus
868 2384 948 2443 esso,
962 2367 1047 2428 unde

60 2457 175 2517 milites
190 2454 415 2531 pecuniamque
430 2455 547 2516 darent.
579 2471 636 2516 eae
651 2456 736 2516 luere
746 2454 852 2514 Ardea
861 2451 978 2528 Nepete
989 2449 1047 2513 Su-

60 2543 157 2603 trium
170 2538 250 2601 Alba
265 2538 401 2600 Carseoli
416 2537 496 2601 Sora
515 2538 634 2601 Suessa
649 2538 756 2601 cireeii
771 2537 855 2600 Setia
869 2537 958 2598 celes
973 2536 1045 2598 Nar·

16 2643 20 2648 ’
60 2627 114 2686 nia
126 2625 310 2686 lntemmna.
342 2639 425 2686 nova
439 2638 474 2684 re
488 2623 632 2684 eonsules
648 2622 698 2684 icti
714 2637 784 2684 eum
801 2623 975 2683 absterrere
990 2636 1046 2684 eos

60 2727 81 2770 a
96 2717 159 2770 tam
174 2707 347 2770 detestabili
362 2707 491 2770 consilio
507 2707 627 2780 vellent
649 2707 830 2783 castigando
844 2705 1047 2784 increpando-

62 2809 126 2870 que
141 2792 213 2870 plus
228 2808 320 2868 quem
334 2791 442 2852 leniter
454 2791 575 2867 egendo
591 2793 784 2868 profecturos
799 2791 865 2867 rati,
880 2805 937 2852 eos
951 2804 1047 2852 ausos

60 2893 136 2939 esse
148 2875 326 2938 consulibus
338 2876 441 2938 dicere
451 2874 581 2952 aiebant,
596 2876 682 2953 quod
692 2877 836 2939 eonsules
851 2875 927 2937 utin
939 2879 1046 2937 senatu

61 2960 295 3040 pronuntiarent
308 2959 339 3020 in
354 2959 487 3022 ammam
502 2960 648 3022 inducere
662 2977 725 3023 non
737 2965 874 3038 possent
893 2957 1046 3021 nonenim

62 3044 316 3107 detractationem
323 3059 556 3108 communernm
563 3045 687 3108 mdiiiae
693 3046 751 3109 sed
757 3051 895 3124 apertam
901 3042 1047 3106 delectio·

62 3145 134 3190 nem
154 3145 175 3190 a
195 3129 311 3207 populo
325 3129 466 3191 Romano
487 3145 568 3192 esse.
598 3131 733 3192 redirent
751 3129 855 3207 itaque
867 3141 1002 3206 propere
1016 3123 1047 3186 in

62 3212 221 3290 colonias,
241 3218 273 3274 et
287 3221 441 3290 tamquam
455 3214 628 3288 integrare,
653 3213 746 3276 locuti
759 3216 856 3291 magis
872 3226 966 3289 quem
979 3207 1047 3270 ausi

62 3304 179 3359 tanturn
190 3297 289 3372 nefas,
303 3312 373 3360 eum
383 3297 449 3359 suis
461 3297 666 3358 consulerent
681 3298 879 3359 admonerent
889 3291 1046 3357 noncam-

64 3396 165 3458 panos
190 3396 292 3458 neque
308 3380 488 3442 Tarentinos
513 3395 586 3441 esse
610 3395 667 3441 eos
692 3379 750 3441 sed
774 3381 946 3451 Romanos,
974 3376 1047 3439 inde

64 3464 231 3542 emundes,
251 3465 323 3526 inde
342 3463 373 3524 in
387 3463 526 3526 colonius
547 3470 640 3552 atque
655 3463 685 3523 in
707 3477 812 3538 agrum
826 3461 907 3524 bello
923 3467 1045 3537 captum
