2434 3902
206 228 323 290 cisun
337 229 470 291 rurvur.
495 229 579 290 cnr.
594 236 694 294 asan.
719 236 754 305 n.
769 236 800 291 c.
813 233 877 311 nos]
965 232 1026 300 eor

30 383 223 460 praesentis
237 383 393 445 veneratio
409 383 505 459 cepit;
529 391 566 457 et,
590 391 807 460 praeterquam
823 385 907 460 quod
921 395 1030 464 suapte

32 476 159 531 natura
174 469 268 530 multa
281 467 427 528 maiestas
440 468 554 542 inerat,
570 468 742 529 adornabat
754 470 911 544 promissa
925 487 1029 534 caesn-

34 556 106 614 ries
123 552 309 628 habitusque
324 551 480 629 corporiS,
501 567 563 612 non
579 555 678 614 cultus
692 553 847 614 munditiis
862 556 920 615 sed
936 555 1030 617 virilis

37 654 122 698 rere
143 653 181 700 aa
201 636 339 697 militaris
360 643 391 697 et
405 644 489 698 aetas
509 637 539 696 in
555 637 655 698 medio
672 636 779 698 virium
794 637 922 715 robore,
946 641 1031 716 quod

37 722 170 798 plenius
192 721 379 797 nitidiusque
400 736 439 782 ex
453 720 561 782 inorbo
578 722 659 782 velut
672 729 836 784 renovatus
851 722 911 785 llos
926 723 1031 785 iuven·

38 817 96 867 tae
112 806 252 866 iaciebat.
275 821 375 881 prope
390 805 534 867 attonitus
550 805 619 880 ipso
635 821 807 879 congressu
818 806 948 868 Numida
962 825 1031 884 gra·

40 892 105 952 tias
128 891 168 951 de
182 890 282 950 fratris
297 890 360 950 lilio
375 891 506 951 remisso
522 890 593 966 agit.
629 905 668 948 ex
683 905 720 949 co
738 898 875 965 tempore
890 892 1033 953 adfirmat

39 991 116 1035 eam
141 990 177 1035 se
203 974 365 1050 quaesisse
393 974 604 1047 occasionem,
635 989 726 1048 quam
753 974 881 1048 tandem¹
900 977 1032 1037 oblatam

40 1062 140 1120 deum
162 1059 374 1121 immortalium
389 1058 539 1119 beneficio
554 1074 616 1120 non
632 1057 777 1120 omiserit.
811 1074 925 1140 cupere
940 1076 975 1120 se
990 1061 1032 1120 illi

42 1145 229 1220 populoque
243 1145 382 1205 Romano
397 1159 524 1218 operam
538 1159 651 1203 navare
666 1145 716 1218 ita,
731 1151 764 1203 ut
777 1143 962 1206 nemo'unus
977 1161 1030 1206 ex-

44 1237 154 1289 ternus
169 1228 267 1302 magis
282 1227 371 1288 enixe
387 1227 537 1288 adiuverit
547 1243 613 1286 rcm
623 1229 801 1289 Romanum.
824 1228 856 1289 id
867 1245 911 1304 se,
927 1230 1030 1290 etiam·

44 1313 73 1373 si
89 1313 150 1372 iarn
164 1312 284 1388 pridem
297 1315 397 1388 vellet,
412 1312 512 1373 minus
526 1319 686 1388 praestare
700 1312 730 1372 in
744 1312 908 1389 Hispania,
931 1314 1031 1374 aliena

45 1405 142 1472 atque
163 1396 267 1472 ignota
286 1404 381 1471 terra,
403 1397 560 1473 potuisse:
582 1397 611 1456 in
628 1414 690 1472 qua
704 1405 804 1458 autern
820 1398 939 1471 genitus
956 1398 1035 1459 edu-

46 1491 198 1556 catusque
213 1481 243 1540 in
259 1497 347 1556 spem
359 1481 477 1556 paterni
489 1482 575 1556 regni
587 1489 678 1555 esset,
695 1482 784 1541 facile
795 1489 1031 1558 praestaturum,

46 1567 74 1626 si
91 1566 215 1641 quidem
235 1566 366 1626 eundem
382 1565 565 1650 Scipionem
580 1567 690 1626 ducem
705 1565 736 1626 in
749 1567 886 1626 Africam
900 1565 1030 1629 Romani

47 1651 179 1724 mittant,
192 1650 277 1710 'satis
298 1666 425 1726 sperare
446 1650 605 1726 perbrevis
626 1651 694 1710 aevi
716 1651 928 1726 cartilaginem
949 1668 1029 1712 esse.

48 1737 149 1795 laetus
167 1749 237 1793 eum
253 1733 356 1810 Scipio
378 1735 453 1795 vidit
472 1734 663 1810 audivitque,
687 1752 756 1796 cum
777 1743 870 1811 caput
882 1753 985 1796 rerum
999 1736 1030 1796 in

48 1819 133 1879 omni
153 1819 286 1880 hostium
309 1819 447 1895 equitatu
460 1818 656 1880 Masinissam
677 1820 775 1880 luisse
790 1822 896 1895 sciret,
919 1821 1030 1897 etipse

45 1902 170 1963 iuvenis
185 1903 340 1978 specimen
356 1903 447 1964 animi
462 1904 702 1981 praeseferret
725 1903 786 1964 fide
802 1906 873 1965 data
889 1914 1029 1979 accepta-

50 2003 114 2064 que
128 1989 284 2062 prolectus
298 1995 380 2049 retro
394 1989 599 2050 Tarraconem
611 1994 667 2048 est.
696 1987 862 2048 Masinissa
875 1987 1030 2064 permissu

44 2074 314 2147 Romanorumque
327 2073 394 2133 sine
405 2087 500 2134 causa
513 2071 672 2134 uaiedsse
687 2071 717 2132 in
730 2071 933 2134 continentem
947 2073 1029 2132 vide-

45 2164 140 2231 retur,
154 2158 320 2231 populatus
335 2157 495 2233 proximos
511 2172 604 2230 agros
620 2155 723 2216 Gades
737 2155 836 2217 rediit.

132 2240 265 2301 XXXVI.
288 2240 412 2316 Magoni
440 2241 615 2317 desperatis
642 2239 672 2300 in
694 2240 844 2316 Hispania
864 2233 973 2316 rebus,
1000 2241 1030 2300 in

46 2341 179 2401 quarum
199 2340 287 2400 spem
309 2326 420 2387 seditio
443 2326 573 2401 primum
593 2325 747 2399 militaris,
772 2323 884 2385 deinde
899 2325 1030 2386 deiectio

44 2409 193 2470 indebilis
207 2409 327 2471 animos
343 2410 409 2472 eius
424 2413 620 2481 sustuderant
636 2409 755 2484 paranti
769 2409 897 2469 traicere
908 2408 939 2468 in
949 2409 1030 2469 Airi-

46 2499 128 2554 carn·
140 2493 306 2555 nuntiatum
327 2494 366 2554 ab
389 2494 568 2570 carthagine
593 2502 655 2566 est,
686 2493 793 2553 iubere
818 2501 973 2568 senatum,
999 2501 1031 2554 ut
1078 2545 1080 2548 .

46 2581 190 2651 classem,
206 2595 296 2653 quarn
310 2578 446 2639 Gadibus
462 2579 597 2651 haberet,
613 2578 644 2637 in
659 2578 776 2638 ltaliam
790 2577 940 2649 traiceret,
957 2593 1030 2640 con-

46 2664 140 2722 ducta
153 2661 194 2721 ibi
209 2662 364 2725 Gallorum
379 2679 416 2722 ac
427 2663 570 2737 Ligurum
586 2674 700 2738 quanta
714 2661 848 2722 maxima
861 2672 971 2738 posset
984 2664 1030 2724 iu-

47 2753 171 2807 ventute
192 2748 390 2823 coniungeret
411 2763 446 2806 se
460 2747 637 2822 Hannibali,
661 2763 722 2807 neu
737 2761 902 2808 senescere
916 2747 1030 2809 bedunr

45 2829 179 2892 maximo
195 2831 318 2907 impetu,
335 2832 451 2893 maiore
465 2833 588 2893 fortuna
602 2839 744 2907 coeptum
762 2831 885 2892 sineret.
908 2833 1030 2894 adeam

46 2931 113 2975 rem
128 2921 158 2974 et
171 2931 190 2974 a
205 2915 385 2990 Carthagine
400 2917 532 2991 pecunia
545 2917 670 2990 Magoni
688 2916 819 2977 advecta
833 2923 895 2990 est,
917 2923 948 2976 et
961 2917 1030 2993 ipsc

49 3008 192 3075 quantam
207 3001 338 3075 potuita
354 3001 512 3061 Gaditanis
527 3000 633 3076 exigit,
657 3017 718 3061 non
734 3001 853 3062 aerario
868 3001 961 3062 modo
976 3016 1028 3061 eo-

48 3100 114 3144 rum
129 3085 186 3144 sed
201 3085 290 3145 etiarn
306 3086 427 3160 templis
442 3085 597 3161 spoliatis,
620 3094 650 3146 et
664 3085 805 3160 privatim
821 3084 962 3145 omnibus
978 3101 1029 3144 co-

49 3168 124 3229 actis
152 3183 259 3229 aurum
288 3179 509 3245 argentumque
534 3169 564 3228 in
590 3169 744 3244 publicum
774 3171 923 3229 conterre.
961 3185 1029 3228 cunr

48 3253 330 3328 praeterveheretur
340 3255 508 3331 Hispaniae
522 3270 615 3325 oram,
631 3254 714 3314 haud
729 3255 836 3328 procul
850 3251 1030 3327 Carthagine

50 3353 129 3398 nova
149 3338 299 3413 expositis
318 3339 474 3398 interram
490 3338 632 3400 militibus
649 3337 809 3413 proximos
824 3336 1029 3412 depopulatur

50 3438 156 3497 agros,
176 3422 249 3482 inde
270 3423 311 3483 ad
324 3424 430 3484 urbem
451 3425 583 3484 classem
598 3421 724 3497 appulit.
759 3419 800 3481 ibi
815 3436 885 3481 cunr
898 3421 1028 3480 interdiu

48 3506 158 3570 milites
178 3505 209 3566 in
231 3507 361 3568 navibus
384 3508 548 3578 tenuisset,
571 3515 661 3567 noete
681 3505 712 3565 in
728 3506 799 3566 litus
814 3505 975 3583 expositos
991 3505 1031 3563 nd
