2434 3902
147 177 209 242 eol
284 172 400 236 LIBER
413 171 533 231 xxvn.
556 168 639 230 cni).
654 175 698 230 36.
712 173 756 229 37.
778 172 814 240 [a.
830 169 865 224 U.
881 187 906 222 o.
922 169 986 236 545]

147 329 285 400 haberet,
314 324 402 384 binas
416 329 478 382 tres
493 327 668 404 praetores,
695 319 726 377 in
740 316 859 391 Sicilia,
887 316 919 375 in
934 313 1081 375 Sardinia
1103 321 1130 375 et

147 410 255 484 Gallia,
278 410 355 470 diras
371 408 402 468 G.
415 405 572 466 Terentius
593 404 625 463 in
643 401 778 476 Etruda,
800 401 878 460 duas
901 400 935 474 Q.
950 398 1082 460 Fulvius
1103 397 1131 458 iu

145 495 284 566 Bruttiis,
305 493 383 552 duas
399 489 433 564 Q.
449 488 592 550 claudius
614 487 696 546 circa
715 486 878 546 Tarentum
899 491 931 544 et
945 481 1132 556 salentinos,

146 596 237 642 unam
252 578 283 636 C.
295 574 442 636 Hostilius
452 571 587 634 Tubulus
599 571 738 647 capuam
761 569 842 629 duae
856 567 996 628 urbanae
1013 573 1046 627 ut
1061 567 1134 626 scri-

149 665 299 723 berentur.
338 656 443 734 primis
466 661 608 731 quattuor
634 655 809 730 legionibus
831 653 969 728 populus
984 649 1134 710 tribunos

149 745 271 816 creavit,
293 743 323 802 in
339 749 457 802 ceteras
473 741 617 801 consules
633 739 790 798 miserunt.

230 826 377 888 XXXVil.
406 825 588 900 Priusquam
609 823 753 883 eonsules
774 820 1059 898 proficiscerentur,
1084 835 1135 878 no·

149 911 299 972 vemdiale
319 925 441 971 sacrmn
461 907 530 981 luit,
561 905 633 981 quia
652 905 739 967 Veiis
760 906 800 966 de
820 905 908 966 eaelo
929 904 1136 980 lapidaverat.

148 995 206 1056 sub
222 996 311 1056 unius
323 993 464 1070 prodigii,
480 998 512 1052 ut
522 992 564 1065 lit,
579 989 764 1050 mentionem
777 989 838 1048 alia
849 1002 977 1063 quoque
987 986 1137 1059 nuntiata,

147 1078 315 1140 Menturnis
337 1077 445 1136 aedem
465 1074 548 1134 Iovis
567 1081 598 1134 et
618 1076 721 1134 lucum
740 1072 892 1146 Maricae,
920 1071 994 1132 item
1014 1071 1139 1131 Atellae

148 1179 267 1222 murum
287 1169 318 1222 et
336 1165 455 1236 portam
470 1159 510 1218 de
524 1159 610 1218 caelo
626 1163 714 1218 tuctu.
744 1156 997 1228 Menturuenses‚
1020 1154 1140 1214 terribi-

149 1246 207 1306 lius
224 1246 308 1321 quod
328 1250 424 1318 esset,
446 1240 618 1302 adiciebant
632 1241 791 1316 sauguinis
805 1241 906 1300 rivum
926 1238 958 1299 in
973 1243 1067 1313 porta
1083 1236 1141 1298 flu·

149 1330 244 1389 xisse.
278 1336 308 1390 et
322 1329 444 1404 Capuae
465 1327 556 1402 lupus
577 1331 668 1385 noete
688 1331 807 1400 portam
829 1324 990 1399 ingressus
1015 1323 1142 1396 vigilem

152 1414 328 1473 laniaverat
360 1412 437 1470 haec
454 1415 617 1486 procurata
630 1408 740 1470 hostiis
754 1407 922 1469 maioribus
938 1405 1097 1482 prodigia,
1113 1413 1141 1464 et

152 1497 333 1572 snpplicatio
356 1495 437 1555 diem
459 1510 549 1555 unum
563 1493 619 1553 luit
637 1508 678 1552 ex
699 1493 823 1554 decreto
839 1491 1030 1567 pontificum.
1066 1490 1142 1550 inde

152 1580 260 1640 iterum
275 1579 467 1641 novemdiale
482 1579 689 1652 instauratum,
712 1576 798 1653 quod
811 1577 843 1636 in
858 1575 1042 1638 Armilustro
1061 1575 1142 1651 iapi-

151 1663 241 1724 dibus
262 1665 362 1725 visum
381 1664 497 1739 pluere.
530 1662 673 1722 liberatus
694 1661 843 1737 religione
863 1667 981 1722 mentes
1003 1659 1142 1720 turbavit

151 1763 258 1807 rursus
270 1748 610 1809 nuntiatmnFrusiuone
619 1753 722 1808 natum
733 1747 965 1808 iniantemesse
973 1745 1141 1819 quadrimo

152 1845 272 1904 parem,
300 1846 356 1891 nec
381 1831 587 1906 magnitudine
607 1837 669 1890 tam
689 1830 861 1892 meandum
882 1847 974 1906 quam
997 1829 1089 1904 quod
1114 1827 1142 1888 is

154 1929 293 1990 quoque,
316 1921 348 1976 ut
362 1913 529 1976 Sinuessae
544 1915 666 1975 biennio
681 1921 759 1990 ante,
779 1916 931 1987 incertus,
954 1929 1021 1974 mas
1036 1929 1082 1972 an
1099 1913 1142 1972 le

152 1997 234 2057 mina
248 2005 338 2072 esset,
354 2006 443 2060 natus
458 2006 530 2059 erat.
563 1997 595 2058 id
610 2013 684 2058 vero
700 1999 881 2075 haruspices
897 2014 938 2058 ex
951 1998 1078 2058 Etruria
1091 2012 1143 2056 ac-

152 2080 202 2140 citi
218 2082 341 2143 foedum
356 2098 393 2142 ae
408 2089 496 2159 turpe
516 2082 690 2159 prodigium
705 2084 823 2159 dicere,
846 2089 969 2144 extorre
983 2098 1062 2156 agro
1079 2083 1144 2142 Ro·

154 2181 252 2239 rnano,
274 2167 383 2241 procul
397 2174 496 2227 terrae
511 2172 661 2241 contactu,
677 2168 739 2229 alto
753 2167 962 2242 mergendum.
984 2165 1096 2226 vivum
1111 2167 1143 2225 iu

154 2264 255 2308 aream
267 2250 442 2326 condidere,
458 2257 698 2326 provectumque
712 2250 743 2310 in
754 2266 839 2311 mare
854 2251 1063 2327 proiecerunt.
1088 2251 1144 2310 de-

154 2348 278 2392 erevere
292 2333 363 2394 item
373 2335 544 2411 pontifices,
562 2343 592 2395 ut
604 2334 738 2409 virgines
749 2340 796 2394 ter
806 2351 948 2396 novenae
960 2351 1017 2410 per
1029 2336 1143 2395 urbem

154 2422 259 2476 euntes
281 2433 401 2478 carmen
424 2424 575 2480 canerent.
607 2417 640 2477 id
660 2433 729 2477 curn
749 2418 781 2478 in
801 2419 885 2480 Iovis
904 2418 1037 2498 Statoris
1060 2419 1143 2479 aede

155 2499 307 2560 discerent
320 2502 474 2562 conditrun
488 2502 527 2563 ab
541 2500 627 2562 Livio
642 2509 736 2577 poeta
750 2518 882 2576 carmen,
897 2507 980 2564 tacta
994 2504 1034 2564 de
1053 2503 1142 2564 eaelo

155 2582 240 2640 aedis
262 2582 292 2640 in
307 2584 459 2644 Aventino
474 2585 599 2647 Iunonis
619 2586 760 2662 reginam
783 2586 1023 2663 prodigiumque
1044 2587 1081 2647 id
1101 2587 1141 2646 ad

156 2671 308 2759 matronas
324 2667 474 2740 pertinere
487 2669 670 2746 haruspices
685 2687 754 2732 curn
766 2672 1007 2748 respondissent
1041 2672 1141 2730 dono·

156 2761 227 2841 que·
237 2747 338 2806 divam
353 2753 534 2824 placandam
555 2770 640 2828 esse,
663 2755 808 2816 aedilium
823 2755 973 2816 curulium
988 2755 1096 2816 edicto
1111 2755 1140 2812 in

156 2827 334 2924 capitolium
351 2845 554 2914 convocatae,
578 2838 689 2915 quibus
705 2839 735 2898 in
752 2840 827 2899 mbe
841 2841 983 2901 Romana
997 2840 1141 2914 intraque

156 2915 305 3008 deotmunt
316 2917 450 2993 lapidem
464 2923 502 2980 nb
517 2922 592 2982 urbe
607 2922 760 2982 domicilia
775 2929 889 2996 essent
905 2923 995 2998 ipsae
1010 2923 1140 2983 intense
1176 2967 1179 2973 .

157 3013 292 3073 quinque
306 3007 336 3060 et
350 3003 455 3079 viginti
470 3006 661 3081 delegerunt,
680 3006 721 3066 ad
737 3024 814 3081 quas
830 3023 870 3065 ex
886 3007 1011 3066 dotibus
1027 3007 1139 3081 stipem

156 3081 335 3175 conferrent.
352 3087 652 3165 indedonurnpelvis
663 3106 757 3149 aurea
768 3091 848 3151 laeta
859 3091 983 3166 lataque
995 3091 1137 3150 inAven-

157 3167 265 3258 ”numa
289 3184 366 3240 pure
380 3177 526 3247 casteque
540 3190 559 3232 a
573 3172 719 3232 matronis
735 3175 952 3235 sacrificatum.
976 3174 1137 3234 confestim

156 3245 299 3336 adalind
321 3254 503 3314 sacrificium
528 3256 628 3316 eidem
649 3256 739 3315 divae
764 3259 803 3318 ab
826 3257 1012 3319 decemviris
1038 3257 1136 3318 edicta

144 3324 232 3398 -dres,
255 3329 341 3391 cuius
358 3337 434 3395 ordo
450 3337 517 3397 talis
532 3339 599 3396 luit=
622 3337 660 3396 ab
677 3339 754 3398 aede
768 3341 922 3416 Apollinis
936 3341 1038 3402 boves
1053 3339 1135 3400 lerni-

158 3420 215 3464 nne
236 3410 323 3471 albae
338 3417 418 3476 duae
435 3426 522 3492 porta
537 3421 716 3479 Carmentali
737 3423 767 3482 in
788 3425 896 3485 urbem
912 3427 1034 3486 ductae.
1068 3429 1136 3498 post
