2448 3900
169 121 232 188 aab
316 119 432 182 LIBER
443 119 547 182 XXIX.
566 117 650 180 cAP.
664 127 706 184 16.
718 125 762 182 lt.
784 125 821 194 [a.
834 122 869 176 U.
882 141 908 178 c.
919 125 987 192 tta]

252 276 333 337 XVl.
355 275 461 334 Altera
480 271 550 334 item
566 287 634 347 res,
656 285 756 347 prope
776 285 877 347 aeque
896 271 993 346 longo
1019 271 1168 346 neglecte

168 359 300 436 silentio,
315 360 412 420 relata
426 374 445 418 a
457 357 498 418 Μ.
512 357 638 418 Valerio
652 356 789 417 Laevino
805 361 861 430 est,
877 354 929 432 qui
945 354 1086 432 privatis
1104 357 1167 415 eol·

169 447 246 507 latas
261 442 409 522 pecunias
432 458 468 504 se
482 457 520 503 ac
532 441 573 502 M.
589 441 716 502 claudio
732 439 910 502 consulibus
924 439 1022 500 reddi
1038 438 1167 500 taudem

169 544 302 604 aequum
327 541 400 588 esse
422 526 507 587 dixit
542 542 600 586 nec
624 524 727 586 mirari
754 539 940 601 quemquam
967 522 1111 595 debere,
1137 523 1166 582 in
1214 529 1216 596 l

168 612 292 690 publica
306 611 441 686 obligata
454 610 517 671 tide
532 625 619 671 suam
634 610 834 686 praecipuam
850 624 955 669 curam
970 623 1068 668 esse:
1096 623 1165 666 nam
1213 619 1216 748 ¹

168 703 384 774 praeterquam
399 694 483 772 quod
497 695 611 771 aliquid
627 694 753 771 proprie
764 694 805 755 ad
819 693 980 754 consulem
992 693 1069 754 eius
1083 692 1165 765 anni,
1213 749 1214 752 ,

170 797 232 858 quo
249 781 379 842 collatae
393 777 545 856 pecuniae
560 784 675 853 essent,
691 778 874 854 pertineret,
889 777 982 838 etiam
998 791 1040 838 se
1055 781 1164 836 aueto-
1215 771 1216 816 ¹

167 880 233 926 rem
252 864 294 925 ita
313 863 493 926 conterendi
514 864 612 924 luisse
632 861 718 939 inopi
732 859 850 923 aerario
866 875 924 922 nec
940 861 1038 938 plebe
1055 859 1100 921 ad
1116 859 1163 922 tri-
1215 847 1216 892 ¹

169 949 274 1012 butum
287 949 470 1012 sufficiente.
505 956 593 1023 mata
607 962 645 1008 ea
659 946 798 1022 patribus
813 945 980 1006 admonitio
996 945 1077 1016 tuit;
1102 943 1162 1004 ius-

169 1033 277 1110 sisque
295 1035 413 1094 reterre
430 1032 610 1094 consulibus
626 1030 845 1106 decreverunt,
865 1036 899 1090 ut
912 1030 1015 1091 tribus
1031 1028 1161 1106 pensio·
1215 1075 1216 1116 ,

168 1117 258 1180 nibus
279 1132 317 1178 ea
337 1116 471 1193 pecunia
484 1117 673 1178 solveretm=
700 1115 830 1191 primam
850 1121 1054 1192 praesentem
1070 1111 1095 1174 ii
1112 1113 1160 1190 qu'
1215 1151 1216 1188 ,

168 1207 232 1264 tum
245 1207 361 1275 essent,
376 1200 456 1262 duas
470 1198 550 1262 tertii
563 1207 595 1262 at
609 1197 707 1277 quinti
722 1199 866 1260 consules
881 1203 1100 1259 numerarent
1170 1265 1172 1272 ¹
1215 1230 1216 1267 l

253 1285 367 1347 Omnes
382 1284 496 1348 deinde
510 1287 586 1346 alias
602 1299 692 1346 curas
707 1299 770 1345 una
784 1283 963 1361 occupavit,
984 1289 1159 1360 postquam
1215 1297 1216 1334 l

166 1368 368 1433 Locrensium
383 1370 497 1443 clades,
520 1385 600 1446 quae
615 1369 773 1445 ignoratae
789 1367 828 1429 ad
842 1383 910 1430 eam
925 1367 1009 1428 diem
1025 1370 1159 1442 merant,
1215 1373 1216 1418 l

167 1456 337 1531 legatorum
350 1455 485 1517 adventu
498 1455 641 1530 vtdgatao
655 1460 736 1514 sunt.
757 1469 815 1514 nec
827 1459 888 1514 tam
897 1451 1039 1513 Pleminii
1050 1451 1158 1514 scelus
1215 1449 1216 1500 l

169 1554 260 1616 quam
281 1537 435 1614 Scipionis
460 1537 492 1600 in
515 1554 554 1600 eo
576 1545 629 1600 aut
653 1536 777 1598 ambitio
797 1543 851 1599 aut
875 1535 1075 1613 neglegentia
1097 1537 1158 1596 iras
1215 1527 1216 1568 ¹

167 1621 323 1684 hominum
336 1616 473 1684 irritavit.
497 1623 605 1684 decem
620 1620 712 1697 legati
725 1621 935 1696 Locrensium,
951 1621 1045 1683 obsiti
1062 1637 1158 1697 squa·
1215 1603 1216 1654 ¹

167 1708 234 1768 lore
252 1713 284 1769 et
301 1706 463 1781 sordibus,
484 1706 515 1767 in
536 1705 658 1768 comitio
678 1706 857 1768 sedentibus
873 1705 1056 1768 consulibus
1073 1707 1156 1765 vela·
1215 1677 1216 1728 ¹

167 1794 269 1851 menta
282 1789 483 1866 supplicium,
498 1806 602 1853 ramos
617 1792 714 1865 oleae,
730 1796 762 1851 ut
776 1791 902 1852 Graecis
917 1807 985 1852 mos
1001 1797 1068 1864 est,
1085 1805 1156 1866 por·
1215 1755 1216 1818 ¹

167 1873 311 1951 rigentes,
326 1879 398 1936 ante
411 1874 544 1936 tribnmal
559 1890 629 1936 cum
644 1873 738 1936 debili
749 1873 1071 1936 vociterationehumi
1084 1891 1155 1950 pro·

167 1958 348 2021 cubuerunt
384 1958 603 2035 quaerentibus
624 1959 804 2020 consulibus
824 1958 999 2021 Locrenses
1016 1975 1053 2020 se
1069 1959 1155 2018 dixe

166 2050 237 2105 runt
256 2059 343 2120 esse,
369 2058 408 2104 ea
427 2058 542 2119 passos
562 2059 581 2104 a
602 2041 637 2117 Q.
650 2042 797 2105 Pleminio
818 2045 919 2120 legato
939 2042 1156 2118 Romanisque

166 2126 327 2202 militibus,
349 2141 430 2203 quae
450 2129 513 2204 pati
530 2142 571 2187 ne
586 2126 852 2202 carthaginienses
868 2128 992 2204 quidem
1009 2127 1086 2187 velit
1099 2142 1154 2203 po·

166 2212 259 2287 pulus
273 2212 446 2273 Romanus:
466 2225 579 2286 rogaro
592 2211 636 2271 uti
650 2211 709 2272 sibi
724 2217 827 2287 patres
839 2212 974 2274 adeundi
986 2212 1155 2287 deploran-

166 2293 261 2372 dique
275 2310 439 2357 aerumnas
454 2312 530 2356 suas
545 2299 729 2371 potestatem
744 2296 890 2357 iacerent.
922 2295 1018 2358 xvll.
1043 2303 1155 2356 senatu

166 2378 238 2441 dato
252 2380 402 2441 maximus
421 2387 495 2441 natu
508 2395 548 2440 ex
562 2378 615 2440 iisr
637 2378 740 2455 ‚‚scio‚
763 2380 867 2455 quanti
883 2381 1087 2442 aestimentur
1101 2397 1154 2442 no

166 2469 249 2525 suae
262 2464 349 2540 apud
361 2481 420 2526 vos
437 2464 601 2541 querellae,
617 2469 721 2540 patres
737 2464 916 2541 conscripti,
938 2463 1109 2542 plurimum
1123 2465 1152 2524 iu

166 2562 204 2608 eo
218 2549 364 2609 momenti
384 2563 472 2624 esse,
494 2549 521 2609 si
542 2548 642 2624 probe
662 2547 781 2624 sciatis,
803 2555 834 2609 et
854 2564 916 2624 quo
930 2549 1025 2610 modo
1040 2549 1152 2625 proditi

165 2629 255 2692 Locri
268 2631 430 2691 Hannibali
445 2633 515 2707 sint,
530 2639 561 2693 et
575 2650 636 2708 quo
652 2632 745 2694 modo
760 2633 851 2708 pulso
866 2633 1048 2694 Hannibalis
1066 2649 1152 2711 prae

166 2711 246 2775 sidio
272 2714 402 2776 restituti
422 2715 453 2776 in
475 2715 627 2778 dicionem
650 2723 799 2778 vestramt
829 2717 944 2795 quippe
965 2718 993 2778 si
1015 2724 1046 2778 et
1061 2720 1151 2794 culpa

165 2796 346 2860 deiectionis
368 2801 477 2874 procul
491 2815 510 2860 a
523 2801 648 2876 publico
668 2800 798 2863 consilio
813 2801 908 2876 absit,
930 2808 960 2863 et
973 2802 1110 2864 reditum
1122 2803 1150 2863 in

164 2888 299 2944 vestram
314 2882 467 2945 dicionem
478 2891 626 2960 appareat
637 2902 698 2947 non
710 2887 866 2948 voluntate
878 2887 979 2947 solum
990 2887 1051 2947 sed
1063 2887 1150 2947 etiam

165 2981 226 3042 ope
241 2972 271 3026 el
281 2967 391 3028 virtute
402 2974 518 3043 nostra,
534 2971 632 3044 magis
644 2969 843 3046 indignemini
854 2969 944 3031 bonis
956 2986 994 3030 ac
1007 2971 1149 3032 fidelibus

164 3050 258 3113 sociis
273 3058 336 3112 tam
349 3051 492 3128 indignas
508 3053 634 3114 iniurias
650 3054 688 3115 ab
703 3055 804 3130 legato
820 3061 925 3117 vestro
940 3054 1148 3132 militibusque

164 3134 239 3194 tleri.
272 3134 329 3196 sed
352 3151 410 3212 ego
433 3153 557 3198 causam
581 3137 742 3214 utriusque
768 3139 951 3200 deiectionis
974 3148 1102 3201 nostrae
1120 3139 1147 3198 in

164 3217 246 3277 aliud
271 3225 392 3295 tempus
420 3220 621 3280 differendam
648 3221 779 3283 arbitror
804 3237 877 3283 csse
898 3223 1029 3283 duarum
1050 3239 1146 3283 rerum

164 3299 270 3374 gratia,
285 3302 385 3377 unius,
400 3309 435 3363 ut
449 3319 552 3365 coram
567 3303 599 3365 P.
616 3302 770 3380 Scipione,
787 3307 839 3381 qui
853 3307 972 3366 Locros
987 3308 1106 3378 recept
1119 3316 1145 3367 et

166 3381 299 3442 omnium
327 3385 417 3445 nobis
442 3395 526 3448 recte
551 3402 776 3463 perperamque
802 3390 950 3450 lactomm
977 3397 1026 3450 est
1052 3406 1142 3464 iesus,
