2448 3900
326 177 439 237 Ltsshlt
453 177 557 236 xxix.
581 179 663 238 CAP.
679 188 720 240 ra.
742 185 898 252 [eoam]
1035 181 1098 246 299

113 326 195 388 deae
209 327 324 412 numini
345 343 441 402 saepe
457 335 614 402 comperta
629 329 719 389 nobis
739 329 969 406 maioribusque
984 333 1097 393 nostris

110 412 333 485 reserebantur,
354 412 421 472 ausi
438 420 510 472 sunt
524 411 617 474 nihilo
634 413 733 476 minus
749 414 917 488 sacrilegas
932 415 1098 476 admovere

109 512 223 557 manus
238 495 358 556 intactis
375 496 435 556 illis
450 497 619 570 thesauris,
635 504 667 556 et
681 498 813 558 nefanda
829 499 945 572 praeda
959 516 994 558 se
1009 500 1097 574 ipsos

109 595 149 641 ac
172 580 282 640 domos
304 580 511 642 contaminare
532 597 606 642 suas
629 588 659 640 et
676 582 785 640 milites
805 590 937 643 vestros.
973 584 1096 660 quibus

111 679 171 738 per
198 679 256 723 vos
284 664 440 739 fidemque
469 670 617 738 vestram,
647 671 751 739 patres
784 666 965 740 conscripti,
995 668 1095 743 prius·

110 763 206 824 quam
219 747 268 784 ***
284 747 459 824 gesseritiS,
480 764 535 821 ne,
551 749 635 824 quod
650 748 763 824 piaculi
779 750 1011 824 commiserunt,
1035 768 1094 811 non

110 848 173 892 suo
189 832 290 893 solum
305 832 456 908 sangnine
470 833 527 894 sed
542 833 631 895 etiam
647 833 770 910 publica
782 835 869 894 clade
881 835 974 895 luant.
991 851 1092 910 quam-

109 933 207 992 quam
222 931 261 976 ne
276 932 361 996 nunc,
374 916 512 992 quidem,
535 925 640 992 patres
656 917 836 991 conscripti,
853 925 905 976 aut
919 917 947 976 in
965 920 1095 978 ducibus

106 1007 167 1061 aut
185 1001 216 1059 in
238 999 381 1064 militibus
403 1002 515 1061 vestris
536 1007 641 1062 cessat
661 1001 706 1061 ira
721 1000 813 1060 deae:
837 1001 1020 1076 aliquotiens
1036 1002 1093 1062 iam

107 1085 191 1144 inter
206 1099 241 1144 se
257 1083 353 1159 signis
375 1085 493 1146 collatis
510 1092 784 1155 concucurrerunt;
808 1085 871 1145 dux
886 1085 1009 1146 alterius
1024 1103 1095 1162 par·

106 1168 153 1228 tis
177 1167 357 1242 Pleminius
383 1169 507 1230 alterius
531 1170 592 1230 duo
617 1168 729 1228 tribuni
752 1169 879 1230 militurn
900 1177 995 1230 erent.
1032 1187 1094 1230 non

107 1255 216 1313 acrius
231 1269 300 1314 cum
312 1253 613 1328 Carthaginiensibus
629 1270 720 1328 quarn
735 1253 812 1314 inter
827 1269 862 1312 se
877 1253 937 1327 ipsi
953 1255 1033 1314 lerro
1050 1254 1094 1315 di·

107 1337 315 1407 minaverunt3
340 1336 618 1414 praebuissentque
633 1337 827 1400 occasionem
843 1338 946 1398 lurore
961 1355 1019 1399 suo
1035 1338 1093 1400 Lo·

108 1437 183 1482 cros
203 1422 371 1498 recipiendi
393 1421 569 1495 Hannibali,
600 1421 658 1482 uisi
679 1421 795 1485 accitus
816 1421 854 1481 ab
876 1421 965 1484 nobis
988 1421 1092 1498 Scipio

108 1506 335 1570 interuenisset.
357 1513 387 1566 at
400 1506 525 1566 hercule
539 1505 648 1568 milites
661 1513 819 1568 contactos
835 1506 996 1582 sacrilegio
1009 1507 1094 1568 luror

108 1591 219 1664 agitat:
250 1591 281 1652 in
307 1591 436 1650 ducibus
457 1589 534 1665 ipsis
558 1590 723 1666 puniendis
746 1591 861 1655 nullum
883 1589 960 1651 deae
981 1606 1091 1650 numen

109 1675 262 1750 apparuit.
300 1673 390 1734 immo
412 1675 454 1734 ibi
476 1691 626 1750 praesens
644 1675 776 1735 maxime
797 1674 866 1734 luit:
895 1675 991 1750 virgis
1009 1675 1093 1735 caesi

109 1759 221 1820 tribuni
238 1759 389 1832 ablegato
406 1765 489 1828 sunt3
512 1760 630 1833 legatus
643 1758 754 1818 deinde
770 1757 889 1820 insidiis
900 1759 1092 1822 tribunorum

108 1844 312 1918 interceptus,
340 1851 554 1918 praeterquam
581 1843 666 1918 quod
691 1849 756 1904 toto
777 1857 909 1917 corpore
929 1844 1089 1915 laceratus,

109 1941 186 1985 naso
210 1941 335 2002 quoque
355 1925 553 2001 auribusque
563 1926 679 1986 decisis
701 1927 870 2000 exsanguis
886 1933 935 1986 cst
948 1927 1091 2000 relictus3

107 2018 265 2070 recreatus
287 2009 358 2068 dein
379 2011 498 2084 legatus
515 2025 554 2070 ex
567 2009 746 2070 vulneribus
762 2009 901 2069 tribunos
917 2009 1044 2068 militum
1058 2009 1089 2069 in

107 2093 210 2156 uincla
228 2095 400 2168 coniectos,
422 2094 494 2156 dein
509 2093 689 2154 verberatos
705 2092 931 2166 servilibusque
947 2093 1090 2154 omnibus

107 2177 270 2252 suppliciis
292 2178 442 2238 cruciatos
465 2177 646 2240 trucidando
663 2176 790 2250 cecidit,
812 2182 951 2236 mortuos
978 2173 1091 2238 deinde

108 2259 264 2336 prohibuit
279 2261 412 2336 sepeliri.
447 2261 504 2322 has
520 2261 578 2320 dea
593 2277 712 2336 poenas
728 2277 747 2320 a
761 2260 865 2338 templi
880 2259 928 2320 sui
944 2260 1090 2335 spoliato·

106 2345 193 2406 ribus
207 2345 306 2419 habet,
324 2361 381 2404 nec
397 2345 516 2407 desinet
532 2346 672 2406 omnibus
684 2359 739 2405 eos
752 2346 867 2420 agitare
878 2343 974 2418 iuriis,
992 2343 1090 2419 prius-

109 2446 201 2504 quam
215 2428 351 2505 reposita
366 2445 455 2490 sacra
469 2431 601 2506 pecunia
615 2430 646 2489 in
659 2429 813 2492 thesauris
829 2428 928 2494 luerit.
957 2429 1090 2487 maiores

108 2513 265 2590 quondam
290 2513 387 2574 nostri
412 2515 497 2589 gravi
520 2513 763 2575 Crotoniensium
784 2513 881 2585 bello,
912 2512 985 2586 quia
1005 2518 1091 2571 extra

105 2598 214 2659 urbem
231 2601 377 2676 ternplum
397 2605 459 2672 est,
478 2599 645 2659 transferre
664 2597 696 2656 in
716 2595 823 2656 urbem
845 2611 913 2655 eam
927 2595 1090 2672 pecuniam
1111 2621 1114 2628 ·

106 2683 278 2747 voluerunt.
311 2688 404 2743 noctu
418 2683 522 2745 audita
536 2698 575 2741 ex
591 2681 718 2742 delubro
732 2697 809 2755 vox,
825 2679 1014 2742 abstinerent
1028 2696 1089 2739 ma-

105 2781 180 2826 nus:
204 2766 293 2826 deam
315 2783 372 2828 sua
391 2767 505 2841 templa
526 2766 730 2826 defensuram·
768 2765 840 2840 quia
859 2765 1004 2826 movendi
1019 2763 1091 2823 inde

105 2849 270 2916 thesauros
286 2849 391 2924 religio
407 2849 534 2911 incussa
548 2855 621 2923 erat,
643 2866 730 2910 muro
746 2849 927 2910 circumdari
942 2850 1089 2923 templum

13 2959 18 2970 ⁴
104 2927 277 2994 uoluerunt.
302 2933 489 3008 aliquantum
505 2934 564 2994 iarn
580 2933 746 2994 altitudinis
762 2933 894 2993 excitata
909 2938 1089 2992 erantmoe·

105 3017 165 3090 nia,
182 3033 250 3080 curn
265 3018 365 3078 subito
382 3019 520 3094 collapsa
533 3018 623 3080 ruina
638 3023 716 3078 sunt.
739 3017 796 3076 sed
810 3022 841 3076 ct
854 3031 935 3074 nunc
949 3022 980 3074 et
994 3029 1091 3090 saepe

105 3102 183 3162 alias
205 3101 265 3163 dea
285 3117 373 3162 suam
394 3103 500 3162 sedem
521 3118 674 3178 suumque
694 3102 841 3176 templum
861 3104 914 3158 aut
933 3103 1028 3158 tutata
1043 3106 1091 3159 est

104 3191 190 3245 aula
207 3185 408 3248 violatoribus
430 3184 536 3262 gravia
551 3187 672 3260 piacula
687 3184 803 3256 exegit=
824 3188 947 3242 nostras
962 3181 1089 3244 iniurias

104 3283 163 3328 nec
178 3276 281 3344 potest
294 3285 352 3328 nec
367 3269 468 3344 possit
482 3270 561 3330 alius
575 3268 682 3329 ulcisci
698 3283 789 3341 quam
805 3281 878 3340 vos,
895 3271 999 3340 patres
1016 3281 1088 3328 con-

105 3353 227 3428 scriptis
256 3354 295 3414 ad
316 3369 374 3414 vos
390 3360 587 3428 vestramque
601 3353 693 3412 iidem
708 3349 866 3426 supplices
882 3349 1089 3424 confugimus.

105 3435 177 3496 nihil
192 3443 299 3498 nostra
313 3437 453 3511 interest,
469 3443 570 3498 utrum
585 3434 642 3495 sub
657 3435 708 3496 illo
724 3434 841 3512 legato,
857 3433 915 3495 sub
931 3433 983 3494 illo
999 3447 1079 3510 prae
