2428 3892
249 235 363 296 LIBER
377 234 483 295 xxvi.
506 233 588 295 CAP.
603 244 648 298 41.
671 242 706 310 [a.
719 244 751 298 t).
764 245 826 312 210]
963 237 1024 301 tto

54 389 204 464 iunxisset,
225 386 338 450 nultum
353 387 414 448 inm
428 401 539 448 nornen
553 394 637 448 esset
650 386 757 465 popuii
772 387 911 465 Romani,
932 389 1025 452 ductu

54 471 245 551 auspicioque
254 471 350 550 petris
362 470 421 533 mei
432 469 609 541 obstitistis;
621 471 717 532 ethoe
728 472 884 533 secundae
893 487 945 535 res
957 473 1024 534 illus

55 559 193 619 adversas
208 555 426 618 sustinuerunt.
458 569 539 617 nunc
549 552 736 632 benignitate
751 557 843 618 deum
858 556 961 618 omnio
975 573 1024 618 se·

55 641 154 718 cunda,
168 656 329 717 prospera,
344 639 374 700 in
390 639 457 700 dies
472 638 598 700 laetiore
613 654 649 700 uc
663 639 789 702 meliora
803 641 834 700 in
848 640 935 703 Italia
949 640 1024 702 Sici·

55 727 145 802 tioque
158 731 319 801 geruncum
331 724 365 785 in
377 722 481 785 Sicilia
491 722 666 801 Syracusae
677 724 876 800 Agrigentum
890 730 1023 801 captum,

56 811 126 885 pulsi
145 815 207 871 tote
225 809 327 871 insuto
347 807 453 870 hostes
473 814 660 884 receptoque
679 808 838 884 provincie
852 809 883 869 in
903 808 1025 870 dicione

56 892 292 969 poputiRomani
312 896 376 962 est;
400 890 620 967 interrumpi
641 891 766 968 recepti,
792 891 897 970 capua
916 899 1022 969 capum

57 978 105 1037 iter
122 993 209 1038 omne
223 976 262 1037 ab
276 975 360 1044 ‚urbe
374 976 471 1038 Romu
484 976 604 1052 trepido
618 976 690 1051 iuga
704 991 849 1038 emensus
864 977 1024 1052 Hannibal,

57 1063 82 1121 in
100 1067 263 1122 extremum
283 1061 428 1136 anguium
448 1060 512 1136 agri
526 1059 632 1122 Bruttii
654 1061 849 1138 compulsus,
869 1059 942 1122 nihii
964 1060 1024 1122 inrn

58 1145 141 1206 maius
154 1151 298 1221 precatur
307 1144 394 1220 deoS,
410 1161 503 1222 quam
517 1151 549 1206 ut
560 1143 702 1204 incolumi
714 1146 824 1205 cedere
835 1151 929 1222 atque
940 1144 1024 1205 abire

60 1244 91 1287 ex
102 1228 227 1290 hostium
243 1238 326 1290 terra
340 1229 437 1289 liceat
472 1227 544 1301 quid
559 1227 649 1303 igitur
662 1229 762 1288 minus
777 1228 948 1304 conveniat,
969 1229 1024 1288 rni-

63 1312 129 1386 lites,
148 1329 257 1390 quum,
280 1328 350 1374 cunr
370 1312 448 1373 utine
463 1327 558 1388 super
578 1311 654 1372 elios
669 1312 774 1372 clades
790 1314 1021 1385 cumularentur,

63 1397 127 1456 uadi
141 1412 239 1474 prope
255 1397 315 1474 ipsi
330 1411 399 1456 cnm
413 1395 582 1457 Hannibale
597 1402 727 1471 starent,
749 1412 806 1459 vos
822 1395 954 1458 triacum
968 1411 1023 1472 pu-

63 1479 177 1543 tentibus
191 1480 271 1542 meis
285 1511 328 1524 -
338 1486 507 1557 aequentur
518 1479 597 1540 enirn
609 1480 699 1541 etiam
710 1479 828 1542 honore
839 1480 969 1542 nominis
983 1511 1023 1525 -

60 1565 226 1626 sustinuisse
242 1564 394 1625 iubentem
410 1565 560 1626 tartunam
575 1565 682 1640 popuii
692 1565 840 1636 Romani,
856 1580 938 1627 nunc
952 1579 1022 1625 eos·

62 1646 130 1722 dem,
151 1649 220 1726 quic
235 1649 299 1710 illic
313 1649 415 1712 omniu
429 1649 567 1710 secundo
582 1649 722 1730 laetoque
737 1657 824 1725 sunt,
846 1647 955 1710 unimIs
971 1648 1024 1708 de·

62 1729 158 1792 iceret
184 1749 285 1810 nuper
304 1747 429 1809 qnoque
444 1747 523 1808 qnne
543 1733 732 1807 aeciderunt,
755 1733 868 1794 utinum
882 1741 941 1795 tnnn
957 1732 1024 1794 sine

57 1829 116 1886 ¹rnen
135 1817 212 1879 tuctu
234 1833 326 1894 quom
352 1823 447 1879 vestm
470 1816 661 1879 transr‘sserrt!
682 1835 762 1879 uuae
779 1818 825 1878 dii
845 1821 1024 1880 immortates

62 1900 163 1974 imperti
176 1901 308 1963 Romani
320 1902 492 1978 praesides,
512 1905 565 1977 uui
577 1904 720 1964 centuriis
736 1901 882 1977 omnebus,
903 1908 936 1963 ut
951 1903 1026 1963 milri

61 1983 197 2058 imperium
213 1985 525 2059 iubereatdarisuere
535 1993 683 2061 auctores,
705 1987 794 2047 iidem
810 1988 946 2062 cucumis
963 2003 1022 2045 au-

62 2069 201 2145 spicu'spue
216 2076 247 2132 et
257 2087 316 2146 per
334 2076 492 2132 auctuum
501 2073 588 2131 etiam
599 2073 677 2131 visio
687 2072 785 2131 omniu
796 2071 875 2130 laetu
892 2086 931 2131 uc
941 2085 1023 2144 prc-

62 2165 137 2222 spera
149 2155 339 2228 portendunt.
370 2156 612 2230 animmquaquc
621 2171 710 2226 meus,
736 2155 884 2214 mucimus
900 2153 1026 2214 mitiad

63 2233 329 2314 iactempuscates,
349 2241 506 2314 praerupit
514 2244 645 2300 ausuum
655 2237 834 2313 Hr'cpaaiam
845 2253 921 2312 esse,
943 2238 1026 2298 creat

64 2325 167 2381 extorre
181 2323 253 2383 tine
269 2338 353 2384 omae
369 2323 514 2384 meeum
531 2339 635 2384 uomere
645 2324 744 2382 muria
760 2327 914 2397 mnusque
927 2321 1023 2394 foeda

63 2400 329 2483 suaaimpieturum.
356 2408 704 2484 quodmeassuasponte
717 2407 839 2480 divinat,
861 2405 1022 2467 idemsui-

64 2485 184 2551 carram
194 2491 280 2551 baad
286 2489 400 2564 fultura.
432 2493 534 2552 cecati
542 2491 580 2551 ab
596 2492 715 2552 iissacit
722 2497 853 2551 aastram
860 2491 952 2563 fidem
963 2505 1024 2564 per

65 2569 159 2642 leuatae
173 2577 351 2650 imploraret:
371 2575 759 2646 tresduces'discordautes,
777 2591 875 2651 prope
885 2579 918 2635 ut
933 2573 1023 2648 desc-

65 2655 341 2730 certntatia'abctiis,
364 2658 1024 2734 trifariamecaercitumr'aammonereaianes

66 2734 232 2803 distraxere:
253 2742 400 2803 eudemio
416 2745 482 2803 ilios
497 2742 757 2816 anamarfcrtunc,
778 2758 1025 2818 quueuupernos

67 2819 184 2898 adflixit,
205 2842 275 2887 uam
285 2832 316 2887 et
324 2827 501 2888 deseruntm
516 2826 665 2900 adsuctis,
687 2833 720 2886 ut
723 2830 814 2902 prius
824 2827 863 2887 ab
875 2827 1025 2888 Celtiberis

68 2915 115 2974 ²¹⁰⁸,
133 2913 160 2967 et
168 2909 315 2971 diduxere
325 2914 482 2984 excretam,
504 2912 848 2987 quueputrr‘patruapae
857 2925 1024 2972 meacausa

67 2988 137 3048 exiii
148 2990 216 3063 fuit.
253 3011 308 3055 uec
324 2994 477 3056 discordia
493 2997 631 3056 meretoc
641 2997 721 3056 coire
731 3011 780 3057 eas
790 2997 822 3056 ia
839 3011 930 3057 unum
940 2997 1023 3066 staret,

69 3082 146 3144 oeque
154 3077 652 3155 emautncmrectsterepaterum.
674 3095 723 3141 aas
732 3081 827 3154 mado,
839 3082 952 3152 milites,
964 3077 1024 3150 sa-

70 3157 117 3214 ne
131 3163 238 3224 nomini
245 3161 425 3239 Scipionum,
444 3163 540 3224 suade·
552 3165 765 3239 imperatorum
776 3169 938 3224 uestrorum
950 3163 1026 3220 uelut

71 3240 158 3301 amris
172 3250 347 3309 recrescenti
360 3247 509 3322 stirpibus.
537 3250 630 3322 cam,
651 3249 758 3309 milites
774 3255 899 3318 veteres,
919 3259 1025 3303 nouum

70 3326 212 3415 cerritum
231 3347 393 3406 meaque
414 3332 517 3392 ducem
538 3331 684 3392 traducite
699 3330 857 3402 Heberum,
879 3328 1026 3389 traducite

72 3409 190 3472 tticum
199 3429 265 3475 cum
275 3416 373 3476 muia's
379 3413 509 3488 sortitura
516 3415 610 3488 sactis
619 3431 738 3490 saepen
749 3413 1025 3488 mbisperapratcs.

73 3484 304 3573 breviluciamut,
325 3513 411 3574 quem
422 3497 591 3559 admodum
602 3499 750 3558 cosdroas
760 3497 791 3555 ia
801 3492 1005 3570 mepotritpu
