2448 3900
234 240 350 300 nlssnlt
365 239 469 300 xxix.
491 241 573 301 cup.
588 249 631 304 se.
646 250 691 306 st.
713 249 749 316 [a.
766 231 798 303 c'.
811 251 873 318 204]
980 243 1044 309 319

55 392 182 455 consuli
208 392 383 468 duplicatae
405 392 504 465 vires,
533 392 637 452 Poeno
662 408 771 453 recens
792 394 919 456 victoria
944 397 1044 458 animo

54 484 153 538 esset.
187 477 217 536 in
233 477 361 551 primam
376 476 473 536 aciem
488 492 562 537 suas
582 477 720 552 legiones
735 477 935 555 Sempronius
956 481 1044 542 indu·

52 563 117 633 xit;
141 561 172 621 in
187 559 336 620 subsidiis
356 562 475 620 locatae
489 558 520 618 P.
535 561 640 620 Licinii
661 562 808 637 legiones.
839 563 947 625 consul
962 565 1043 640 prin-

53 646 142 722 cipio
157 661 280 721 pugnae
296 643 562 705 acdemFortunae
576 645 774 721 primigeniae
788 648 882 721 vovit,
898 648 925 708 si
940 663 977 708 eo
994 649 1045 710 die

53 731 166 790 hostes
182 728 327 800 fudissem
351 742 542 804 composque
563 729 631 790 eius
645 730 708 790 voti
722 730 786 791 luit.
819 733 878 793 lusi
899 746 936 792 ac
951 732 1044 808 lugati

53 813 171 888 Poeni,
194 829 288 890 supra
304 819 447 888 quattuor
460 813 543 873 milia
557 819 739 876 armatorum
757 830 858 892 caesa,
881 817 973 892 paulo
988 818 1044 877 mi·

53 914 117 958 nus
133 896 259 958 trecenti
281 897 343 956 vivi
358 897 455 972 capti,
475 903 505 957 et
525 898 597 972 equi
613 898 829 974 quadraginta,
851 910 882 962 et
901 901 1044 961 undecim

52 981 311 1056 militariasigna.
345 981 508 1058 perculsus
523 983 656 1042 adverso
672 983 790 1057 proelio
805 982 955 1044 Hannibal
970 985 1043 1044 cro·

15 1133 17 1136 .
55 1073 163 1127 tonem
183 1065 351 1126 exercitum
372 1065 503 1125 reduxit.
534 1065 652 1126 Eodem
672 1072 810 1142 tempore
827 1067 867 1128 ltt.
885 1068 1043 1130 Cornelius

53 1150 168 1211 consul
182 1148 213 1208 iu
227 1150 323 1211 altera
337 1149 535 1225 parteltaliae
549 1166 611 1211 non
626 1157 687 1212 tarn
702 1151 794 1212 armis
810 1168 901 1228 quam
915 1152 1042 1213 iudicio-

53 1251 125 1296 rum
139 1240 256 1295 terrore
270 1233 419 1295 Etruriam
435 1234 583 1307 continet,
606 1241 701 1296 totam
715 1235 810 1296 lerme
825 1237 865 1296 ad
880 1237 1042 1312 Magonem

53 1335 94 1380 ac
107 1334 165 1396 per
179 1333 248 1378 curn
262 1318 302 1378 ad
314 1333 401 1394 spem
415 1318 551 1378 novandi
561 1333 612 1379 res
624 1333 756 1380 versam.
776 1335 830 1381 eas
844 1321 1043 1396 quaestiones

53 1420 96 1463 ex
119 1409 245 1464 senatus
266 1405 406 1464 consulto
427 1403 550 1463 minime
570 1402 731 1464 ambitiose
750 1403 871 1477 habuit;
894 1405 1042 1482 mutoque

54 1487 178 1549 nobiles
189 1486 320 1562 Etrusci,
341 1488 392 1562 qui
406 1494 458 1547 aut
472 1487 532 1564 ipsi
546 1488 644 1548 ierant
657 1494 709 1550 aut
722 1488 869 1551 miserant
880 1489 922 1565 ad
936 1489 1041 1565 Mago·

55 1588 127 1633 nem
142 1573 182 1632 de
197 1572 382 1648 populorum
395 1587 521 1633 suorum
538 1572 724 1649 delectione,
746 1572 845 1650 primo
861 1582 1041 1650 praesentes

54 1664 143 1718 erant
165 1655 373 1717 condemnatis
399 1657 717 1733 posteaconscientia
737 1657 938 1735 sibimetipsi
960 1662 1027 1720 exsi

54 1741 129 1802 lium
146 1740 386 1815 consciscentes,
402 1756 470 1801 curn
485 1741 629 1802 absentes
645 1742 779 1804 damnati
794 1749 907 1817 essent,
929 1757 1039 1818 corpo·

53 1825 141 1886 ribus
164 1825 326 1886 subtractis
353 1825 435 1885 bona
454 1831 585 1900 tantum,
616 1843 696 1901 quae
717 1826 864 1902 publicari
891 1833 1039 1903 poteraut,

51 1909 246 1987 pigneranda
261 1924 381 1984 poenae
396 1908 612 1985 praebebant..

142 1993 291 2056 XXXVII.
332 1993 412 2055 Dum
435 1993 512 2054 haec
538 1995 681 2054 consules
707 1993 837 2054 diversis
862 1995 1039 2070 regionibus

51 2085 163 2154 agunt,
188 2093 334 2138 censores
355 2078 473 2138 interim
486 2079 603 2138 Rornae
616 2078 657 2138 Μ.
671 2078 775 2139 Livius
796 2085 826 2138 et
846 2077 878 2138 C.
894 2079 1039 2140 claudius

52 2169 197 2224 senatum
216 2163 429 2224 recitaverunt.
462 2163 607 2239 princeps
629 2163 736 2222 iterum
756 2164 854 2225 lectus
877 2162 911 2238 Q.
926 2163 1039 2224 Fabius
1149 2157 1151 2162 ’

49 2246 217 2308 Maximus.
245 2247 341 2307 notati
355 2255 482 2323 septem,
499 2263 589 2308 nemo
605 2253 705 2308 mareu
721 2248 773 2324 qui
787 2247 865 2308 sella
879 2248 975 2308 curuli
989 2263 1038 2307 se-

50 2331 164 2392 disset
197 2336 280 2392 sarta
294 2336 374 2391 tecta
388 2331 498 2392 acriter
512 2339 542 2393 et
556 2347 624 2392 cum
639 2347 760 2392 summa·
772 2331 834 2396 llde
854 2338 1021 2408 exegemnt

52 2415 137 2475 viam
152 2431 169 2475 e
185 2417 251 2477 loro
259 2415 393 2477 Bovario
410 2423 440 2476 et
454 2416 494 2476 ad
508 2416 639 2476 Veneris
655 2415 836 2476 circatores
851 2416 993 2492 publicos
1009 2422 1039 2475 et

50 2499 165 2560 aedem
186 2499 290 2560 matris
311 2515 441 2575 magnae
461 2499 491 2561 in
511 2500 625 2560 Palatio
651 2499 822 2561 faciendam
848 2501 1037 2561 locaverunt.

49 2583 185 2659 vectigal
201 2584 292 2644 etiam
307 2599 421 2645 novum
435 2600 475 2645 ex
490 2585 602 2644 salaria
616 2599 739 2644 annona
754 2589 933 2645 statuerunt.
950 2595 1037 2644 'sex-

50 2674 137 2730 tante
150 2668 197 2728 sal
212 2674 242 2728 et
255 2670 372 2729 Romae
387 2675 418 2728 et
431 2684 487 2743 per
500 2674 595 2729 totum
607 2667 723 2729 ltaliam
740 2676 813 2730 erat.
837 2668 954 2729 Romae
968 2684 1037 2744 pre·

49 2752 93 2812 tio
117 2751 243 2828 eodem,
271 2752 367 2828 pluris
388 2753 419 2812 in
441 2752 517 2814 loris
538 2758 568 2814 et
588 2751 813 2826 conciliabulis,
834 2759 865 2812 et
883 2753 944 2813 alio
966 2751 1039 2813 alibi

48 2836 151 2912 pretio
172 2835 382 2912 praebendum
402 2838 589 2898 locavemnt.
629 2837 661 2897 id
683 2836 814 2913 vectigal
835 2843 1038 2899 commentum

49 2923 183 2982 alterum
204 2935 244 2980 cx
266 2920 447 2996 censoribus
468 2920 544 2982 satis
566 2920 746 2996 credebaut,
779 2921 896 2997 populo
917 2920 1036 2996 iratum,

50 3005 139 3080 quod
161 3004 266 3080 iniquo
281 3005 394 3066 iudicio
411 3006 565 3082 quondam
581 3005 741 3066 damnatus
756 3012 854 3076 assela
878 3005 952 3065 etin
968 3020 1038 3080 pre·

51 3089 94 3150 tio
110 3087 185 3150 salis
201 3089 333 3149 maxime
349 3098 491 3150 oneratas
502 3088 608 3160 tribus,
626 3105 753 3164 quarum
767 3105 862 3164 opera
874 3089 1037 3149 damnatus

50 3179 118 3234 crat
139 3173 314 3234 credebant.
347 3173 419 3234 inde
434 3173 586 3235 Salinator
599 3173 685 3233 Livio
707 3172 833 3233 inditum
855 3186 1035 3248 cognomen.

50 3259 181 3318 lustrum
196 3258 352 3320 conditum
367 3258 481 3332 serius,
504 3257 577 3333 quia
590 3273 647 3333 per
661 3255 836 3333 provincias
858 3255 1038 3330 dimiserunt

51 3358 215 3418 censores,
236 3351 270 3404 ut
284 3342 395 3403 civium
408 3343 614 3402 Romanorum
628 3341 659 3400 in
681 3339 880 3412 exercitibus
904 3345 1035 3414 quantus

50 3426 166 3504 ubique
181 3434 273 3500 essct,
295 3427 458 3487 reterretur
471 3441 625 3487 numems.
658 3439 752 3485 censa
766 3439 835 3484 eum
849 3423 888 3484 iis
905 3424 1035 3485 ducenta

52 3511 160 3573 decern
176 3519 319 3591 quattuor
333 3510 415 3571 milia
429 3510 593 3571 hominum.
616 3508 751 3570 condidit
765 3509 892 3568 lustrum
908 3506 937 3566 C.
948 3505 1031 3567 Clau
