2466 3900
168 193 209 256 52
271 193 386 254 LIBER
396 193 489 254 XXV.
509 192 593 254 CAP-
606 203 631 255 l.
641 201 669 256 Ι.
691 199 728 268 [a.
740 197 776 251 U.
789 217 813 257 c.
826 199 895 255 539.
911 214 939 250 a.
953 195 990 256 C.
1001 191 1065 269 ala]

170 347 247 407 clem
268 351 392 418 nactus,
413 344 609 406 tumrdmaria
631 343 771 406 exercitu
791 350 908 405 coacta
931 358 1007 404 cura
1021 342 1160 402 limace

171 427 374 490 sorduisset·
396 443 506 502 magna
521 427 564 488 lbi
575 428 624 490 vis
638 426 808 502 hominum,
830 428 895 488 sed
911 425 1096 488 inconditae
1108 357 1160 485 tgr-
1201 421 1202 480 l

172 514 230 574 bae
250 514 418 587 agrestium
439 526 677 588 servorumque,
700 527 795 573 caesa
810 518 867 572 aut
883 516 986 586 capta
1000 517 1058 570 est.
1086 509 1161 568 mini·

174 613 255 656 mum
283 595 419 656 iacturae
446 595 502 656 iuit
529 595 613 671 quod
642 595 820 670 praelectus
854 595 944 656 inter
974 601 1098 655 ceteros
1125 599 1163 652 est
1201 563 1202 644 l

174 687 299 755 captus,
321 686 352 740 et
371 688 434 740 tum
454 679 635 740 temerariae
655 693 780 755 pugnae
800 685 917 740 auctor
940 685 975 740 et
989 683 1064 738 ante
1076 677 1163 752 publi·

175 779 271 824 canus
283 763 424 825 omnibus
439 763 526 824 mallis
537 762 654 824 artibus
665 770 697 823 et
705 763 751 822 rei
763 763 913 839 publicae
925 770 961 824 et
972 760 1164 822 societatibus

176 847 290 907 infidus
319 848 560 923 damnosasque.
598 845 800 923 Sempronius
830 848 950 908 consul
981 845 1014 906 in
1043 843 1164 904 Lucanis

176 933 270 992 multa
285 931 403 1006 proelia
416 947 528 1006 parva,
542 929 627 991 baud
640 932 735 992 ullum
750 930 880 1006 dignum
898 934 1082 990 memoratu
1096 926 1164 999 lecit,
1201 919 1202 996 l

177 1021 208 1074 et
221 1015 368 1089 ignobilia
381 1014 497 1090 oppida
509 1014 703 1075 Lucanorum
718 1015 837 1090 aliquot
851 1009 1065 1090 expugnavit
1201 1014 1202 1088 l

261 1098 328 1174 Quo
343 1098 456 1160 diutim
468 1095 644 1160 trahebatur
655 1098 777 1173 bellum,
793 1107 825 1160 et
834 1098 1010 1160 variabant
1019 1095 1165 1158 secundae
1201 1095 1202 1130 l

179 1181 391 1260 adversaeque
405 1199 457 1244 res
471 1198 533 1243 non
547 1183 700 1244 inmunem
714 1183 813 1258 magis
829 1199 927 1259 quam
942 1182 1071 1243 animos
1082 1177 1164 1240 homi-

180 1282 260 1342 nurn,
275 1274 358 1328 tanta
370 1267 477 1342 religio
492 1272 523 1328 et
543 1281 582 1326 ea
594 1280 705 1342 magna
718 1281 758 1325 ex
773 1273 1014 1342 parteexterna
1024 1263 1164 1325 civitaten

182 1351 320 1423 incessit,
343 1359 378 1412 ut
397 1359 450 1412 aut
468 1351 609 1410 homines
629 1356 684 1411 aut
702 1350 753 1409 dei
773 1357 904 1426 repente
927 1350 982 1412 alii
997 1348 1164 1410 viderentur

181 1435 262 1496 lacti.
294 1450 352 1494 neo
373 1435 432 1494 iarn
447 1435 477 1493 ia
494 1440 614 1494 secreto
628 1433 721 1494 modo
737 1440 831 1508 atque
845 1435 929 1496 intra
946 1433 1087 1510 parietes
1102 1429 1163 1489 abo-

183 1518 322 1577 lebanlar
331 1517 461 1578 Romani
477 1517 562 1590 ritus,
578 1518 680 1578 sedin
695 1517 819 1593 publico
835 1519 931 1580 etiarn
948 1535 988 1580 ac
1004 1519 1075 1578 loro
1087 1512 1163 1587 Capi·
1201 1517 1202 1536 ¹

182 1600 319 1677 lolioque
342 1601 501 1661 mulierum
525 1599 615 1662 turba
637 1610 705 1662 erat
724 1617 782 1664 aec
802 1602 1053 1664 sacrificantium
1074 1610 1163 1671 neque
1201 1625 1202 1678 l

184 1685 372 1760 precantium
394 1685 470 1746 deos
492 1677 706 1760 patriamne.
739 1686 906 1748 sacrificuli
921 1703 963 1748 ac
976 1692 1069 1746 vates
1084 1694 1162 1754 cepe
1201 1695 1202 1712 ι

185 1774 252 1828 rant
274 1767 430 1828 bominum
449 1775 584 1839 mentem
612 1783 743 1846 quorum
763 1785 927 1831 nnmerum
948 1769 1041 1831 auxit
1060 1764 1163 1828 rustica
1201 1761 1202 1774 ³

186 1853 273 1928 plebs
292 1867 333 1911 ex
352 1853 473 1915 incultis
495 1853 609 1914 diutino
629 1853 710 1915 bello
731 1853 916 1930 infestisque
934 1853 1022 1930 agris
1039 1852 1163 1928 egesldi

186 1943 216 1996 et
229 1943 311 1998 metu
324 1936 355 1996 in
370 1937 478 1998 urbem
492 1939 666 2014 compulsa,
681 1944 712 1998 et
727 1944 876 2013 quaestus
891 1954 932 1998 ex
948 1939 1055 2000 alieno
1071 1942 1164 1996 errore
1201 1933 1202 2000 l

187 2021 297 2098 laeilis,
324 2037 415 2098 quem
438 2023 523 2082 velut
541 2037 581 2082 ex
601 2037 772 2084 concessae
796 2022 871 2083 artis
891 2039 956 2084 usu
976 2015 1162 2082 exercebant

188 2105 286 2180 primo
316 2112 454 2167 secretae
479 2106 632 2166 bonarum
656 2105 882 2181 indignationes
909 2103 1159 2168 exaudiebantur
1201 2159 1202 2170 ,

188 2189 299 2252 deinde
324 2190 364 2250 ad
384 2197 487 2266 patres
509 2196 540 2250 et
559 2189 618 2249 iarn
636 2190 677 2250 ad
696 2189 851 2265 publicam
873 2189 1098 2266 querimoniam
1117 2195 1160 2274 ert·

188 2275 283 2337 cessit
301 2289 362 2335 res.
397 2273 526 2335 incusati
546 2273 679 2350 graviter
696 2273 734 2334 ab
749 2281 859 2334 senatu
874 2273 994 2336 aediles
1011 2265 1161 2334 munna·
1201 2317 1202 2350 ,

190 2375 251 2434 que
266 2359 427 2435 capitales,
447 2358 531 2434 quad
549 2373 610 2418 non
625 2355 837 2434 prohiberent,
859 2373 929 2418 cum
943 2370 1092 2420 emovere
1104 2362 1161 2411 eam
1201 2367 1202 2414 ι

189 2443 441 2505 multitudineme
462 2442 529 2504 loro
551 2457 588 2502 ac
608 2441 739 2502 disicere
758 2448 928 2518 apparatus
944 2454 1105 2504 sacrorum
1118 2447 1160 2493 co·
1201 2429 1202 2458 ³

192 2525 252 2586 rati
266 2532 384 2601 essent,
405 2524 487 2587 haud
502 2527 609 2600 procul
624 2525 712 2600 omit,
734 2525 1022 2601 qun-violarentur.
1046 2521 1102 2583 ubi
1116 2531 1161 2592 ΡΟ·
1201 2579 1202 2588 ,

191 2611 302 2672 teuttus
316 2611 376 2670 iam
389 2625 460 2670 esse
475 2609 505 2669 id
520 2611 631 2671 malum
646 2609 796 2685 apparuit,
812 2625 904 2686 quarn
915 2618 952 2671 at
965 2611 1100 2672 minores
1115 2612 1161 2676 por
1201 2623 1202 2654 1

191 2696 385 2770 magistratus
406 2693 579 2769 sedaretur,
599 2693 639 2753 M.
654 2694 746 2754 Atilio
765 2693 899 2770 praetori
914 2695 1001 2757 urbis
1017 2687 1160 2766 negotium

192 2781 231 2840 ab
246 2772 356 2844 senatu
373 2780 476 2840 datmn
490 2786 552 2854 est,
573 2785 607 2839 ut
620 2779 666 2838 eis
681 2777 881 2854 religionibus
896 2780 1048 2855 populum
1063 2773 1159 2856 libera·

192 2871 247 2928 ret.
268 2863 295 2925 is
307 2870 337 2925 et
348 2864 378 2925 in
390 2863 531 2927 condono
543 2870 669 2925 senatus
685 2865 858 2924 coasultum
872 2863 1019 2937 recitavit,
1037 2866 1067 2920 et
1077 2853 1160 2918 edixtt

194 2956 234 3019 ut,
251 2949 436 3026 quicumque
450 2949 545 3012 libras
558 2947 719 3010 vaticinios
735 2948 930 3023 precationes
945 2953 999 3008 aut
1012 2952 1105 3006 artem
1119 2949 1160 2996 sa·

194 3033 350 3106 crillcandi
364 3033 568 3110 conscriptam
582 3034 722 3108 haberet,
739 3048 795 3093 eos
809 3031 905 3093 libros
921 3047 1027 3094 omnes
1042 3027 1158 3114 litteras·
1201 3047 1202 3056 ι

193 3133 255 3194 que
264 3119 309 3178 ad
326 3119 362 3180 sc‘
376 3128 445 3182 ante
459 3121 519 3181 kal.
535 3119 658 3196 Apriles
673 3117 820 3188 deferret,
840 3131 901 3178 neu
917 3115 986 3192 quis
1001 3116 1031 3175 in
1047 3106 1159 3196 publico

195 3218 325 3264 sacrove
345 3207 414 3268 loco
435 3220 516 3268 novo
538 3210 590 3266 aut
604 3209 730 3264 externo
745 3202 803 3262 ritu
818 3200 1014 3262 sacrificaret
1050 3194 1086 3254 ll.
1104 3186 1159 3284 rili·
1201 3219 1202 3234 ι

195 3295 270 3364 quot
283 3289 398 3363 publici
413 3289 592 3353 sacerdotes
607 3287 718 3349 mortui
730 3301 767 3349 ea
780 3302 860 3347 anno
873 3293 954 3360 sunt,
968 3284 1001 3344 L.
1014 3273 1158 3344 carnalos

195 3371 339 3435 Lentulus
354 3378 492 3451 pontifex
505 3372 656 3434 maximus
671 3379 701 3433 et
712 3366 742 3434 c:
753 3369 894 3448 Papirius
906 3370 938 3430 O.
949 3368 981 3430 F.
994 3367 1078 3428 Maso
1093 3371 1159 3436 pon·

189 3455 269 3516 ulex
288 3462 320 3516 et
331 3457 364 3517 Ρ.
378 3458 488 3522 Furius
502 3456 605 3516 Philus
628 3471 726 3532 augur
745 3462 776 3517 et
790 3456 821 3516 c.
835 3454 977 3530 Papirius
991 3454 1023 3514 L.
1037 3449 1068 3511 F.
1082 3441 1156 3504 lasa
