2434 3902
132 267 137 278 ·
186 239 249 307 att
333 239 448 301 Llssult
462 236 596 297 xxvlll.
619 233 702 294 cnr.
717 241 742 293 4.
757 241 784 292 s.
808 237 844 306 [a.
862 237 896 288 υ.
914 253 938 288 c.
953 235 1019 302 sla]

186 401 290 474 partes
304 392 487 470 pervadunt.
511 387 683 464 direptione
698 392 729 445 et
743 384 841 445 caede
856 382 1031 457 obviorum,
1048 381 1111 442 nisi
1126 353 1168 458 qui

187 479 279 541 armis
294 493 329 538 se
343 475 513 546 tuebantur,
529 471 750 532 abstinuerunt
778 461 1055 543 Carthaginienses
1071 481 1170 526 omnes

186 565 215 624 in
238 560 409 624 custodiam
430 557 493 618 dati
515 562 603 626 sunt;
632 553 857 630 oppidanorum
878 552 962 611 mille
982 551 1099 625 terme,
1128 569 1171 626 qm

187 648 361 708 clauserant
376 647 499 718 portasa
522 639 631 701 ceteris
652 638 794 698 traditum
818 636 984 712 oppidum,
1008 650 1091 695 suae
1111 636 1173 694 red-

189 731 268 791 ditae
288 743 348 789 res.
381 726 521 786 cecidere
541 725 572 784 in
590 722 676 784 urbis
697 722 765 782 eius
786 720 1023 797 oppugnatione
1045 719 1175 780 hostium

188 814 249 875 duo
270 812 352 872 milia
373 811 482 886 terme,
509 810 717 871 Romanomm
738 805 821 865 baud
843 805 976 880 amplius
998 803 1175 878 nonaginta.

187 899 239 958 lV.
260 897 355 958 Laeta
368 901 398 956 et
411 895 499 971 ipsis,
522 893 654 969 quirem
669 905 807 967 gessere,
828 888 914 966 urbis
930 888 999 949 eins
1017 903 1176 964 oppugna-

186 982 229 1048 tio
252 981 320 1058 luit,
344 987 373 1041 et
387 978 562 1055 imperatori
578 982 744 1052 ceteroque
759 974 922 1042 exercitum
949 979 982 1033 et
996 973 1176 1049 speciosum

188 1066 352 1126 adventum
377 1079 464 1124 sunm
495 1062 648 1138 ingentem
675 1059 792 1120 turbam
820 1058 1015 1134 captivorum
1043 1073 1125 1133 prae
1149 1074 1179 1116 se

189 1157 315 1226 agentes
330 1149 475 1209 teeemnt.
509 1145 614 1222 Scipio
634 1144 807 1206 collaudato
824 1143 927 1217 fratre,
950 1157 1041 1216 curn,
1067 1151 1177 1218 quanto

188 1240 308 1310 poterat
320 1232 485 1292 verborum
496 1230 623 1304 honore,
640 1227 812 1304 Carthagini
827 1227 866 1286 ab
881 1242 916 1287 se
931 1232 1046 1302 captae
1058 1232 1176 1302 captam

188 1318 280 1379 abeo
297 1316 430 1391 Orongin
455 1321 629 1391 aequasset,
653 1313 726 1389 quia
740 1319 770 1374 et
784 1311 883 1372 hierna
899 1311 1052 1385 instabat,
1078 1318 1116 1370 ut
1131 1326 1177 1369 nor

188 1408 336 1478 temptare
361 1401 463 1460 Gades
489 1414 546 1458 neo
573 1397 733 1459 disiectum
758 1397 875 1472 passim
903 1412 959 1476 per
983 1395 1177 1471 provinciam

189 1485 355 1546 exercitum
375 1482 577 1544 Hasdrubalis
602 1482 773 1542 consectari
796 1489 920 1558 posset,
946 1480 978 1539 in
1004 1479 1177 1539 citeriorem

188 1569 367 1645 Hispaniam
394 1583 500 1628 omnes
522 1582 594 1626 suas
616 1566 724 1642 copias
752 1565 890 1634 reduxit;
919 1562 1134 1640 dimissisque
1156 1564 1176 1622 in

189 1651 316 1712 hiberna
337 1651 523 1728 legionibus,
547 1651 580 1708 L.
603 1649 748 1726 Scipione
770 1650 863 1710 tratre
876 1649 1007 1710 Romam
1029 1648 1178 1709 missod

189 1735 338 1796 Hannone
349 1736 481 1796 bostium
496 1736 680 1811 imperatore
691 1734 865 1809 ceterisque
876 1732 1033 1793 nobilibus
1046 1734 1177 1810 captivis

189 1819 259 1893 ipse
273 1820 472 1880 Tarraconem
489 1819 651 1892 concessit.

273 1904 389 1964 Eodem
410 1919 490 1964 anno
513 1903 622 1964 classis
643 1904 782 1964 Romana
803 1918 874 1963 cum
895 1901 936 1960 Μ.
951 1901 1087 1962 Valerio
1110 1903 1177 1962 Lae-

191 1987 262 2047 vino
283 1990 470 2065 proconsule
489 2004 528 2048 ex
544 1987 648 2050 Sicilia
669 1987 699 2046 in
713 1985 848 2046 Africam
862 1987 1048 2046 transmissa
1074 1987 1108 2047 in
1122 1987 1176 2049 Uti-

191 2072 275 2133 censi
291 2071 594 2149 Carthaginiensique
609 2087 683 2148 agro
698 2071 758 2131 late
773 2071 991 2147 populationes
1007 2071 1098 2133 fecit
1135 2089 1178 2132 er·

192 2156 293 2217 tremis
308 2157 420 2218 finibus
437 2156 729 2233 Cartbaginiensium
745 2154 827 2215 cirea
846 2156 917 2232 ipsa
931 2154 1058 2214 moenia
1074 2157 1179 2218 Uticae

191 2242 325 2318 praedae
347 2248 432 2302 actae
454 2248 534 2303 sunt.
561 2239 769 2316 repetentibus
784 2239 919 2300 Siciliam
936 2239 1050 2299 elassis
1068 2239 1179 2301 Punica

191 2349 232 2368 ·-
247 2324 439 2404 septuaginta
453 2331 539 2387 erant
553 2325 663 2400 longae
678 2340 774 2385 naves
788 2356 832 2368 ·-
848 2323 989 2385 occurrit.
1022 2325 1179 2386 decernet

191 2416 309 2485 septem
319 2425 415 2470 naves
430 2409 521 2471 exiis
538 2415 646 2484 captae
661 2414 740 2481 sunt,
758 2415 900 2485 quattuor
913 2408 943 2467 in
959 2407 1021 2468 alto
1036 2425 1179 2478 mersam

191 2500 292 2553 cetera
306 2494 375 2554 msa
390 2510 427 2554 ac
442 2495 544 2570 fugata
558 2493 678 2554 classis.
706 2500 787 2554 terra
800 2493 937 2569 marique
950 2492 1055 2552 victor
1069 2495 1178 2556 Roma-

191 2592 249 2637 nus
264 2592 333 2639 cum
347 2595 457 2654 magna
475 2577 574 2639 omnis
589 2577 711 2653 generis
727 2578 843 2654 praeda
857 2577 1042 2656 Lilybaeum
1058 2579 1178 2657 repetit.

190 2666 254 2720 tuto
271 2661 343 2722 inde
363 2664 437 2722 mari
455 2663 554 2739 pulsis
575 2660 708 2723 hostiurn
722 2661 852 2722 navibus
867 2661 968 2738 magni
985 2671 1178 2725 commeatus

191 2745 331 2806 irmnenti
346 2747 474 2808 Romam
491 2746 638 2809 subvecti.

275 2830 313 2890 V.
327 2828 478 2909 Principio
490 2831 615 2893 aestatis
627 2831 702 2906 eius,
715 2847 776 2908 qua
786 2831 863 2890 haec
875 2836 946 2890 sunt
956 2837 1058 2906 gesta,
1071 2830 1104 2890 P.
1114 2831 1175 2893 Sul·

192 2913 290 2990 pieius
311 2913 477 2992 proconsul
500 2923 529 2978 et
542 2916 663 2976 Attalus
677 2931 733 2975 rex
748 2931 816 2976 cum
828 2914 982 2991 Aeginae,
1005 2915 1091 2976 sicut
1111 2923 1176 2977 ante

193 2998 374 3078 dictumest,
388 3001 611 3074 bibemassent,
626 2999 771 3060 Lemnum
785 2998 857 3059 inde
869 2998 970 3059 classe
984 2998 1103 3074 iuncta,
1119 2999 1191 3061 Ro'

192 3100 300 3146 manae
316 3087 451 3162 quinque
472 3092 503 3147 et
515 3084 621 3160 viginti
644 3083 897 3160 quinqueremes,
916 3083 1022 3160 regiae
1039 3083 1175 3161 quinque

193 3177 222 3229 et
235 3170 365 3246 triginta,
380 3169 623 3230 transmiserunt.
656 3176 685 3230 et
699 3167 865 3245 Philippus,
887 3173 928 3240 ut,
953 3183 1009 3229 sen
1023 3175 1109 3229 terra
1122 3186 1174 3230 sen

192 3254 267 3312 mari
283 3254 405 3314 obviam
419 3253 553 3314 eundum
564 3253 645 3313 hosti
660 3254 746 3327 toret,
761 3258 887 3328 paratus
903 3252 943 3312 ad
959 3268 1070 3314 omnes
1086 3269 1173 3313 cona·

193 3340 242 3394 tus
258 3343 349 3411 esset,
372 3336 440 3412 ipse
454 3335 677 3398 Demetriadem
691 3336 731 3395 ad
741 3341 830 3396 'mare
845 3337 1014 3412 descendit,
1036 3337 1172 3398 Larisam

194 3415 274 3476 diem
295 3419 598 3500 adconveniendum
619 3419 763 3480 exercitui
784 3420 889 3480 edixit
919 3420 1057 3496 undique
1072 3422 1110 3481 ab
1124 3437 1174 3482 so·

194 3496 250 3557 ciis
266 3503 431 3576 legationes
440 3503 660 3564 Demetriadem
676 3502 715 3562 ad
731 3504 842 3564 lamam
857 3503 939 3572 regis
956 3511 1172 3568 convenerunt
