2434 3902
271 222 387 286 LIBER
400 225 535 286 XXVIII.
558 225 640 286 GAP.
651 235 677 289 a.
695 233 731 300 [a.
745 232 778 286 C.
790 232 853 300 207]
980 225 1043 290 229

56 393 95 438 se
117 377 203 438 nuto
224 379 294 439 loeo
314 393 373 438 nee
394 378 524 454 tempori
543 378 696 453 doluisse,
723 379 811 454 quin,
838 379 890 441 ubi
909 379 1043 445 hostium

56 477 149 527 arma
162 463 424 538 concrepuissent,
439 478 477 524 eo
495 469 609 538 quanta
621 463 754 524 maxima
767 470 877 539 piasset
890 463 1044 530 celeritate

7 601 18 611 ,
56 545 209 606 tenderet
246 547 303 607 sed
319 546 372 606 vix
386 546 535 608 rationem
549 546 617 607 iniri
631 561 736 623 posse,
751 553 852 610 utram
866 563 934 610 ase
949 547 1043 612 auda·

56 628 127 689 aius
157 645 196 689 an
223 629 363 706 iupaeius
388 629 427 691 ah
451 629 591 692 hostibus
619 637 743 705 geratur
770 630 893 694 bellum.
931 631 977 692 sio
1002 632 1041 692 ab

58 710 185 788 Opunte
198 714 348 788 Attalum,
369 715 414 775 sic
429 714 597 791 Sulpicium
612 714 650 775 ab
666 714 825 791 Chalcide,
845 714 890 776 sie
905 716 950 778 ein
964 717 1043 792 ipsis

57 795 172 858 diehns
192 796 407 859 Machanidam
429 815 447 860 e
466 797 608 860 manibus
633 800 699 860 suis
721 800 869 874 elapsum.
904 800 1044 863 sednon

56 895 186 957 semper
209 882 329 942 felicem
349 898 420 944 ease
440 885 559 958 lugam,
585 891 643 943 nee'
663 899 720 960 pro
742 881 857 944 diiiioiti
876 882 911 947 ld
929 883 1042 948 bellum

56 965 246 1039 habendum,
267 965 298 1026 in
315 967 527 1042 quasimodo
543 982 732 1042 oonmessua
748 982 817 1028 curn
832 966 972 1032 hostibus
988 969 1043 1042 sis,

59 1048 183 1110 viceris.
218 1050 301 1125 quod
327 1051 457 1125 primum
478 1056 577 1123 esset,
604 1050 832 1112 consessionem
854 1067 889 1112 so
911 1051 1042 1114 hostium

57 1132 177 1193 habere
196 1149 392 1210 nequaquam
410 1150 505 1211 pares
526 1150 598 1195 esse
619 1134 694 1206 sibi;
726 1133 813 1194 bravi
834 1141 865 1194 et
887 1134 1044 1198 victoriam
1158 1198 1162 1206 ,

59 1217 146 1278 haud
166 1217 291 1278 dubiam
310 1217 499 1294 habiturum,
521 1233 579 1280 nec
598 1218 725 1280 meliore
740 1225 921 1280 aventneos
935 1233 1044 1280 secum

59 1317 155 1376 quam
170 1317 231 1378 apa
244 1309 446 1378 pugnaturas.
478 1302 550 1363 laeti
563 1317 670 1378 regem
683 1302 762 1364 sooii
777 1302 948 1365 andleruat.
973 1301 1043 1362 rod·

58 1385 139 1445 didit
162 1385 234 1446 inde
253 1386 388 1447 thaeIs
408 1388 558 1448 Heraeam
577 1393 608 1448 et
629 1387 833 1464 Triphuliam,
866 1386 1043 1462 Alipheram

60 1475 166 1530 autem
189 1469 430 1546 Mffimopolitis,
463 1471 549 1547 quod
575 1487 703 1534 suorum
723 1469 821 1534 tussa
842 1471 946 1534 linium
968 1469 1043 1532 satis

59 1552 243 1630 probabant,
255 1555 397 1617 restituit.
420 1555 492 1616 inde
506 1555 637 1618 navibus
653 1555 788 1629 acceptis
803 1555 842 1615 ab
857 1554 991 1620 Animeis
1001 1585 1039 1596 -

58 1644 263 1700 erautautem
277 1647 339 1700 tras
355 1638 567 1715 quadriremes
579 1644 610 1700 et
621 1639 755 1704 wantos
771 1638 896 1703 totidem
907 1639 1040 1700 -Anti

61 1737 170 1799 aynau
189 1723 316 1784 traieait.
355 1723 427 1784 inde
448 1723 721 1800 quinqueremibus
742 1731 862 1798 septem
885 1728 916 1784 et
935 1722 1043 1784 lembis

58 1805 168 1880 viginti
194 1807 342 1883 amplius,
372 1825 452 1883 quos
480 1815 515 1869 ut
541 1807 723 1882 adiungeret
752 1805 1044 1881 Cardraginiensium

58 1889 165 1964 classi,
177 1891 302 1953 miserat
311 1892 342 1952 in
356 1891 542 1953 Corinthium
552 1892 663 1965 sinum,
675 1891 833 1966 proiectus
846 1890 886 1950 ad
894 1891 1043 1968 Erythras

58 1975 250 2050 Aetalorum,
266 1991 345 2051 quae
360 1975 629 2053 propeaupaitum
642 1982 722 2048 sunt,
738 1973 952 2036 esoensionem
964 1973 1043 2034 lenit.

58 2059 145 2119 haud
158 2059 418 2122 seafflaaetolos=
434 2077 505 2123 num
518 2059 675 2123 hominnm
691 2060 774 2134 qaod
789 2059 884 2120 autin
899 2057 981 2132 agris
992 2064 1044 2118 aut

57 2143 90 2202 in
114 2144 297 2220 propinquis
315 2145 452 2206 castellis
470 2144 648 2208 Potidaniae
668 2149 761 2219 atque
774 2142 959 2218 Apolloniae
980 2142 1044 2216 tuit,

57 2227 90 2286 in
106 2228 209 2288 ,silvas
230 2235 413 2306 montesque
432 2229 558 2304 refugit:
579 2243 708 2303 peoora,
731 2242 812 2302 quae
826 2225 905 2288 inter
918 2225 1044 2288 testina-

58 2311 175 2372 tionem
195 2312 276 2388 abigi
298 2311 493 2389 nequierant,
513 2319 585 2376 sunt
606 2312 727 2386 ‹brepta
745 2318 778 2370 at
797 2311 827 2370 in
848 2325 945 2370 naves
961 2325 1043 2370 eorn-

58 2397 162 2471 pulsa.
197 2413 265 2457 orum
278 2397 317 2458 iis
339 2403 504 2473 ceteraque
519 2396 634 2472 praeda
647 2395 733 2460 Ninia
746 2401 890 2470 praetore
903 2393 1043 2454 thaeo-

58 2496 128 2542 rura
148 2480 280 2556 Axium
301 2482 413 2555 misso,
436 2497 505 2544 oum
520 2479 696 2546 Corinthum
718 2479 860 2555 petisset,
883 2479 1043 2553 pedestres

59 2564 133 2625 Inde
147 2564 255 2640 copias
270 2565 501 2640 pertinentiam
515 2572 596 2629 terra
610 2564 682 2630 duoi
696 2565 795 2628 iussit.
829 2563 898 2638 ipse
913 2562 952 2622 ab
969 2561 1043 2622 cen·

59 2648 162 2709 ohreis
187 2655 309 2724 praeter
333 2655 445 2712 terram
468 2649 600 2714 Atticam
626 2663 722 2724 super
743 2647 871 2714 Sunium
896 2646 1043 2722 navigans

57 2731 140 2794 inter
159 2732 278 2794 medias
300 2749 399 2809 prope
417 2733 553 2798 boatium
568 2734 686 2798 alausas
702 2731 875 2794 Chalcidem
890 2732 1043 2806 pervenit:

58 2815 133 2882 inde
149 2817 321 2879 colaudata
332 2818 394 2880 lide
405 2834 443 2878 aa
456 2818 575 2893 virtute,
589 2817 674 2892 quod
685 2831 788 2892 neque
799 2815 887 2878 timor
900 2831 956 2876 neo
969 2831 1043 2890 spes

59 2899 203 2962 llemsset
215 2917 321 2964 earum
336 2902 464 2976 animos,
480 2903 727 2978 hortatusqueia
744 2907 910 2978 posteram,
934 2906 966 2960 ol
986 2917 1044 2960 ea-

58 2985 127 3046 dem
137 2989 303 3048 constantia
311 2993 524 3062 permanerent
537 2989 569 3048 ia
578 2990 724 3059 societate,
735 2988 765 3047 si
773 3001 959 3059 utrumquem
972 2983 1044 3044 Ori-

59 3076 198 3130 tanomm
215 3077 304 3145 atquo
315 3070 518 3146 Opuntiorum
533 3072 685 3136 tartunam
699 3071 831 3141 mallant,
846 3069 885 3130 ab
901 3067 1044 3128 chalaide

61 3149 172 3214 Oreum
186 3154 325 3228 navigat,
346 3155 581 3230 principumque
596 3153 649 3226 iis,
672 3153 725 3229 qui
741 3154 848 3227 turgere
863 3157 953 3225 napta
968 3149 1044 3208 urim

60 3253 151 3311 quam
176 3253 213 3296 so
231 3237 376 3299 Romanis
399 3239 520 3300 tradere
541 3239 725 3309 maluerant,
749 3251 871 3298 summa
890 3249 993 3294 rerum
1014 3242 1044 3293 et

61 3320 202 3382 custodia
222 3321 307 3383 urbis
328 3323 493 3397 permissa,
515 3322 584 3396 ipse
604 3321 829 3382 Demetriadem
851 3317 890 3386 ab
904 3317 1041 3388 Euboea,

61 3404 141 3466 unde
164 3405 296 3480 primum
319 3406 360 3468 ad
381 3421 471 3482 opem
493 3404 651 3466 terendam
671 3403 766 3464 soaiIs
789 3403 946 3478 proiectus
966 3405 1041 3463 erat

60 3487 184 3550 traiecit.
220 3489 432 3551 cassandreae
457 3489 569 3550 deinde
594 3494 715 3548 eentum
736 3485 858 3546 navium
880 3487 1038 3561 longanum
