2466 3900
265 245 379 308 amen
392 245 499 308 xxrv.
522 246 606 309 cau.
620 253 665 310 ar.
687 245 771 327 [ec.
785 250 849 330 an]
1010 249 1052 318 ts

91 405 144 460 tnm
150 399 413 476 oppugnandarum
420 398 539 460 urbium
546 399 641 462 muris
650 399 861 462 admoverunt
876 401 1011 464 XXXIV.
1022 411 1051 466 et

88 480 229 544 habuisset
248 489 330 544 tanto
352 483 468 560 impetn
489 488 601 559 coepta
617 498 669 544 res
690 484 857 561 fortunam,
891 486 950 547 nisi
971 503 1051 550 unus

85 566 165 628 homo
173 566 331 644 Syracusis
343 583 382 629 ea
390 574 573 644 tempestate
585 567 702 628 luisset.
723 567 1048 648 Archimedesiserat,

85 650 182 712 unicus
201 657 355 728 spectator
375 653 452 712 caeli
471 651 685 728 siderumque,
709 652 877 716 mirabilior
889 661 991 716 maren
1006 655 1051 718 in·

83 741 179 796 ventor
190 735 608 798 acmachinatorbellicorum
619 742 838 798 tormentorum
850 754 1050 820 operumque,

85 819 189 895 quibus,
209 821 234 881 si
249 820 324 897 quid
338 820 445 882 hostes
461 820 576 896 ingenti
591 821 672 880 mole
687 829 828 898 egerent,
849 822 918 900 ipse
933 824 1051 900 perlevi

83 910 219 964 momento
233 904 451 966 ludificaretur.
474 919 580 966 murus
595 920 652 981 per
666 904 846 980 inaequales
861 907 972 968 ductus
988 909 1050 971 eol-

84 988 136 1058 les;
156 989 297 1064 pleraque
319 991 381 1050 altu
400 995 431 1050 et
445 987 583 1050 difficilia
602 987 702 1060 aditu;
726 989 883 1052 submissa
899 991 1051 1066 quaedam

84 1077 197 1148 atquae
215 1073 318 1150 plenis
338 1072 470 1134 vallibus
491 1072 577 1133 adire
591 1079 731 1149 possent.
763 1081 797 1135 ut
817 1075 927 1151 cuique
947 1083 1051 1152 aptum

83 1155 168 1216 uisum
187 1165 231 1218 est
251 1158 341 1231 loco,
365 1157 407 1218 ita
421 1173 535 1233 genere
557 1157 639 1218 omni
659 1164 878 1220 tormentorum
898 1159 1046 1224 instruxit

84 1239 257 1304 Achradinae
278 1259 415 1318 murrum,
438 1242 506 1317 qui,
526 1248 561 1304 ut
574 1249 644 1303 ante
659 1240 843 1318 dictumest,
864 1243 938 1304 mari
954 1244 1050 1306 adlui-

86 1329 134 1400 tur,
151 1327 304 1404 sexaginta
319 1325 588 1402 quinqueremibus
599 1326 763 1386 Marcellus
779 1325 987 1402 oppugnabat.
1010 1343 1050 1388 ex

88 1409 176 1468 ceteris
193 1411 327 1472 navibus
349 1411 495 1486 sagittarii
517 1409 749 1485 funditoresque
770 1417 800 1474 et
819 1409 928 1472 velites
950 1410 1049 1486 etiam,

85 1508 195 1567 quorum
208 1497 304 1557 telumr
319 1494 359 1555 ad
372 1494 586 1556 remittendum
599 1493 734 1556 inhabile
748 1494 897 1571 imperitis
912 1502 974 1571 est,
997 1496 1049 1558 vix

83 1591 247 1654 quemquam
269 1580 339 1640 sine
360 1579 487 1640 vulnere
508 1578 678 1641 consistere
692 1578 723 1639 in
737 1594 824 1641 muro
846 1580 1049 1657 patiebantur.

80 1658 113 1736 hi,
127 1663 193 1737 quia
206 1663 310 1740 spatio
324 1662 493 1725 missilibus
509 1678 589 1739 opus
605 1670 661 1738 est,
681 1664 790 1739 procul
804 1679 891 1726 muro
906 1666 1051 1728 tenebant

79 1759 172 1807 naves.
193 1747 318 1810 iunctae
332 1746 516 1808 aliae‘binae
531 1746 767 1824 quinqueremes
779 1748 912 1825 demptis
927 1750 1050 1810 interio-

77 1829 150 1892 ribus
168 1833 276 1908 remis,
300 1838 333 1893 ut
353 1834 432 1894 latus
452 1831 540 1892 lateri
561 1830 780 1908 applicaretur,
809 1848 879 1894 cum
900 1835 1051 1896 exteriore

77 1915 172 1976 ordine
183 1933 341 1978 remorum
354 1917 438 1977 velut
451 1932 513 1976 una
526 1915 615 1976 navis
631 1921 808 1992 agerentur,
829 1923 929 1978 turres
945 1925 1049 1979 conta-

76 1996 181 2061 bulatas
192 2001 501 2076 machinamentaque
513 1999 574 2060 alia
587 1999 760 2075 quatiendis
773 1999 866 2060 muris
878 2001 1050 2076 portabant.

75 2083 214 2147 adversus
239 2085 325 2146 hunc
348 2087 490 2146 navmem
514 2091 696 2160 apparatum
716 2083 920 2145 Archimedes
945 2085 1050 2145 variae

74 2169 283 2244 magnitudinis
303 2175 454 2231 tormenta
473 2168 504 2228 in
525 2167 620 2228 muris
642 2167 805 2243 disposuit
838 2168 868 2226 in
893 2183 947 2228 eas
969 2184 1050 2243 quae

73 2255 181 2332 procul
192 2259 282 2316 erant
296 2268 393 2314 naves
409 2269 486 2314 saxa
500 2252 615 2330 ingenti
630 2251 769 2328 pondere
784 2250 953 2324 emittebat;
976 2268 1048 2328 pro-

73 2335 166 2410 piores
186 2338 358 2400 levioribus
380 2353 482 2413 eoque
496 2337 594 2412 magis
610 2335 726 2396 crebris
747 2335 873 2411 petebat
886 2336 970 2397 telis=
993 2353 1048 2412 po·

73 2426 195 2500 sinemo,
215 2430 250 2484 ut
264 2422 314 2484 sui
329 2423 456 2482 vulnere
477 2421 581 2482 intacti
595 2420 657 2482 tela
678 2420 709 2480 in
723 2419 845 2481 hostem
866 2421 1048 2498 ingererent,

72 2519 179 2568 murum
193 2507 234 2568 ab
256 2508 318 2568 imo
332 2506 373 2568 ad
387 2523 538 2568 summum
553 2504 669 2566 crebris
685 2503 868 2566 cubitalibus
883 2505 947 2566 iere
963 2505 1049 2566 cavis

73 2591 188 2668 aperuit
204 2607 263 2668 per
275 2606 355 2666 quae
367 2607 445 2651 cova
456 2606 529 2666 pars
540 2589 659 2664 sagittis
670 2605 744 2665 pars
756 2589 973 2666 scorpionibus
985 2605 1047 2650 mo-

72 2672 140 2736 dicis
154 2691 194 2736 ex
209 2677 333 2738 occulto
347 2675 493 2753 petebant
503 2675 634 2735 hostem.
657 2687 737 2748 quoe
751 2675 880 2750 propius
897 2674 1049 2750 quaedam

73 2759 207 2821 subibant
219 2777 326 2836 naves,
339 2775 401 2836 quo
413 2758 574 2820 interiores
586 2757 922 2820 ictibustormentorum
935 2766 1049 2834 essent,

70 2840 96 2901 in
111 2859 162 2906 eas
177 2845 335 2905 tollenone
347 2859 441 2920 super
452 2859 569 2904 murum
585 2841 737 2903 eminente
751 2842 851 2903 terrea
864 2859 982 2916 manus,
999 2842 1050 2902 iir-

72 2941 134 2988 mae
148 2936 279 2990 catenae
294 2929 418 3004 illigata,
438 2944 507 2989 cum
522 2927 634 2988 iniecta
647 2942 760 3003 prorae
774 2932 868 3001 esset,
892 2942 1050 3002 graveque

70 3008 275 3073 libramentum
290 3012 407 3089 plumbi
420 3011 580 3074 recelleret
595 3011 635 3072 ad
650 3012 765 3086 solum,
787 3026 942 3087 suspensa
957 3026 1050 3087 prora
1079 3013 1082 3020 “

70 3110 172 3157 navem
187 3098 219 3157 in
235 3097 363 3174 puppim
378 3095 538 3168 statuebat,
563 3096 633 3155 dein
649 3095 779 3156 remissa
795 3095 897 3157 subito
910 3096 996 3156 velut
1010 3109 1049 3154 ex

70 3193 149 3243 muro
164 3183 326 3242 cadentem
337 3197 447 3242 navem
463 3196 531 3240 cum
546 3179 659 3255 ingenti
674 3178 878 3255 trepidatione
889 3185 1048 3240 nautarum

70 3262 107 3325 ita
118 3267 222 3328 undae
234 3258 409 3342 adfligebat,
431 3272 464 3327 ut
480 3263 599 3326 etiamsi
613 3270 696 3324 recta
710 3263 888 3336 recciderat,
911 3261 1049 3338 aliquan·

71 3352 126 3409 tum
139 3365 240 3428 aquae
254 3351 418 3428 acciperet.
455 3349 496 3410 ita
511 3347 661 3409 maritima
682 3346 871 3424 oppugnatio
888 3351 935 3405 est
950 3345 1046 3419 elusa,

72 3434 227 3512 omnisque
247 3451 323 3512 spes
339 3436 380 3496 ad
395 3435 426 3494 id
441 3449 547 3508 versa,
568 3439 601 3493 ut
614 3431 687 3492 totis
708 3428 825 3489 viribus
840 3434 920 3487 terra
939 3427 1047 3500 adgre-

72 3514 218 3581 derentur.
244 3519 303 3581 sed
319 3535 356 3580 ea
372 3533 497 3595 quoque
512 3531 584 3593 pars
600 3514 710 3575 eodem
726 3509 808 3570 omni
822 3514 973 3633 apparatu
986 3513 1043 3566 tor-
