2466 3900
429 681 782 763 interitio.

530 877 686 888 -ι--ι-ι-υ-

112 1038 142 1122 'a
160 1069 240 1122 altera
258 1073 348 1122 tertiae
371 1071 475 1122 decadis
498 1078 571 1136 parte
593 1072 671 1124 multo
697 1073 864 1140 pluraquam
882 1073 909 1122 in
926 1076 1098 1139 superioribus

110 1141 182 1196 libris
205 1141 302 1190 ineerta
320 1149 344 1190 et
363 1141 442 1190 dubia
461 1155 519 1190 esse
537 1139 623 1191 relicta
643 1158 716 1194 nemo
735 1142 868 1192 mnabitur
884 1143 929 1206 qni
945 1146 1099 1209 reputaverit

111 1211 144 1261 nd
162 1213 303 1260 Puteannm
314 1210 437 1272 ‚codicem
456 1211 568 1259 omnium
591 1211 796 1276 antiquissimum
812 1217 887 1275 atque
905 1213 1097 1279 integerrimum

113 1291 137 1330 et
155 1280 189 1330 ad
204 1279 369 1346 archetypum
386 1279 503 1344 proxime
518 1280 680 1331 accedentem
693 1283 837 1332 etiamnunc
852 1281 948 1332 aditum
960 1297 1017 1333 esse
1030 1284 1099 1334 olan-

116 1365 181 1398 snm.
211 1348 291 1408 Quem
301 1349 404 1408 librum,
419 1364 434 1398 a
448 1347 574 1399 Gronovio
584 1349 644 1399 clim
655 1358 679 1400 et
690 1349 815 1400 Crevierio
830 1351 927 1414 passim
939 1360 1098 1416 ursnrpatnm,

115 1415 264 1484 (numquam
283 1418 394 1468 dubitari
410 1433 460 1468 non
475 1425 568 1484 potest,
587 1421 648 1482 quin
667 1421 693 1470 in
708 1419 806 1470 minore
823 1417 933 1470 editione
952 1421 1099 1471 adornaudu

113 1490 200 1539 ducem
218 1489 332 1538 maxime
350 1495 453 1538 secutus
470 1488 504 1536 sit
521 1487 697 1538 Alscheisirius
714 1489 747 1542 V.
761 1486 807 1547 CL,
824 1495 909 1540 tamen
927 1505 984 1540 curn
1003 1503 1098 1555 paucos

68 1590 73 1597 ·
112 1566 208 1608 tantum
224 1557 294 1608 locos
313 1559 340 1608 in
359 1557 519 1608 annotatione
537 1557 624 1607 critica
641 1559 792 1624 tractaverit,
811 1556 890 1608 annito
901 1558 976 1624 plura
987 1560 1097 1626 reliquit,

111 1643 177 1691 quae
192 1643 253 1677 num
277 1628 303 1677 in
320 1627 433 1677 Puteano
450 1625 568 1691 legantur
584 1634 609 1675 et
628 1642 679 1690 quo
696 1627 773 1678 modo
791 1627 886 1694 scripta
903 1629 953 1678 sint
970 1643 1021 1680 non
1039 1637 1097 1680 anto

110 1698 203 1762 poterit
219 1705 335 1747 constare
350 1711 427 1760 quarn
442 1694 601 1745 collationem
616 1694 693 1747 iunius
708 1697 804 1748 codic1s
816 1711 916 1747 summa
931 1713 993 1748 cura
1004 1707 1029 1748 et
1039 1697 1097 1748 diii-

109 1768 198 1832 gentia
214 1765 354 1816 contectam
366 1765 468 1886 (publici
486 1765 549 1814 iuris
562 1764 660 1815 iecerit.
689 1766 727 1816 Ne
737 1781 770 1816 ex
780 1763 922 1816 euthemon
932 1765 981 1833 (G)
993 1768 1097 1832 quidem

109 1837 159 1886 nisi
176 1850 268 1901 panca,
287 1850 352 1898 quae
387 1834 508 1886 revierius
527 1841 551 1883 et
560 1834 736 1886 Alschefskins
755 1841 896 1894 enotumnt,
912 1844 971 1886 sunt
988 1839 1097 1902 cognite,

109 1914 134 1955 et
150 1920 183 1954 ex
197 1905 381 1971 Bambergensi
391 1903 442 1970 (D)
453 1917 483 1954 eu
501 1909 598 1954 tautum
615 1919 681 1967 qnae
695 1906 719 1954 in
738 1904 810 1956 libris
823 1903 916 1966 XXIV,
926 1904 1006 1971 XXV,
1015 1905 1098 1956 XXVI

109 1974 193 2039 Fabri,
212 1976 238 2024 in
255 1973 329 2024 XXX
345 1973 508 2040 Kreyssigins
526 1979 551 2022 et
568 1972 745 2024 Alschefskins
762 1975 960 2041 exscripserunt,
978 1977 1004 2026 in
1022 1989 1097 2025 usum

109 2059 196 2093 meum
215 2051 360 2094 convertere
377 2049 502 2108 poteram.
537 2041 624 2106 Itaque
643 2044 677 2093 ad
694 2043 837 2094 MedIcenrn
855 2042 905 2109 (B)
925 2052 950 2093 et
968 2043 1097 2096 Cantabri-

109 2115 227 2180 giensem
245 2112 295 2179 (E)
314 2120 367 2164 erat
390 2111 598 2178 confugiendum.
633 2113 738 2173 Postea,
763 2129 822 2164 cum
838 2111 866 2162 hi
884 2113 943 2163 libri
960 2115 1028 2180 typis
1045 2116 1096 2164 iam

109 2191 195 2233 essent
213 2182 342 2248 descripti,
357 2181 482 2232 Joaohim.
492 2180 577 2247 Meyer
585 2182 616 2232 V.
628 2181 664 2238 Gi.
676 2183 759 2234 varias
776 2182 906 2242 lectiones,
924 2197 988 2246 quas
1000 2183 1097 2233 eBam·

109 2253 231 2318 bergensi
247 2252 312 2302 iibro
324 2252 398 2301 Fabri
416 2251 527 2300 maxima
544 2250 657 2301 sollertia
674 2261 699 2303 et
718 2251 849 2318 diiigentla
867 2251 1010 2317 descripsit,
1029 2266 1098 2302 snm·

110 2337 152 2372 ma
171 2321 323 2372 iiberalitate
340 2336 440 2372 mecum
459 2321 652 2372 communicavit
668 2330 693 2372 et
709 2321 818 2371 utendas
830 2320 959 2385 permisit,
985 2327 1014 2369 nt
1030 2335 1097 2370 nnnc

110 2392 216 2456 quidem
238 2390 372 2451 nonnulla,
399 2405 464 2453 qnae
480 2389 556 2440 huius
574 2391 670 2441 codicis
687 2390 738 2440 iide
761 2389 883 2439 mutanda
898 2397 923 2440 et
940 2389 1098 2440 emendanda

111 2461 238 2522 videntur,
255 2461 368 2511 indicare
385 2458 469 2525 liceat,
487 2460 513 2510 in
525 2459 618 2522 quibus
630 2460 700 2510 haud
712 2474 769 2510 raro
780 2457 937 2511 Alschefskii
948 2464 1098 2512 sententiam

113 2536 171 2580 ante
188 2531 273 2580 minus
295 2537 362 2580 recte
380 2543 397 2578 a
414 2544 455 2578 mc
476 2529 643 2595 improbatam
665 2545 753 2580 verum
775 2529 856 2597 inisse
879 2529 1006 2591 intellexi,
1030 2531 1099 2594 quod

112 2615 177 2664 qnae
193 2599 306 2664 novavit,
324 2610 479 2662 quamquam
495 2613 578 2661 neque
593 2599 619 2648 in
630 2599 743 2649 Medieco
760 2613 842 2664 neque
861 2600 888 2648 in
898 2597 1097 2666 cantebrigiensi

113 2671 281 2728 inveniuntur,
301 2667 513 2734 eBambergensi
531 2667 590 2720 cod.
609 2674 710 2735 sumpta
728 2682 785 2718 esse
802 2669 995 2734 perspiciebam,
1018 2685 1099 2733 neque

112 2746 195 2790 tamen
208 2739 311 2798 dubito,
329 2738 390 2802 quin
405 2737 432 2788 in
449 2737 578 2802 plerisque
596 2736 658 2787 iocis
677 2738 754 2788 etiem
768 2738 875 2788 Pntcani
892 2739 1099 2790 accedatantcri·

112 2817 158 2859 tas.
198 2807 246 2866 Qui
269 2808 350 2858 codex
368 2807 391 2856 si
407 2813 476 2857 totns
498 2807 651 2870 innotuerit,
677 2814 732 2857 tum
750 2807 852 2857 demum
875 2823 939 2871 qnae
957 2807 1022 2859 Livii
1040 2809 1099 2873 sint,

112 2892 176 2942 quae
195 2893 211 2926 o
227 2876 337 2927 librariis
353 2876 432 2926 medii
448 2875 506 2925 aevi
524 2875 611 2926 addita
629 2883 744 2926 accurate
763 2876 871 2926 discerni
888 2877 992 2944 poterit;
1016 2877 1100 2928 adimo

112 2949 178 2997 enim
195 2945 282 2996 multis
299 2945 372 3009 locis,
390 2945 424 2998 ci.
441 2940 483 3008 27,
496 2942 540 2998 tt.
553 2941 596 2995 23.
608 2941 651 2998 29.
664 2943 708 2998 33.
721 2941 768 3005 343
786 2943 829 3010 28,
841 2941 885 2999 38.
898 2945 947 3005 42;
965 2943 1007 3007 29,
1019 2949 1044 3000 1.
1058 2947 1099 3002 15.

113 3013 155 3066 19.
168 3015 212 3068 20.
226 3011 261 3066 38
275 3014 329 3081 all.,
347 3029 410 3064 unm
427 3029 457 3064 ea
472 3028 538 3079 qnae
556 3015 582 3064 in
591 3013 674 3066 Boon
688 3015 784 3066 omissa
802 3023 861 3065 sunt
877 3017 903 3066 in
915 3019 1027 3068 Puteano
1038 3033 1100 3081 quo·

113 3101 161 3150 qne
177 3085 363 3148 desiderentur,
380 3098 431 3134 non
445 3089 553 3136 constat.
580 3085 609 3133 in
625 3101 675 3148 qno
689 3087 733 3136 ubi
751 3085 861 3151 pluriam
880 3087 1014 3138 verborum
1031 3085 1100 3136 lacn·
1136 3099 1139 3106 ’

111 3170 156 3205 nas
174 3168 232 3205 esse
258 3154 320 3204 satis
342 3161 439 3203 certum
463 3160 530 3216 erat,
552 3168 691 3217 quaecum
709 3155 735 3204 in
753 3153 811 3204 aliis
829 3158 1011 3207 recentioribus
1028 3154 1100 3206 libris

113 3233 164 3274 tnnc
182 3225 209 3274 in
219 3222 335 3272 Rhenani
344 3223 431 3273 codice
441 3219 488 3287 (F)
497 3221 623 3286 leguntur,
643 3230 671 3272 nt
680 3224 804 3274 sententia
814 3233 941 3276 constaret
952 3225 1101 3291 pierumque

113 3295 210 3344 adiecta
224 3293 305 3344 literis
322 3292 462 3342 minoribus
481 3291 613 3341 scribenda
629 3292 725 3352 curavi,
745 3293 838 3356 quoda
849 3295 909 3344 viris
929 3294 1011 3344 doctis
1022 3293 1101 3343 medii

113 3365 168 3414 aevi
185 3363 273 3414 addita
290 3375 321 3412 ca
332 3375 389 3412 esse
407 3377 452 3427 pro
469 3367 536 3411 certo
550 3359 658 3423 itabebo,
676 3362 738 3412 dnm
748 3362 840 3426 aliquis
853 3369 953 3427 praeter
961 3365 1101 3414 Puteannnt

114 3439 137 3482 et
150 3447 195 3483 eos
212 3431 290 3482 libros
306 3432 351 3494 qui
368 3429 435 3480 hunc
443 3430 560 3496 proxime
570 3439 710 3493 sequnntur
718 3430 798 3498 alium
806 3429 919 3480 codicem
933 3437 958 3479 et
969 3431 1100 3493 antiquum

114 3507 139 3550 et
154 3501 214 3552 iidei
231 3501 394 3566 incorruptae
406 3499 541 3550 ,exstitisse
561 3500 635 3549 certis
652 3499 807 3565 argumentis
825 3499 979 3605 preparent.

857 3583 870 3622 u
