2434 3902
180 215 240 282 teo
345 213 595 277 meunxxvu.
619 211 702 274 cnr.
716 221 761 276 no.
783 213 820 291 [a.
835 218 870 272 u.
886 235 911 274 a
926 219 991 287 se]

176 370 258 448 pulis
272 367 452 444 absumpsit.
483 365 593 426 Paucis
608 370 682 441 post
696 364 845 440 proelium
861 364 974 426 iactum
989 364 1032 424 ad
1046 363 1160 426 Baecu-

176 457 237 515 lam
260 452 385 527 diebus,
415 465 485 512 cum
506 449 611 526 Scipio
631 449 756 510 rediens
775 449 838 511 iam
856 448 1069 510 Tarraconem
1090 450 1161 511 saltu

176 535 596 607 castulonensiexeessisset,
609 531 1161 610 HasdrubalGlsgonisllliusetMago
1201 591 1202 594 ,

176 626 379 698 imperatores
391 635 431 680 ex
441 617 744 694 ulterioreHispania
755 617 1032 679 adHasdrubalem
1046 633 1162 694 venere,
1201 625 1202 628 ’

176 721 280 768 serum
294 711 367 782 post
380 705 459 764 male
473 711 592 779 gestam
604 717 670 762 rem
685 701 846 778 auxilium,
868 701 1002 764 consilio
1017 700 1051 761 in
1068 709 1163 764 cetera

176 788 378 865 exsequenda
398 788 469 849 belli
485 787 567 848 haud
583 801 691 862 panun
712 787 888 864 opportuni.
919 786 961 847 ibi
981 787 1164 848 conterenti·

170 874 249 950 bus,
272 873 348 950 quid
369 872 398 932 in
420 872 570 948 cuiusque
587 871 764 947 provinciae
778 871 905 946 regione
926 870 1105 932 animorum
1120 872 1164 932 Hi·

176 959 283 1035 spanis
298 965 391 1034 esset,
406 973 488 1018 unam
499 955 674 1017 Hasdrubal
687 955 832 1031 Gisgonis
845 955 984 1016 ultimant
998 955 1165 1032 Hispaniae

176 1059 270 1117 oram,
293 1057 374 1117 quac
388 1041 429 1101 ad
445 1039 599 1101 Oceanum
614 1046 645 1100 et
658 1040 762 1102 Gades
776 1040 888 1116 vergit,
910 1039 1054 1115 ignaram
1070 1040 1169 1100 adhuc
1202 1049 1203 1062 ¹

176 1129 384 1190 Romanorum
411 1139 498 1199 esse,
528 1139 629 1201 eoque
650 1122 951 1200 carthaginiensibus
974 1124 1055 1185 satis
1076 1124 1164 1185 lidan

177 1211 337 1273 censebat:
359 1210 437 1270 inter
447 1209 671 1271 Hasdrubalem
686 1210 813 1270 alterum
827 1215 858 1270 et
867 1209 1035 1284 Magonem
1047 1216 1164 1271 consta·

176 1297 237 1372 bat,
252 1293 574 1371 beneflciisscipionis
586 1300 756 1370 occupatos
768 1293 902 1354 omnium
913 1293 1036 1354 animos
1046 1294 1163 1370 publice

142 1441 149 1446 .
175 1381 379 1457 privatimque
390 1394 471 1454 csse,
484 1393 541 1438 nee
553 1377 785 1440 transitionibus
797 1377 889 1439 linem
901 1383 972 1439 ante
984 1378 1063 1452 lore,
1076 1395 1162 1454 quarn

176 1480 284 1528 omnes
298 1463 429 1540 Hispani
449 1463 559 1524 milites
581 1470 634 1524 aut
654 1463 684 1523 in
698 1463 803 1524 ultima
818 1462 985 1539 Hispaniae
1006 1463 1105 1525 amoti
1119 1471 1163 1524 aut

176 1549 305 1610 traducti
320 1549 350 1607 in
367 1547 494 1609 Galliam
509 1549 618 1609 lorent.
651 1547 768 1624 ltaque,
792 1546 883 1608 etiarn
897 1547 925 1607 si
946 1555 1077 1608 senatus
1098 1546 1162 1608 Gar·

176 1632 412 1709 thaginicnsium
428 1648 489 1693 non
506 1631 689 1706 censuisset,
712 1631 847 1692 eundum
861 1639 962 1692 tamen
977 1631 1162 1693 Hasdrubali

176 1717 273 1778 luisse
288 1716 318 1776 in
333 1716 459 1792 ltaliam,
474 1716 527 1778 ubi
542 1716 613 1778 belli
630 1721 730 1792 eaput
745 1731 849 1776 rerum
863 1731 984 1777 summa
997 1723 1103 1788 essel;
1127 1717 1162 1778 si·

175 1801 237 1861 mul
251 1801 407 1876 Hispanos
430 1816 537 1862 omnes
558 1802 666 1877 procul
686 1800 725 1862 ab
745 1800 869 1861 nomine
883 1799 1041 1876 Scipionis
1060 1817 1104 1861 ex
1116 1801 1160 1861 Hi·

176 1886 287 1962 spania
308 1885 490 1946 abduceret:
512 1885 668 1948 exercitus
684 1885 751 1947 eius
765 1899 834 1946 oum
851 1884 1089 1946 transitionibus
1105 1892 1161 1947 tum

177 1971 310 2032 adverse
324 1970 443 2046 proelio
458 1969 647 2030 imminutum
659 1969 805 2045 Hispanis
819 1969 932 2045 repleri
945 1969 1108 2031 militibus.
1137 1978 1163 2029 et

176 2046 339 2131 Magonem
349 2052 534 2116 Hasdrubali
546 2053 690 2130 Gisgonis
706 2053 769 2114 filio
783 2053 894 2116 tradito
910 2054 1047 2114 exercitu
1062 2053 1162 2130 ipsum

176 2155 245 2200 cum
265 2139 374 2216 grandi
394 2133 526 2215 pecunia
546 2137 586 2198 ad
610 2137 813 2200 conducenda
834 2138 977 2198 mercede
998 2139 1116 2200 auxilia
1133 2141 1162 2199 in

176 2222 312 2286 baliares
324 2224 463 2285 uaicem.
482 2221 706 2283 Hasdrubalem
714 2221 858 2297 Gisgonis
874 2236 944 2283 curn
958 2223 1100 2284 exercitu
1110 2239 1162 2299 pe
1205 2229 1206 2264 l

177 2309 257 2370 nitus
272 2309 301 2368 in
314 2307 501 2369 Lusitaniam
517 2306 602 2367 abire
613 2321 671 2366 nec
683 2323 751 2368 oum
763 2305 913 2368 Romanis
928 2322 1038 2367 manus
1054 2323 1162 2368 conse-

176 2405 254 2455 rere.
287 2391 474 2453 Masinissae
489 2407 529 2451 ex
549 2391 632 2452 omni
653 2391 799 2466 equitatu,
823 2391 910 2466 quod
923 2386 1046 2453 roboris
1069 2398 1161 2466 esset,

176 2476 234 2537 tria
247 2475 330 2538 milia
345 2476 480 2554 equitnm
495 2475 622 2552 expleri,
646 2490 778 2552 eumque
792 2489 904 2551 vagum
919 2491 977 2550 per
992 2475 1162 2537 citeriorem

176 2559 356 2636 Hispaniam
367 2560 462 2621 sociis
476 2574 569 2635 opem
580 2560 669 2634 ieme,
685 2559 818 2620 hostium
834 2559 951 2636 oppida
962 2565 1055 2636 atque
1069 2576 1161 2637 agrm

178 2643 330 2720 populari.
353 2644 402 2704 bis
418 2643 550 2704 decretis
565 2644 606 2705 ad
620 2644 823 2719 exsequenda
839 2659 919 2719 quae
934 2649 1105 2705 statuerant
1118 2646 1160 2706 di·

176 2726 285 2802 gressi.
316 2726 394 2788 luaec
409 2743 447 2790 eo
463 2743 543 2789 anno
558 2729 590 2788 in
603 2728 753 2805 Hispania
767 2734 844 2788 acta.

262 2812 380 2872 Romae
402 2813 484 2873 lama
498 2812 653 2889 Scipionis
675 2813 705 2872 in
727 2813 794 2873 dies
817 2827 973 2885 crescere,
996 2812 1092 2875 Fabio
1106 2815 1162 2874 Ta-

176 2902 294 2956 rentum
321 2903 441 2972 captum
464 2905 534 2959 astu
554 2897 652 2973 magis
675 2913 766 2972 quarn
788 2897 899 2959 vntute
924 2897 1043 2972 gloriae
1062 2904 1159 2958 tamen

177 2995 258 3053 csse,
273 2980 371 3041 Fulvii
387 2997 553 3043 senescere
567 2982 656 3056 laum,
677 2980 841 3042 Marcellus
856 2981 948 3042 etiam
962 2983 1097 3043 adverso
1112 2998 1157 3043 ru⁴

176 3081 263 3126 more
277 3081 358 3142 essu,
375 3081 562 3143 superquam
575 3065 657 3141 quod
671 3066 769 3142 primo
782 3066 861 3126 male
873 3072 1074 3140 pugnaverat,
1091 3067 1160 3143 quia

177 3158 308 3225 vagante
323 3165 378 3225 per
392 3151 507 3210 ltaliam
523 3149 693 3211 Hannibale
705 3149 807 3210 media
821 3156 937 3211 aestate
949 3149 1116 3211 Venusiam
1130 3150 1158 3209 in

157 3240 257 3293 ·tecta
270 3233 381 3294 milites
396 3233 587 3294 abduxisset.
617 3233 758 3294 inimicus
772 3240 837 3295 erat
852 3234 880 3294 ei
895 3235 928 3295 G.
942 3233 1097 3296 Publicius
1109 3233 1158 3293 Bi·

177 3313 266 3380 buius
287 3315 427 3378 tribunus
448 3316 557 3392 plebis.
588 3317 615 3375 is
636 3317 696 3376 iarn
716 3317 848 3391 aprima
863 3333 982 3393 pugna,
1005 3333 1086 3394 quae
1105 3317 1155 3378 ad·

177 3411 270 3458 versu
289 3397 402 3472 luerat,
425 3397 564 3459 adsiduis
586 3398 780 3461 contionibus
800 3401 945 3461 infamem
966 3401 1156 3477 invisumque

180 3477 280 3551 plebei
302 3479 461 3542 claudium
482 3482 610 3556 lecerat,
639 3486 669 3540 et
690 3481 749 3542 iam
770 3483 810 3544 de
829 3483 959 3560 imperio
981 3483 1155 3562 abrogando
