2448 3900
274 217 390 282 unna
404 221 508 282 xxrn
532 221 614 282 oar.
629 231 673 285 aa.
687 231 731 284 al.
753 223 826 301 pc
848 225 912 303 aa]
1023 221 1086 287 315

102 371 257 432 exercitus
272 371 368 432 missa
382 372 518 448 imperat,
540 381 574 434 ut
589 374 796 446 circumducto
811 374 932 449 agmine
946 375 977 434 in
992 391 1027 436 se
1042 375 1085 435 in·

102 462 217 516 tentum
236 456 358 517 hostem
378 457 417 516 ab
439 465 524 533 tergo
546 457 680 518 invadat.
720 465 811 518 nocte
832 459 989 533 proiectus
1009 460 1085 518 Ver·

100 541 199 616 mina,
223 540 273 616 qui
296 555 335 600 ex
356 542 476 602 occulto
499 541 705 617 adgressurus
726 550 806 602 erate
835 541 964 621 Syphax
986 549 1086 604 autem

100 625 234 686 interdiu
249 630 356 700 aperto
371 625 493 700 itinere,
515 627 613 701 utqui
629 626 725 700 signis
741 625 860 686 collatis
880 626 947 685 acie
962 627 1085 688 dimica·

99 716 188 771 turus
209 715 307 783 esset,
336 709 431 770 movit
452 715 561 770 castra.
598 711 650 770 ubi
669 716 790 786 tempus
811 709 911 770 visum
934 718 994 785 est,
1024 725 1085 786 quo

99 793 284 870 pervenisse
304 793 365 852 iam
386 793 587 855 circummissi
601 794 699 855 videri
714 801 865 869 poterant,
888 801 918 854 et
939 794 1008 869 ipse
1025 794 1085 856 leni

100 879 184 938 clivo
200 877 316 939 terente
327 877 368 938 ad
378 877 507 954 hostem,
524 894 593 939 cum
606 878 797 938 multitudine
812 878 907 938 fretus
920 885 985 939 tum
997 894 1087 953 proc·

98 961 219 1040 paratis
233 962 273 1021 ab
287 968 374 1037 tergo
389 962 526 1037 insidiis,
548 977 606 1038 per
626 961 791 1022 adversum
805 967 937 1022 montem
953 969 1084 1024 erectam

98 1045 200 1108 aciem
221 1045 314 1106 ducit.
347 1046 513 1108 Masinissa
533 1046 665 1106 maxime
687 1045 747 1106 loci
761 1045 890 1119 fiducia,
914 1063 975 1121 quo
990 1047 1084 1108 multo

98 1130 250 1206 aequiore
269 1136 459 1206 pugnaturus
488 1137 568 1204 erat,
601 1137 632 1189 et
656 1130 726 1205 ipse
748 1130 851 1206 dirigit
870 1145 955 1190 suos.
998 1139 1085 1192 atrox

99 1215 253 1292 proelimn
267 1221 298 1275 et
311 1214 363 1277 diu
378 1229 494 1290 anceps
509 1215 579 1289 luit,
601 1214 671 1274 loco
686 1220 717 1275 et
730 1214 840 1276 virtute
854 1213 980 1275 militnm
993 1214 1085 1275 Masi·

99 1299 234 1373 nissam,
255 1299 460 1373 multitudine,
485 1314 564 1374 qnae
578 1297 671 1358 nimio
689 1298 788 1359 maior
808 1305 887 1372 erat,
910 1297 1085 1375 Syphacem

99 1383 235 1444 iuvante.
265 1398 303 1442 ea
316 1383 476 1444 multitudo
492 1381 608 1462 divisa,
632 1399 701 1442 cum
711 1399 789 1458 pars
804 1399 824 1442 a
841 1383 940 1443 hante
953 1389 1086 1458 urgeret,

99 1483 176 1543 pars
197 1466 235 1527 ab
250 1473 336 1542 tergo
352 1483 387 1528 se
405 1465 666 1538 circumfudisset,
687 1466 845 1527 victoriam
865 1466 947 1527 hand
963 1465 1087 1527 dubiam

100 1550 240 1626 Syphaci
252 1551 345 1626 dedit,
357 1559 387 1612 et
398 1566 437 1610 ne
449 1549 595 1626 effugium
608 1552 732 1627 quidem
744 1550 868 1627 patebat
879 1550 950 1611 hinc
961 1551 1086 1611 alronte

98 1635 173 1695 hinc
195 1636 233 1695 ab
255 1643 340 1712 tergo
363 1635 500 1696 inclusis.
529 1635 633 1710 itaque
653 1636 746 1696 ceteri
760 1633 881 1711 pedites
902 1636 1085 1711 equitesque

100 1719 186 1780 caesi
207 1727 258 1780 aut
277 1719 374 1795 captl=
397 1720 547 1781 ducentos
568 1721 663 1780 terme
683 1720 803 1794 equites
817 1717 984 1780 Masinissa
1003 1719 1086 1781 circa

100 1820 137 1863 se
160 1804 362 1879 conglobatos
378 1803 559 1881 divisosque
572 1803 723 1865 turmatim
743 1803 775 1863 in
789 1810 852 1864 tres
867 1811 971 1879 partes
987 1819 1085 1864 erom-

99 1903 177 1964 pere
191 1888 281 1963 inbet,
304 1889 373 1949 loco
388 1887 548 1964 praedicto
568 1889 599 1948 in
616 1903 706 1962 quem
721 1903 761 1947 cx
776 1887 927 1962 dissipata
940 1887 1085 1947 conveni·

70 2006 76 2016 ·
99 1978 170 2032 rent
183 1972 264 2048 iuga.
297 1973 374 2049 ipse,
398 1989 459 2047 qua
473 1972 652 2046 intenderat,
671 1971 750 2032 inter
763 1971 865 2031 media
879 1972 939 2032 tela
953 1970 1086 2032 hostium

100 2056 215 2117 evasit=
246 2057 326 2118 duae
346 2065 462 2118 turmae
482 2056 628 2127 haesere;
651 2057 747 2116 altera
766 2061 850 2115 metu
871 2055 974 2116 dedita
993 2055 1085 2128 hosti,

100 2141 288 2216 pertinacior
313 2141 344 2201 in
368 2141 571 2218 repugnando
595 2140 664 2201 telis
691 2138 800 2200 obruta
825 2146 855 2199 et
881 2139 1004 2200 confixa
1028 2145 1085 2200 est.

98 2225 278 2286 Verminam
305 2241 403 2302 prope
432 2225 572 2301 vestigiis
592 2225 755 2286 instantem
774 2224 805 2283 in
826 2224 887 2284 alia
907 2230 1000 2298 atque
1027 2223 1086 2283 alia

100 2308 259 2371 flectendo
274 2309 382 2370 itinera
402 2310 547 2386 eludens,
569 2310 671 2371 taedio
687 2316 718 2371 et
731 2307 949 2386 desperatione
961 2306 1086 2369 undem

100 2395 220 2455 lassum
240 2394 391 2456 absistere
412 2395 573 2472 sequendo
595 2394 704 2470 coegit.
743 2393 813 2469 ipsc
834 2409 903 2454 cum
926 2390 1087 2466 sexaginta

99 2478 256 2553 equitibus
271 2479 312 2540 ad
326 2479 474 2540 minorem
486 2478 600 2558 Syrtim
610 2476 761 2554 pervenit.
783 2476 825 2536 ibi
841 2492 909 2538 cum
926 2475 1085 2538 conscicn-

97 2563 143 2622 tia
163 2562 287 2639 egregia
307 2579 403 2639 saepe
422 2563 542 2639 repetiti
557 2563 643 2638 regni
658 2561 776 2637 paterni
798 2561 876 2622 inter
888 2560 1004 2622 Punica
1016 2558 1085 2618 Em·

98 2647 191 2722 poria
210 2654 394 2723 gentemquc
416 2649 634 2708 Garamantum
656 2662 742 2708 omne
766 2646 838 2706 tatic
858 2652 971 2723 temptes
994 2661 1087 2720 aesque

96 2730 143 2791 ad
164 2730 195 2792 C.
217 2731 311 2792 Laelii
332 2731 505 2807 classisque
525 2731 683 2791 Romanae
709 2730 875 2790 adventum
899 2731 929 2790 in
950 2728 1086 2790 Africam

97 2815 301 2892 consumpsit.
338 2815 416 2876 haec
431 2814 563 2875 animum
577 2813 738 2889 inclinant,
761 2821 794 2874 nt
808 2829 876 2874 cum
891 2814 1014 2875 modico
1029 2828 1085 2888 po·

98 2899 162 2961 tius
184 2916 275 2976 quam
296 2915 364 2960 cum
385 2915 495 2975 magno
518 2898 675 2975 praesidio
698 2898 833 2974 equitum
854 2898 895 2959 ad
910 2898 1085 2974 Scipionem

98 2999 226 3059 quoque
248 2989 360 3060 postea
379 2983 504 3044 venisse
519 2982 715 3044 Masinissam
736 2982 876 3044 credam=
899 2983 1015 3059 qnippe
1035 2980 1085 3041 illa

96 3069 238 3143 regnanti
254 3067 424 3142 multitudo,
440 3066 517 3128 haec
531 3068 670 3142 pancitas
686 3066 804 3128 exsulis
820 3068 959 3127 lonunae
973 3079 1085 3125 conve

97 3151 188 3212 niens
203 3159 259 3212 est.

181 3234 316 3295 XXXIV.
345 3234 613 3309 carthaginienses
628 3238 679 3296 ala
692 3235 828 3310 equitum
844 3249 914 3294 cnm
929 3233 1085 3308 praelecto

97 3318 223 3394 amissa,
236 3318 295 3379 alio
309 3318 443 3393 equitatu
456 3334 513 3395 per
523 3335 637 3380 novum
647 3318 792 3380 dilectum
802 3322 989 3393 comparato,
1003 3315 1085 3376 Han·

97 3418 211 3464 nonem
232 3402 412 3464 Hamilcaris
433 3403 528 3463 lilium
548 3403 738 3479 praeficiunt.
768 3400 992 3462 Hasdrubalem
1013 3397 1091 3460 suh·¹

97 3487 171 3548 inde
182 3504 219 3548 ac
232 3485 407 3563 Syphacem
421 3503 478 3562 per
488 3485 603 3546 litteras
614 3485 808 3560 nuntiosque,
825 3491 981 3561 postremo
994 3483 1083 3546 ctiam
