2434 3902
234 225 481 286 LlBttRxxvll.
506 223 588 286 cAP.
603 233 647 288 eo.
671 233 706 299 [a.
720 232 751 284 c.
767 228 830 305 roe]
960 223 1020 291 tot

40 380 125 456 legati
137 378 175 438 ab
187 393 265 454 rege
275 377 409 453 Aegypti
420 376 594 438 Ptolemaeo
607 375 799 452 Rhodiisque
811 383 841 438 et
851 377 1017 440 Athenien-

41 463 122 524 sibus
143 469 174 523 et
189 462 274 522 Chiis
295 461 504 522 veneruntad
527 459 730 521 dirimendum
750 461 830 522 inter
847 461 1020 539 Philippum

42 556 128 625 atque
142 547 276 608 Aetolos
290 545 412 606 bellum.
434 545 588 606 adhibitus
603 544 641 604 ab
650 544 771 606 Aetolis
786 553 816 606 et
831 561 870 605 ex
884 547 1019 608 finitimis

41 632 213 708 pacificatur
227 631 430 708 Amynander
449 645 504 689 rex
518 629 731 688 Athamanum.
763 629 898 692 omnium
919 639 1019 694 autem

43 733 95 778 nou
117 724 199 776 tanta
221 729 279 791 pro
293 713 412 774 Aetolis
434 729 507 774 cura
528 720 607 787 erat,
630 713 833 776 ferocioribus
850 732 941 791 quam
962 731 1018 792 pro

43 800 163 875 ingeniis
172 800 361 859 Graecorum
378 798 486 873 gentis,
504 814 594 874 quam
610 797 814 876 nePlrilippus
829 815 1020 877 regnumque

43 885 100 944 eius
113 885 207 945 rebus
225 883 388 958 Graeciae,
411 897 505 958 mave
519 881 650 942 libertati
665 883 812 959 laturum,
833 883 1018 946 immiscere·

45 985 92 1028 tur.
119 969 158 1028 de
179 983 261 1045 pace
277 969 370 1029 dilata
384 966 566 1028 consultatio
588 973 636 1026 ost
649 966 680 1026 iu
702 967 865 1029 concilium
878 969 1018 1029 Achaeo-

45 1069 107 1111 rum.
138 1053 274 1115 coucilio
297 1057 326 1112 et
340 1054 427 1113 locus
450 1059 480 1114 et
495 1052 562 1112 dies
578 1057 661 1112 certa
681 1052 811 1123 iudiotar
834 1052 953 1114 interim
968 1051 1017 1112 tri-

43 1137 115 1211 ginta
129 1137 251 1198 dierum
264 1136 401 1198 indutiae
415 1137 603 1214 impetratae.
632 1137 790 1210 proiectus
806 1137 877 1218 iude
891 1153 945 1198 rex
962 1153 1019 1214 per

43 1221 221 1284 Thessaliam
232 1223 454 1296 Boeotiamque
470 1220 644 1282 Chalcidem
655 1221 799 1282 Euboeae
815 1221 906 1296 venit,
921 1225 1018 1282 utAt·

45 1306 134 1379 talum,
150 1323 244 1383 quem
256 1307 358 1368 classe
368 1306 525 1368 Euboeam
538 1305 701 1381 petitumm
715 1305 861 1380 audierat,
878 1305 1018 1381 portibus

45 1397 70 1449 et
83 1391 199 1452 litorum
215 1393 349 1469 appulsu
365 1399 492 1452 arceret.
522 1389 594 1450 inde
610 1389 765 1465 praesidio
780 1389 887 1450 relicto
910 1392 1018 1452 adver-

45 1491 91 1535 sus
104 1476 253 1552 Attalum,
277 1476 304 1537 si
325 1477 403 1536 forte
425 1474 543 1536 interim
563 1474 748 1550 traiecisset,
771 1475 928 1550 proiectus
949 1474 1019 1550 ipse

46 1574 105 1620 rum
117 1561 226 1636 paucis
243 1561 379 1637 equitum
393 1560 534 1636 levisque
548 1566 719 1620 armaturae
733 1559 835 1636 Argos
853 1559 943 1620 venit.
976 1559 1018 1620 ibi

46 1645 189 1706 curatione
203 1647 395 1708 Heraeorum
408 1645 655 1719 Nemeorumque
677 1642 832 1720 suffragiis
848 1643 956 1721 populi
977 1645 1017 1704 ad

48 1744 106 1789 eum
130 1731 244 1806 delata,
275 1731 347 1807 quia
370 1746 405 1790 se
425 1729 628 1790 Macedonum
653 1743 744 1804 reges
769 1743 808 1788 ex
834 1745 871 1790 ea
895 1728 1018 1790 civitate

47 1813 181 1876 oriundos
202 1817 352 1889 referunt,
372 1813 562 1888 Heraeisque
584 1813 659 1884 actis
680 1812 718 1872 ab
740 1813 809 1888 ipso
825 1812 942 1874 ludicro
965 1829 1017 1872 ex·

49 1901 146 1974 templo
160 1899 292 1974 Aegium
313 1900 471 1976 prolectas
485 1905 534 1960 est
547 1898 588 1958 ad
609 1897 754 1957 indictum
769 1898 862 1958 multo
881 1904 951 1958 ante
967 1912 1017 1957 so-

49 1981 151 2043 ciorum
172 1983 346 2045 concilium.
379 1983 420 2044 ibi
443 1982 482 2043 de
497 1983 637 2042 Aetolico
652 1981 788 2041 liniendo
804 1981 884 2040 bello
906 1987 1015 2066 actum.
1128 2021 1131 2026 ,

49 2080 80 2122 ue
93 2082 183 2128 causa
198 2075 252 2130 aut
262 2069 408 2130 Romanis
424 2074 476 2127 aut
487 2069 587 2128 Attalo
604 2065 736 2126 iuuandi
752 2065 910 2125 Graeciam
924 2081 1017 2125 esset.

49 2151 96 2209 sed
119 2168 155 2212 ea
180 2153 284 2214 omnia
307 2153 433 2214 vixdum
462 2151 645 2212 indutiarmn
671 2155 807 2226 tempore
825 2149 1017 2210 circumacto

50 2235 135 2296 Aetoli
156 2238 334 2314 turbavere,
358 2244 521 2313 postquam
537 2243 566 2296 et
580 2234 714 2294 Attalum
730 2235 878 2310 Aeginam
893 2234 1018 2294 venisse

51 2325 75 2376 et
87 2319 251 2382 Romanam
266 2323 397 2383 classem
414 2329 497 2383 stare
512 2321 550 2381 ad
566 2319 755 2394 Naupactum
770 2318 925 2379 audivere.
964 2335 1015 2379 vo-

52 2405 99 2463 cati
114 2407 191 2466 enim
206 2408 236 2466 in
253 2407 414 2468 concillum
427 2405 631 2479 Achaeorum,
654 2403 684 2463 in
701 2420 761 2479 quo
778 2410 807 2465 et
821 2419 876 2464 eae
890 2403 1014 2479 legatIo-

52 2501 96 2547 nes
111 2499 202 2568 erant,
218 2508 298 2567 quae
312 2493 352 2552 ad
364 2491 493 2552 Phalara
507 2495 634 2566 egerant
648 2489 687 2548 de
698 2505 785 2565 pace,
801 2488 899 2564 primo
917 2488 1016 2562 questi

53 2579 111 2632 sunt
131 2577 282 2650 quaedam
305 2592 400 2652 parva
414 2581 520 2636 contm
533 2575 625 2634 fidem
648 2573 860 2634 conventionis
880 2579 1018 2649 tempore

53 2651 219 2720 indutiarum
232 2662 327 2730 factm
344 2667 500 2736 postremo
515 2665 664 2734 negarunt
677 2659 775 2719 dirimi
787 2659 898 2719 bellum
907 2673 1016 2742 posse,

54 2737 101 2797 nisi
110 2741 269 2805 Messeniis
280 2745 398 2806 Achaei
408 2745 516 2822 Pylum
530 2745 702 2818 redderent,
718 2744 864 2804 Romanis
879 2744 1016 2805 restitue

54 2829 122 2882 retur
139 2829 307 2903 Atintania,
329 2828 528 2890 Scerdilaedo
550 2835 580 2888 et
592 2829 732 2889 Pleurato
753 2827 889 2888 ArdIaei.
923 2829 1016 2889 enim-

56 2920 115 2966 vero
142 2911 298 2989 indignum
317 2922 401 2976 ratus
421 2913 581 2989 Philippus
604 2913 702 2974 victos
725 2911 832 2973 victori
853 2912 912 2973 sibi
939 2915 1017 2973 ultro

56 2992 237 3082 condiciones
258 2999 353 3072 ferre,
377 3014 416 3058 ne
437 3005 527 3058 antea
549 2997 671 3074 quidem
689 3013 724 3057 se
745 3004 797 3057 aut
812 2997 851 3057 de
865 3013 944 3072 pace
965 3015 1017 3056 au·

57 3069 127 3135 disse
146 3088 196 3141 aut
214 3082 347 3144 indutias
369 3081 527 3158 pepigisse
549 3082 625 3142 dixit
645 3097 733 3158 spem
751 3081 842 3142 ullam
856 3080 1016 3141 habentem

58 3158 196 3230 quieturos
215 3169 359 3242 Aetolos,
384 3168 440 3228 sed
462 3175 495 3228 ut
517 3183 624 3227 omnes
640 3167 745 3226 socios
767 3171 862 3226 testes
883 3164 1018 3240 haberet

60 3255 87 3298 se
102 3248 196 3325 pacis,
216 3251 285 3312 illos
308 3251 378 3311 belli
400 3267 525 3312 causam
548 3251 720 3326 quaesisse.
752 3250 793 3310 ita
814 3249 926 3308 inlecta
941 3262 1019 3322 pace

61 3330 201 3394 concitum
222 3336 335 3397 dimisit
356 3342 497 3411 quattuor
510 3334 631 3396 milibus
652 3340 836 3396 armatorum
850 3331 963 3392 relictis
979 3329 1019 3391 ad

61 3415 224 3480 ornesidlnrn
240 3421 436 3482 Achaeorum
456 3427 486 3482 et
507 3421 642 3496 quinque
663 3419 763 3494 longis
779 3416 908 3477 navibus
930 3431 1017 3475 acce-

63 3493 116 3570 ilss,
136 3519 208 3576 quas
224 3505 250 3566 si
265 3505 431 3566 adiecisset
445 3506 559 3565 missae
574 3519 672 3578 nuper
687 3503 727 3561 ad
742 3517 776 3561 se
792 3500 884 3560 classi
897 3498 1017 3559 cartin-
