2448 3900
182 269 245 337 ola
343 267 459 330 nnana
472 265 564 327 xxx.
586 263 669 327 cnr.
685 271 727 327 n.
742 271 786 326 ao.
810 263 1008 341 [nonan]

184 424 269 503 quod
283 427 378 500 patre,
402 419 455 496 qui
470 418 548 480 sella
562 413 659 478 curuli
674 414 817 490 sedisset,
837 413 925 488 niro,
948 427 1020 474 eum
1034 412 1071 474 id
1085 413 1172 490 igno

182 515 271 583 reret,
291 505 431 568 tribunus
445 501 546 579 plebis
560 507 653 576 atque
672 499 783 560 aethlis
797 497 898 576 plebis
913 497 1041 574 ruisset,
1065 505 1174 559 enaim

184 605 275 669 marn
291 595 430 651 sanctam
445 586 564 664 legibus
579 591 653 646 erat
675 584 734 644 hae
747 583 907 659 rogatione
917 583 1040 658 perlata
1052 581 1090 642 in
1106 597 1174 659 pro

182 676 315 736 vinciam
329 672 427 732 rediit.

267 758 318 818 nd
330 755 383 818 Cn.
396 753 559 816 servilium
569 753 736 826 consulem,
752 751 806 828 qui
820 750 852 811 in
859 749 982 812 Bruttiis
997 755 1080 824 erat,
1099 748 1174 811 Con·

184 842 283 904 sentia
296 841 451 917 Aulugum
465 839 585 914 Bergae
596 836 740 898 Besidiae
762 834 934 896 Ocriculum
953 833 1174 911 Lymphaeum

183 917 1176 1002 Amenanumdlnmpetiamuluqneignobnmpopuhsenmcere

184 1009 329 1070 Punicum
348 1007 462 1070 bellum
483 1013 660 1080 cernentes,
688 1005 831 1065 deiicere.
863 1003 945 1064 idem
965 1003 1085 1064 consul
1108 1014 1174 1064 carin

184 1092 355 1154 Hannibale
366 1091 398 1151 ln
413 1089 687 1166 agrocrotoniensl
700 1087 767 1149 acle
781 1085 928 1148 conlinit.
951 1085 1098 1148 obseura
1111 1088 1176 1148 eius

185 1191 308 1256 pugnae
321 1175 402 1236 lama
415 1181 472 1235 est.
500 1174 642 1236 Valerius
656 1172 771 1234 Antias·
781 1171 916 1248 quinque
935 1171 1023 1231 milia
1035 1171 1176 1234 hostiurn

185 1275 278 1321 caesa
297 1259 354 1331 ain
379 1273 458 1335 qnae
472 1265 556 1320 anta
569 1273 620 1318 res
637 1267 700 1332 est,
722 1261 755 1316 ut
767 1263 821 1317 aut
839 1255 1037 1332 impudenter
1049 1255 1131 1317 neta
1142 1257 1177 1316 sit

185 1351 236 1404 ant
250 1345 445 1420 neglegenter
458 1343 683 1419 praetermissa.
718 1339 791 1400 nihil
807 1346 889 1400 certe
908 1341 988 1401 ultra
1002 1341 1052 1400 rei
1068 1341 1103 1400 in
1119 1341 1173 1402 lta·

187 1429 226 1488 lia
240 1427 279 1487 ab
292 1427 462 1488 Hannibale
482 1433 610 1502 gestum.
643 1438 713 1485 nam
734 1425 776 1484 ad
790 1439 860 1484 eum
874 1437 1002 1500 quoque
1017 1424 1118 1500 legati
1139 1425 1173 1484 ab

186 1511 366 1586 Carthagine
380 1517 529 1571 vocantes
542 1509 573 1570 in
584 1509 722 1570 Alrlcam
734 1508 774 1569 iis
785 1509 863 1568 ione
875 1507 986 1570 diebus
1000 1508 1122 1585 quibas
1137 1511 1172 1570 ad

185 1594 347 1669 Magonem
369 1601 528 1655 venerant.
577 1593 641 1654 XX.
675 1592 820 1654 neniam
841 1605 1033 1669 gemensque
1062 1609 1106 1654 ac
1125 1595 1172 1653 rix

185 1677 318 1738 lacrimis
329 1685 504 1754 temperans
516 1677 803 1754 dicitnrlegatorum
815 1676 909 1736 verba
922 1676 1067 1738 audisse.
1092 1687 1172 1754 post·

187 1775 278 1836 qnam
290 1761 371 1822 edita
383 1769 455 1823 sunt
465 1762 616 1837 mandata,
632 1763 713 1837 „iam
723 1775 785 1820 non
797 1760 963 1837 perplexe“
978 1762 1087 1837 inquit
1100 1763 1171 1837 „sed

185 1844 288 1921 palam
302 1852 464 1921 revocant,
485 1847 536 1922 qui
551 1845 685 1907 vetando
700 1845 946 1921 supplementum
960 1851 991 1906 et
1007 1847 1170 1921 pecuniam

185 1929 259 1990 mitti
279 1929 340 1989 iam
360 1931 478 2007 pridem
498 1929 666 2000 trahebant.
698 1929 770 1990 vicit
789 1943 864 2005 ergo
883 1928 1095 1991 liernibulem
1114 1946 1169 1992 non

185 2013 493 2089 populusnonanns,
508 2014 620 2074 tenens
632 2026 743 2076 caesus
758 2014 951 2090 fugatusque,
966 2013 1027 2075 sed
1043 2022 1170 2076 senatus

187 2096 443 2174 Carthaginiensis
469 2097 689 2159 obtrectatione
713 2104 805 2174 atquc
829 2097 953 2158 invidia
985 2111 1096 2175 neque
1116 2100 1169 2159 han

186 2180 379 2243 determitate
392 2183 508 2243 reditus
522 2182 582 2243 mei
596 2189 657 2242 tam
671 2183 703 2242 P.
718 2181 823 2258 Scipio
838 2181 1005 2244 exsultabit
1017 2189 1117 2260 atque
1131 2185 1169 2244 el-

186 2264 263 2324 laret
277 2279 349 2325 sese
363 2280 455 2341 qnam
466 2267 585 2339 Hanno,
601 2266 655 2342 qni
669 2267 791 2328 domum
806 2272 950 2340 nostram,
967 2269 1101 2343 quando
1114 2269 1168 2329 alia

184 2359 291 2408 renon
301 2350 900 2428 potuit,ruinaCanhaglnlsoppressit‘t
923 2350 1169 2429 iamhocipaum

185 2431 386 2508 praesagiens
401 2437 501 2494 animo
516 2441 754 2510 praeparaverat
767 2441 837 2496 ante
850 2450 956 2496 nares.
983 2435 1092 2511 itaque
1107 2437 1166 2497 inu·

184 2515 228 2576 tili
246 2517 372 2579 militum
392 2521 479 2579 turba
494 2519 641 2593 praesidii
662 2519 767 2595 speeie
782 2519 811 2578 in
834 2519 950 2596 oppida
962 2520 1074 2581 Bruttii
1096 2522 1168 2597 agri,

185 2614 267 2674 quae
277 2614 377 2676 pauca
388 2603 484 2678 magis
496 2609 577 2663 melu
590 2619 681 2680 quam
693 2603 755 2664 lide
769 2602 1010 2680 continebantur,
1027 2604 1166 2678 dimissa,

186 2683 270 2759 quod
284 2684 404 2745 roboris
419 2686 450 2744 in
465 2687 600 2747 exercitu
615 2696 680 2748 erat
694 2687 724 2747 in
738 2688 874 2749 Africam
888 2688 1071 2765 transvexit,
1094 2691 1164 2751 rnul-
1213 2759 1214 2767 ἵ

183 2765 223 2826 tls
237 2765 332 2826 italici
352 2769 489 2843 generis,
520 2771 593 2846 quia
613 2771 644 2831 in
658 2771 794 2832 Amicam
815 2779 975 2834 sanaturus
996 2772 1165 2834 abnuentes

184 2859 404 2912 concesserant
417 2853 446 2913 ln
462 2854 587 2914 lunonis
601 2855 744 2917 Laciniae
759 2856 918 2918 delubrum
933 2857 1115 2918 inviolatum
1129 2858 1165 2917 ad
1212 2909 1213 2935 ,

183 2948 251 2993 eam
259 2933 348 3007 diem,
359 2935 389 2995 in
400 2939 514 3014 templo
527 2939 596 3014 ipso
605 2939 697 3001 loede
707 2941 883 3002 interiectis.
898 2955 968 3002 mro
981 2955 1164 3018 quemqnam
1211 3007 1212 3016 χ

183 3017 289 3093 alium,
312 3021 439 3094 patriam
459 3022 559 3082 exsilii
575 3037 670 3084 cansa
683 3024 918 3100 relinquentem,
939 3033 1001 3086 tam
1015 3032 1163 3086 maestum
1211 3017 1212 3101 l

183 3100 287 3162 abisse
307 3104 406 3164 lerunt
421 3117 513 3179 quam
526 3105 741 3181 Hannibalem,
763 3109 896 3170 hostium
911 3115 992 3170 terra
1012 3110 1161 3171 exceden-

184 3190 252 3242 tem.
282 3188 464 3264 respexisse
482 3202 577 3266 saepe
591 3191 695 3253 ltaliae
715 3193 804 3252 litora
818 3199 848 3253 et
861 3193 939 3254 deos
960 3192 1162 3269 hominesque

183 3275 377 3328 acctisantam
398 3272 428 3331 in
445 3283 480 3331 se
498 3289 621 3348 quoque
636 3288 673 3334 ae
688 3290 778 3336 suum
792 3277 890 3352 ipsias
906 3283 999 3354 caput
1020 3293 1159 3338 exsena-

182 3354 258 3422 tum,
288 3353 372 3426 qaod
392 3369 454 3412 non
476 3362 634 3416 cruentum
655 3357 694 3417 ab
716 3359 867 3420 Cannensi
890 3361 1019 3420 victoria
1039 3361 1157 3421 militem

182 3427 309 3490 Rwsam
324 3434 473 3496 duxisset.
506 3436 681 3513 scipionem
695 3442 740 3501 ire
754 3443 794 3503 ad
811 3442 1021 3519 Carthaginem
1044 3461 1156 3516 ausum,

192 3509 234 3580 nn
249 3516 357 3574 consul
371 3516 490 3578 hostem
500 3519 635 3579 Poenum
649 3522 780 3585 initalia
794 3539 857 3587 non
874 3526 1018 3588 vidisset:
1041 3543 1078 3589 se
1091 3544 1157 3589 een·
