2428 3892
148 158 211 224 m
325 155 441 219 LIBER
455 150 556 214 llllvl.
581 150 663 212 cni).
680 158 723 212 lb.
747 155 785 222 [a.
802 153 836 206 U.
854 169 879 210 c.
893 151 960 220 sel]

62 343 66 350 ·
146 307 342 389 proconsulis
356 319 541 383 praeconem
555 304 596 364 ita
610 301 830 379 pronuntiasse
845 300 968 376 „lictoq
984 300 1056 362 viro
1072 302 1137 362 lorti

146 394 227 457 adde
241 392 355 466 uirgas,
370 395 400 452 et
414 389 443 450 in
459 403 528 448 eum
543 385 671 462 primum
685 386 754 460 lege
768 389 859 459 age“.
882 383 998 446 lectum
1015 399 1137 460 quoque

148 473 469 546 senatusconsultum,
490 471 669 546 priusquam
685 467 786 532 securi
803 468 917 542 feriret,
942 468 1075 544 quidam
1089 484 1136 529 au-

147 567 249 624 atores
264 562 350 625 sunt;
366 556 423 616 scd
438 554 509 630 quia
523 553 712 628 adscriptum
726 553 757 613 in
773 557 901 613 senatus
914 552 1064 612 consulto
1077 552 1137 614 lue

147 644 200 715 rit,
222 641 250 700 si
270 639 298 700 ei
318 639 486 711 videretur,
512 637 660 711 integram
680 651 746 696 rem
769 635 811 695 ad
833 641 978 696 senatum
1000 635 1137 709 reicorot,

146 728 374 799 interpretatum
388 736 468 793 esse,
485 719 558 795 quid
572 719 669 795 magis
685 717 887 794 erepublica
903 718 1037 778 duceret
1051 719 1137 778 aesti-

147 807 311 870 mationem
326 805 382 866 sibi
398 806 588 881 permissam.

233 889 367 964 Capuam
387 887 541 950 acalibus
562 885 691 948 reditum
712 892 775 958 est,
799 884 965 959 Atellaque
980 891 1012 944 ct
1028 885 1138 946 calatia

148 975 180 1034 in
195 972 382 1033 deditionem
396 977 551 1046 acceptae.
583 967 624 1030 ibi
640 984 766 1045 quoque
780 968 811 1027 in
828 984 886 1028 eos
902 967 956 1042 qui
972 968 1080 1044 capita
1094 984 1136 1026 re-

146 1071 214 1116 rum
235 1061 320 1116 erant
347 1053 600 1116 animadversum.
637 1053 679 1112 ita
699 1053 741 1112 ad
759 1051 958 1127 septuaginta
980 1051 1138 1127 principes

149 1145 275 1200 senatus
290 1137 449 1211 interfecti,
472 1136 597 1197 trecenti
613 1136 708 1195 ferme
722 1134 844 1196 nobiles
861 1135 1013 1210 Campani
1029 1136 1060 1194 in
1076 1151 1138 1196 car-

148 1235 251 1284 cerem
272 1221 402 1292 conditi3
425 1220 475 1282 alii
490 1234 546 1295 per
559 1219 713 1280 sociorum
727 1219 826 1280 Latini
841 1218 977 1278 nominis
999 1219 1097 1279 urbes
1112 1219 1137 1278 in

149 1305 308 1366 custodias
330 1305 391 1366 dati
411 1304 505 1364 variis
526 1302 649 1364 casibus
670 1303 863 1373 interierunt3
893 1301 1061 1363 multitudo
1083 1303 1140 1362 alia

149 1388 261 1450 civium
276 1388 498 1464 Campanorum
512 1402 623 1447 venum
645 1386 725 1448 data.
760 1387 799 1447 de
813 1384 891 1448 urbe
912 1401 1057 1460 agroque
1071 1386 1139 1446 reli-

150 1488 213 1547 qua
224 1471 405 1532 consultatio
417 1472 481 1544 fuit,
498 1469 681 1545 quibusdam
693 1471 857 1533 delendam
872 1469 1078 1532 censentibus
1094 1487 1140 1528 ur-

148 1557 220 1616 bem
236 1555 453 1630 praevalidam,
469 1553 682 1630 propinquam,
698 1553 862 1615 inimicam.
896 1559 1037 1614 ceterum
1051 1569 1139 1629 prae·

150 1653 224 1698 sens
237 1639 349 1699 utilitas
355 1637 442 1697 vicit:
454 1652 524 1697 nam
531 1644 657 1714 propter
664 1653 780 1712 agrum,
794 1653 886 1713 quem
894 1637 978 1698 omni
987 1637 1142 1697 fertilitate

150 1729 251 1782 temne
266 1721 340 1782 satis
354 1721 518 1782 constabat
530 1722 661 1797 primurn
676 1721 706 1782 in
721 1722 808 1782 ltalia
823 1736 905 1794 esse,
922 1720 999 1784 urbs
1016 1729 1143 1781 servata

151 1810 208 1878 est,
229 1810 263 1864 ut
277 1812 360 1865 esset
381 1805 484 1880 aliqua
505 1810 658 1866 aratorum
672 1805 776 1866 sedes.
808 1805 879 1866 urbi
893 1805 1142 1881 frequentandae

151 1887 310 1956 multitudo
331 1884 498 1950 incolarum
518 1887 788 1964 libertinorumque
802 1897 832 1949 et
852 1889 1029 1950 institorum
1051 1889 1141 1964 opifi-

152 1985 282 2046 cumque
303 1978 436 2042 retenta;
459 1987 532 2048 ager
553 1973 651 2034 onmis
674 1978 704 2033 et
716 1979 797 2034 tecta
816 1973 940 2049 publica
954 1973 1065 2048 populi
1079 1973 1141 2032 Ro·

152 2055 233 2114 mani
249 2055 336 2117 facta.
365 2063 499 2116 cetemm
513 2055 642 2116 habitari
657 2063 773 2120 tantum
787 2065 945 2132 tamquam
960 2056 1070 2116 urbem
1087 2057 1142 2118 Ca·

151 2153 244 2216 puam
258 2140 505 2216 frequentarique
520 2140 648 2214 placuit;
673 2155 786 2216 corpus
802 2140 918 2200 nullum
934 2141 1067 2205 civitatis
1084 2155 1144 2200 nec

153 2227 278 2283 senatus
296 2237 354 2284 nec
374 2222 473 2299 plebis
488 2223 650 2284 concilium
666 2239 723 2283 nec
744 2224 940 2299 magistratus
957 2239 1048 2284 esser
1072 2224 1143 2284 sine

153 2304 282 2367 concilio
304 2306 442 2382 publico,
466 2307 532 2368 sino
552 2306 680 2382 imperio
701 2307 941 2383 multitudinem,
964 2307 1081 2370 nullius
1097 2309 1142 2368 rei

153 2389 230 2448 inter
242 2405 277 2450 se
288 2390 413 2465 sociam,
425 2391 466 2450 ad
477 2405 661 2454 consensum
674 2390 838 2452 inhabilem
850 2391 925 2451 fore.
947 2393 1142 2466 praefectum

153 2471 191 2530 ad
214 2471 281 2531 iura
301 2474 459 2534 reddenda
479 2474 517 2534 ab
538 2474 637 2535 Roma
658 2475 821 2550 quotannis
843 2475 1008 2536 missuros.
1041 2475 1086 2536 ita
1101 2476 1143 2535 ad

155 2553 287 2628 Capuam
303 2573 354 2616 res
375 2558 565 2634 compositae
579 2557 708 2620 consilio
724 2558 762 2618 ab
779 2559 862 2619 omni
877 2565 965 2634 parte
980 2559 1142 2620 laudabili.

155 2649 265 2697 severe
277 2646 307 2699 et
317 2640 454 2701 celeriter
465 2641 494 2702 in
507 2641 638 2702 maxime
650 2643 761 2705 noxios
778 2643 1046 2714 animadversum
1062 2643 1137 2704 mul-

153 2718 250 2780 titudo
267 2721 378 2784 civium
393 2724 543 2802 dissipata
557 2725 587 2784 in
602 2726 715 2788 nullam
730 2741 820 2802 spem
833 2726 968 2786 reditus:
990 2742 1054 2787 non
1072 2743 1141 2788 sae·

153 2800 248 2862 vitum
269 2805 417 2870 incendiis
434 2811 593 2885 ruinisque
612 2810 642 2870 in
657 2816 737 2870 tecta
757 2810 883 2871 innoxia
898 2826 1086 2887 murosque3
1113 2817 1142 2870 ct

154 2899 223 2978 eum
238 2891 440 2955 emolumento
453 2894 592 2971 quaesita
603 2893 692 2954 etiam
704 2895 790 2972 apud
801 2895 907 2956 socios
919 2893 1056 2956 lenitatis
1069 2909 1140 2971 spe-

154 2981 218 3062 cies
239 2970 443 3040 incolumitate
467 2979 551 3041 urbis
577 2978 786 3040 nobilissimae
812 2977 1138 3054 opulentissimaque,

153 3064 241 3112 curus
252 3058 347 3121 ruinis
364 3064 462 3124 omnis
472 3062 645 3138 Campania,
663 3078 769 3124 omnes
782 3064 834 3138 qui
842 3061 1043 3136 Campaniam
1059 3062 1139 3122 circa

153 3135 295 3203 accolunt
315 3149 422 3222 populi
441 3145 676 3224 ingemuissent:
698 3147 856 3208 confessio
878 3161 1034 3222 expressa
1047 3145 1137 3216 hosti,

152 3226 267 3288 quanta
280 3228 329 3289 ris
344 3231 374 3292 in
388 3232 534 3293 Romanis
550 3231 589 3290 ad
605 3231 795 3307 expetendas
810 3245 930 3307 poenas
945 3229 984 3290 ab
1007 3227 1135 3290 infideli-

151 3295 209 3390 bus
226 3311 330 3386 sociis,
352 3322 383 3375 et
397 3333 487 3391 qnam
501 3313 574 3375 nibil
589 3314 618 3374 in
632 3314 803 3376 Hannibale
818 3312 922 3376 auxilii
938 3312 978 3372 ad
993 3318 1136 3390 receptos

150 3394 182 3436 tn
196 3379 291 3452 fidem
305 3398 436 3460 tuendos
451 3405 544 3461 esset
