2428 3892
229 235 464 298 mxxxvi.
488 239 864 324 CAP.1³.1t.[a.c.211]
970 243 1035 312 lli

40 409 129 466 mus,
146 393 175 452 sl
191 392 263 453 data
278 393 399 454 fortuna
413 400 505 454 esset
537 395 639 470 itaque
655 396 800 472 quoniam
814 397 901 460 aliter
915 398 963 459 dis
977 399 1031 460 inr-

42 475 233 536 mortalibus
254 483 302 536 est
321 476 437 553 visum,
460 492 529 539 cum
547 487 674 540 mortem
695 496 735 541 ne
748 495 893 544 recusare
908 483 1032 557 quidem

42 559 198 636 debeam,
226 561 379 622 cruciatus
401 563 677 640 contumeliasque,
698 581 778 641 quas
799 574 905 642 sperat
922 567 1032 643 bostis,

40 645 121 705 dum
138 639 227 721 libor,
242 644 314 704 dum
330 645 389 706 mei
403 653 514 721 potens
528 663 606 724 sum,
620 646 756 724 effugere
769 657 875 725 morte,
897 658 1031 727 praeter·

41 744 144 804 quam
158 729 300 804 honesta,
320 729 409 790 etiam
425 730 486 790 leni
498 746 636 808 pessum.
668 748 730 795 non
746 733 857 794 videbo
873 736 932 812 Ap.
945 734 1031 796 clau-

39 813 133 873 dium
156 819 190 872 et
211 813 245 888 Q.
264 805 552 876 Fulviumwictoria
571 816 714 878 insolenti
735 816 900 889 subnixos,
929 834 1031 894 neque

37 897 172 957 vinctus
185 911 243 973 per
252 898 360 958 urbem
366 897 536 960 Romanam
547 899 688 978 triumphi
700 902 909 977 spectaculum
919 902 1031 978 nahar,

38 989 76 1042 ut
91 981 212 1042 deinde
225 981 257 1042 in
272 997 405 1056 carcere,
423 991 474 1044 aut
487 983 529 1044 ad
542 985 646 1059 palum
658 985 807 1061 deligatus
821 986 955 1047 lacerato
971 986 1031 1045 vir-

38 1066 91 1142 gis
114 1071 206 1141 tergo
228 1068 379 1128 cervicem
400 1068 501 1128 securi
513 1068 670 1129 Romanae
690 1069 855 1142 subiciam;
875 1084 933 1130 nec
953 1069 1032 1130 dirui

41 1151 238 1228 incendique
259 1152 388 1226 patriam
410 1151 538 1226 videbo,
559 1167 617 1212 nec
630 1154 698 1228 rapi
712 1153 753 1214 ad
767 1161 904 1231 stuprum
918 1163 1031 1214 nratres

42 1235 224 1312 Campanas
239 1237 438 1311 virginesque
452 1244 483 1297 et
494 1235 645 1311 ingenuos
660 1251 784 1312 pueros.
815 1236 934 1312 Albam,
949 1237 1032 1298 unde

45 1319 108 1395 ipsi
129 1319 255 1381 oriundi
277 1327 377 1392 erant,
402 1319 639 1380 alandamentis
653 1329 849 1396 promerunt,
872 1335 912 1381 ne
926 1321 1031 1396 stirpis

45 1419 87 1463 ne
108 1401 260 1464 memoria
280 1405 431 1479 originum
451 1419 577 1464 suarum
597 1411 747 1466 exstaret:
767 1405 879 1466 nedum
899 1420 955 1466 eos
976 1404 1031 1464 ca-

43 1502 130 1563 puae
151 1501 303 1562 parsuros
325 1487 464 1561 credam,
487 1488 536 1548 cui
556 1488 730 1550 infestiores
752 1505 843 1564 quam
859 1488 1031 1564 Carthagini

43 1579 128 1632 sunt
150 1573 256 1648 itaque
272 1570 383 1649 quibus
401 1582 537 1633 vestrum
551 1579 621 1633 ante
637 1574 698 1634 lato
714 1574 833 1648 cedere,
849 1589 939 1649 quam
953 1572 1031 1633 haec

41 1663 89 1716 tot
104 1663 172 1716 tam
192 1657 305 1716 acerba
318 1656 458 1731 videant,
480 1657 510 1716 in
525 1656 626 1718 animo
642 1664 703 1732 est,
725 1657 763 1717 iis
778 1657 861 1733 apud
874 1673 924 1717 me
937 1657 1031 1718 hodie

42 1739 343 1818 epulaelinstructae
357 1747 546 1817 parataeque
560 1750 640 1802 sunt.
679 1741 797 1803 satiatis
811 1741 883 1800 vino
899 1740 1032 1815 ciboque

40 1825 195 1903 poculum
214 1825 296 1885 idem
312 1826 396 1899 quod
410 1825 483 1884 mihi
498 1825 601 1887 datum
621 1827 711 1886 luerit
731 1825 973 1886 circumforatam
994 1839 1032 1883 ea

42 1911 132 1988 potio
157 1923 272 1984 corpus
293 1908 332 1968 ab
348 1910 498 1984 cruciatu,
520 1909 654 1970 animum
669 1925 688 1969 a
703 1908 901 1982 contumeliis,
924 1908 1030 1968 oculos

42 2010 140 2055 aures
157 1992 333 2053 avidendis
349 1994 575 2070 audiendisque
589 1993 729 2056 omnibus
744 1991 863 2054 acerbis
884 1991 1031 2066 indignis-

42 2094 126 2155 que,
155 2093 235 2152 quac
255 2086 380 2140 manent
397 2079 512 2151 victos,
540 2077 714 2139 vindicabit.
753 2076 850 2154 parati
871 2082 959 2136 erunt
979 2076 1030 2150 qui

41 2177 162 2238 magno
182 2177 259 2237 rogo
282 2162 312 2222 in
335 2164 497 2239 propatulo
525 2162 647 2222 aedium
668 2176 800 2222 accenso
823 2174 954 2237 corpora
979 2175 1031 2218 ex·

42 2247 151 2307 anima
165 2245 300 2306 iniciant.
323 2246 402 2306 haec
415 2264 478 2307 una
491 2245 543 2306 via
556 2252 586 2305 et
599 2246 730 2307 honesta
744 2253 774 2306 et
787 2244 883 2305 libera
897 2243 938 2302 ad
951 2257 1031 2302 mor-

40 2341 124 2393 tem=
149 2336 180 2390 cl
193 2329 254 2405 ipsi
267 2331 410 2390 virtutem
425 2328 613 2390 mirabuntur
625 2330 741 2404 hostes,
763 2337 793 2388 et
805 2327 956 2389 Hannibal
972 2326 1032 2385 ior-

43 2425 94 2476 tes
103 2415 212 2476 socios
220 2414 299 2474 sciet
306 2412 345 2473 ab
354 2430 389 2474 se
397 2414 583 2474 dcsertosac
590 2414 730 2489 proditos
739 2417 840 2473 esset
854 2411 934 2472 XIV.
946 2410 1032 2469 Hanc

45 2500 221 2561 orationem
227 2497 321 2558 Virrii
332 2499 437 2574 plures
449 2513 519 2572 cum
530 2498 666 2557 adsensu
678 2497 846 2570 audiemnt,
860 2511 951 2571 quarn
963 2491 1032 2555 lorti

45 2585 152 2644 animo
167 2583 201 2642 id
216 2581 301 2657 quod
315 2581 489 2657 probabant
502 2581 633 2657 exsequi
648 2588 825 2657 potuemnt=
847 2579 945 2639 maior
959 2592 1032 2656 pars

45 2672 185 2743 senatus,
202 2665 305 2726 multis
320 2681 417 2742 saepe
430 2666 520 2727 bellis
535 2672 693 2740 expertam
707 2664 814 2741 populi
828 2662 957 2724 Romani
972 2661 1031 2720 cle-

45 2751 194 2812 mentiam
214 2749 299 2812 haud
327 2749 503 2812 diffidentes
524 2749 583 2810 sibi
605 2764 730 2825 quoque
758 2745 938 2823 placabilem
957 2746 1031 2816 lore,

45 2837 167 2911 legates
184 2835 224 2896 ad
240 2834 415 2895 dedendam
425 2834 573 2895 Romanis
581 2833 715 2909 capuam
728 2831 930 2892 decreverunt
942 2829 1032 2888 mise

44 2927 190 2996 runtque.
223 2918 348 2979 Vibium
358 2918 493 2979 Virrium
508 2923 626 2993 septem
640 2922 671 2977 et
682 2915 788 2989 viginti
803 2916 898 2974 terme
913 2919 1033 2974 senato-

46 3019 95 3064 res
119 3005 247 3067 domum
269 3002 368 3064 secuti
390 3008 462 3064 sunt
476 3001 652 3078 epulatique
673 3014 741 3061 curn
763 3015 815 3072 eo,
839 3005 869 3058 et
890 3002 1034 3072 quantum

48 3088 151 3148 iacere
172 3089 353 3163 potuerant,
373 3086 513 3146 alienatis
534 3085 685 3145 inentibus
699 3083 772 3142 vino
792 3081 831 3141 ab
851 3076 1033 3140 imminentis

50 3187 142 3232 sensu
159 3170 232 3232 mali
244 3186 399 3231 venenum
415 3183 522 3231 omnes
538 3173 749 3245 sumpserunt3
764 3165 837 3225 inde
850 3163 945 3221 misso
961 3173 1032 3251 con-

50 3255 130 3318 vivio
146 3255 266 3318 dextris
287 3253 368 3315 inter
382 3270 418 3314 se
432 3254 512 3314 datis
531 3253 700 3326 uanoque
721 3248 881 3322 complexu
897 3242 1033 3304 collacri-

50 3347 167 3404 mantes
180 3356 271 3402 suum
282 3335 465 3415 patriaeque
477 3353 592 3408 casum,
608 3336 659 3395 alii
669 3340 701 3393 ut
712 3332 821 3394 eodem
831 3341 907 3401 rogo
920 3337 1034 3418 crema·

51 3432 151 3487 rentur
162 3429 354 3496 manserunt,
374 3421 425 3482 alii
436 3422 547 3483 domos
560 3417 690 3494 digressi
704 3421 782 3475 sunt.
804 3410 946 3485 impietae
958 3403 1034 3502 cibus

52 3509 183 3588 unoque
204 3522 307 3570 venae
319 3508 421 3567 minus
442 3506 600 3566 efficacem
620 3501 651 3560 in
671 3495 850 3558 maturanda
863 3495 960 3552 morte
973 3501 1033 3543 vtm
