2434 3902
203 281 319 341 LIBER
333 279 454 342 XXVll.
477 280 559 340 CAP.
574 289 617 343 28.
633 288 676 342 29.
700 287 736 354 [a.
753 281 784 340 C.
799 287 861 354 208]
965 282 1025 344 195

7 433 133 493 sulem
158 433 285 493 adesse.
318 431 428 507 vigiles
443 433 526 492 velut
541 431 582 491 ad
598 446 706 491 vocem
721 447 827 492 corum
842 433 964 494 excitati
978 441 1024 494 tu-

6 517 190 592 multuari,
201 517 363 592 trepidare,
377 515 476 577 moliri
488 521 615 590 portam.
633 521 785 576 cataracta
793 516 912 580 deiecta
919 517 1025 580 clausa

7 609 97 662 erat.
142 617 215 661 eam
229 601 338 676 partim
355 599 492 660 tectibus
507 602 623 674 levant,
645 600 755 674 partim
770 600 893 662 funibus
909 601 1024 664 subdu·

7 693 99 746 cunt
114 685 280 746 intantum
292 683 467 760 altitudinis,
479 683 720 744 utsubirerecte
731 692 870 760 possent.
898 685 1023 746 vixdum

8 770 101 830 satis
115 769 249 846 patebat
259 769 323 844 iter,
337 785 405 829 cum
418 768 565 844 perfugae
576 767 710 828 certatim
722 775 814 829 ruunt
823 777 1021 846 perparum

10 864 45 914 et
78 871 164 915 cum
197 853 334 914 sexcenti
363 853 458 912 ferme
483 852 663 925 intrassent,
691 853 821 913 remisso
845 855 933 927 fune,
962 871 1023 931 quc

14 953 197 1014 suspensa
211 943 284 1012 erat,
301 943 454 998 cataracta
468 951 580 1011 magno
595 936 698 1010 sonitu
713 936 832 997 cecidit.
854 935 1021 1012 Salapitani

15 1023 73 1082 alii
90 1023 251 1099 perfugas
266 1023 463 1098 neglegenter
477 1035 515 1081 ex
530 1019 637 1080 itinere
652 1037 807 1096 suspensa
823 1020 967 1097 humeris,
990 1031 1023 1087 ut

13 1107 107 1168 inter
123 1111 273 1182 pacatae,
298 1111 440 1180 gerentes
455 1120 540 1164 arnna
554 1104 717 1175 invadunt;
739 1105 789 1165 alii
809 1121 850 1164 err
864 1106 938 1166 turri
956 1107 1022 1168 cius

11 1199 144 1268 portae
157 1190 316 1265 murisque
327 1189 412 1250 saxis
425 1188 554 1249 sudibus
566 1189 636 1263 pilis
649 1189 820 1250 absterrent
830 1189 960 1250 bostem.
982 1192 1023 1254 ita
1091 1257 1097 1266 ,

12 1277 103 1335 inde
116 1273 273 1334 Hannibal
289 1279 409 1334 suamet
422 1273 491 1348 ipse
507 1271 614 1333 fraude
629 1277 737 1348 captus
751 1271 833 1346 abiit,
849 1274 1020 1349 profectus·

13 1375 88 1436 que
110 1359 154 1420 ad
170 1359 339 1420 Locrorum
357 1357 539 1418 solvendam
560 1355 769 1430 obsidionem,
782 1373 884 1431 ‚quam
900 1356 1022 1420 cincius

13 1459 157 1504 summa
174 1443 218 1516 vi,
240 1440 385 1517 operibus
399 1449 680 1516 tormentorumque
696 1441 777 1501 omni
791 1456 904 1516 genere
920 1458 958 1504 ex
974 1440 1021 1503 Si·

15 1529 100 1588 cilia
119 1527 254 1587 advecto
270 1525 476 1601 oppugnabat.
498 1525 621 1601 Magoni
636 1525 696 1585 iam
707 1525 789 1586 baud
806 1525 901 1586 ferme
915 1525 1019 1588 fidenti

15 1617 223 1674 retenturum
244 1609 505 1685 defensurumque
526 1623 562 1670 se
581 1608 689 1670 urbem
710 1609 807 1684 prima
828 1625 902 1685 spes
925 1619 1021 1672 morte

17 1697 175 1758 nuntiata
187 1694 322 1754 Marcelli
338 1693 472 1754 adfulsit.
506 1699 630 1761 secutus
645 1693 717 1753 inde
732 1694 854 1755 nuntius
868 1694 1008 1756 Hanniba

17 1785 87 1842 lem
105 1779 307 1840 Numidarum
330 1778 467 1854 equitatu
482 1777 654 1852 praemisso
669 1779 786 1854 ipsum,
810 1784 956 1854 quantum
970 1796 1021 1840 ac·

20 1869 175 1926 celerare
198 1869 322 1938 posset,
343 1877 411 1923 curn
427 1861 562 1938 peditum
584 1862 704 1936 agmine
720 1863 818 1938 sequi.
850 1863 955 1938 itaque
968 1863 1021 1924 ubi

20 1950 167 2026 primunr
181 1946 327 2006 Numidas
343 1946 426 2006 edito
441 1962 459 2005 e
473 1946 610 2022 speculis
626 1946 714 2021 signo
730 1946 899 2006 adventare
914 1947 1019 2019 sensit,

19 2041 52 2093 et
76 2034 155 2108 ipse
177 2032 329 2106 patefacta
349 2037 475 2106 repente
495 2035 584 2106 porta
599 2031 687 2090 ferox
707 2031 737 2088 in
752 2029 858 2090 hostes
882 2031 1020 2104 erumpit.

20 2126 53 2178 et
70 2116 181 2192 primo
196 2115 294 2188 magis
310 2113 383 2188 quia
397 2114 566 2190 improviso
582 2113 612 2173 id
625 2115 747 2186 lecerat,
765 2129 857 2188 quam
871 2113 954 2188 quod
966 2131 1022 2189 par

19 2199 155 2260 viribus
176 2206 275 2270 esset,
298 2213 414 2273 anceps
431 2205 582 2258 certamen
604 2204 684 2267 erat;
714 2196 840 2272 deinde,
863 2203 896 2260 ul
914 2213 1020 2272 super

21 2299 151 2346 venere
169 2281 332 2356 Numidae,
352 2289 452 2342 tantus
474 2297 572 2357 pavor
586 2278 733 2342 Romanis
756 2287 804 2342 est
823 2280 967 2357 inlectus,
989 2287 1022 2340 ut

23 2368 156 2445 passim
167 2367 208 2426 ad
219 2382 302 2426 mare
314 2381 350 2426 ac
362 2383 458 2426 naves
470 2368 609 2441 lugerent
619 2366 733 2427 relictis
748 2365 894 2441 operibus
905 2365 1020 2426 machi·

22 2453 156 2528 nisque,
173 2449 285 2527 quibus
300 2465 406 2510 muros
421 2448 606 2524 quatiebant.
636 2451 678 2511 ita
692 2450 825 2513 adventu
840 2449 1019 2512 Hannibalis

25 2537 136 2598 soluta
150 2536 318 2596 Locrorum
334 2534 455 2596 obsidio
470 2539 527 2595 est.

117 2618 225 2679 XXIX.
266 2617 423 2694 Crispinus
448 2624 612 2694 postquam
636 2617 666 2676 in
690 2617 824 2678 Bruttios
851 2619 1020 2693 profectum

26 2703 237 2764 Hannibalern
262 2704 373 2776 sensit,
407 2701 588 2776 exereitum,
621 2701 668 2760 cui
695 2700 814 2775 collega
837 2703 1020 2778 praefuerat,

26 2790 69 2848 bf.
86 2787 268 2848 Marcellum
289 2786 440 2847 tribunum
459 2785 585 2846 militum
598 2785 767 2845 Venusiam
788 2784 943 2847 abducere
957 2787 1020 2846 ius·

26 2873 87 2944 sit;
105 2872 178 2948 ipse
194 2885 263 2930 cum
278 2870 450 2946 legionibus
465 2870 529 2931 sais
543 2869 677 2944 Capuam
689 2869 855 2944 profectae,
870 2869 923 2930 vix
937 2870 1020 2930 lecti·

28 2972 88 3017 cae
104 2953 305 3030 agitationem
320 2969 396 3030 prae
410 2953 558 3028 gravitate
572 2953 732 3012 vulnerum
748 2953 875 3028 patiens,
890 2954 1019 3014 Romani
1082 2963 1088 2970 ·

29 3041 151 3101 litteras
167 3038 207 3098 de
222 3045 320 3098 morte
335 3038 473 3114 collegae
488 3037 626 3112 scripsit,
646 3049 824 3116 quantoque
835 3038 904 3113 ipse
915 3036 947 3096 in
958 3034 1020 3102 dis·

30 3121 163 3184 crImine
183 3129 283 3183 esset:
323 3138 359 3183 se
380 3122 571 3182 comitiorum
586 3136 682 3182 causa
696 3136 758 3181 non
779 3135 875 3195 posse
890 3121 1016 3182 Romam

32 3211 156 3283 venire,
181 3207 255 3284 quia
269 3223 327 3268 nec
340 3207 410 3268 viae
425 3205 561 3266 laborem
577 3221 726 3281 passurus
741 3202 909 3276 videretur,
932 3201 1018 3275 etde

30 3297 166 3355 Tarento
183 3291 333 3353 sollicitus
356 3297 454 3367 esset,
476 3306 515 3350 ne
530 3305 570 3350 ex
584 3289 707 3350 Bruttiis
722 3285 872 3348 Hannibal
893 3300 930 3344 eo
947 3301 1019 3344 eon·

34 3384 171 3440 verteret
184 3391 304 3450 agmen.
334 3376 454 3452 legatos
469 3389 549 3450 opus
564 3389 637 3434 csse
651 3374 691 3432 ad
703 3387 737 3433 se
748 3370 832 3444 mitti,
848 3368 932 3429 viros
948 3383 1020 3444 pru·

33 3464 156 3536 denteS,
178 3475 249 3520 cum
265 3459 376 3534 quibus
392 3475 473 3536 quae
486 3458 578 3518 veliet
593 3457 680 3516 dere
694 3455 817 3530 publica
831 3456 1019 3529 loqueretur.

32 3547 92 3608 hae
114 3546 235 3607 litterae
261 3544 404 3604 recitatae
425 3557 567 3618 magnum
588 3547 618 3600 et
638 3540 750 3598 luctum
763 3545 867 3679 ιιὲιῖτιθ
895 3535 1018 3597 alterius
