<?xml version="1.0" encoding="UTF-8"?>
<!DOCTYPE html PUBLIC "-//W3C//DTD XHTML 1.0 Transitional//EN"
    "http://www.w3.org/TR/xhtml1/DTD/xhtml1-transitional.dtd">
<html xmlns="http://www.w3.org/1999/xhtml" xml:lang="en" lang="en">
 <head>
  <title>
</title>
<meta http-equiv="Content-Type" content="text/html;charset=utf-8" />
  <meta name='ocr-system' content='tesseract 3.04.00' />
  <meta name='ocr-capabilities' content='ocr_page ocr_carea ocr_par ocr_line ocrx_word'/>
</head>
<body>
  <div class='ocr_page' id='page_1' title='image "./titiliviaburbec09livygoog_0068.png"; bbox 0 0 2466 3900; ppageno 0'>
   <div class='ocr_carea' id='block_1_1' title="bbox 265 225 1043 309">
    <p class='ocr_par' dir='ltr' id='par_1_1' title="bbox 265 225 1043 309">
     <span class='ocr_line' id='line_1_1' title="bbox 265 225 1043 309; baseline 0.009 -22"><span class='ocrx_word' id='word_1_1' title='bbox 265 226 378 288; x_wconf 80' lang='lat' dir='ltr'><strong>utnon</strong></span> <span class='ocrx_word' id='word_1_2' title='bbox 391 226 498 288; x_wconf 81' lang='lat' dir='ltr'><strong>rrxtv.</strong></span> <span class='ocrx_word' id='word_1_3' title='bbox 522 225 660 291; x_wconf 69' lang='lat' dir='ltr'><strong>carno.</strong></span> <span class='ocrx_word' id='word_1_4' title='bbox 683 227 764 306; x_wconf 63' lang='lat' dir='ltr'><strong>[nc.</strong></span> <span class='ocrx_word' id='word_1_5' title='bbox 780 229 844 309; x_wconf 79' lang='lat' dir='ltr'><strong>att]</strong></span> <span class='ocrx_word' id='word_1_6' title='bbox 1001 226 1043 294; x_wconf 76' lang='lat' dir='ltr'><strong>tt</strong></span> 
     </span>
    </p>
   </div>
   <div class='ocr_carea' id='block_1_2' title="bbox 38 378 1136 3570">
    <p class='ocr_par' dir='ltr' id='par_1_2' title="bbox 89 378 1045 458">
     <span class='ocr_line' id='line_1_2' title="bbox 89 378 1045 458; baseline -0.002 -14"><span class='ocrx_word' id='word_1_7' title='bbox 89 379 231 445; x_wconf 78' lang='lat' dir='ltr'><strong>munusm</strong></span> <span class='ocrx_word' id='word_1_8' title='bbox 245 379 463 456; x_wconf 83' lang='lat' dir='ltr'><strong>calabriaeque</strong></span> <span class='ocrx_word' id='word_1_9' title='bbox 477 378 559 440; x_wconf 86' lang='lat' dir='ltr'><strong>eirea</strong></span> <span class='ocrx_word' id='word_1_10' title='bbox 573 379 722 456; x_wconf 88' lang='lat' dir='ltr'><strong>litoribus,</strong></span> <span class='ocrx_word' id='word_1_11' title='bbox 744 380 916 444; x_wconf 76' lang='lat' dir='ltr'><strong>nuntiantes</strong></span> <span class='ocrx_word' id='word_1_12' title='bbox 929 379 1045 458; x_wconf 87' lang='lat' dir='ltr'><strong>Philip·</strong></span> 
     </span>
    </p>

    <p class='ocr_par' dir='ltr' id='par_1_3' title="bbox 87 463 1045 542">
     <span class='ocr_line' id='line_1_3' title="bbox 87 463 1045 542; baseline 0.005 -18"><span class='ocrx_word' id='word_1_13' title='bbox 87 481 147 542; x_wconf 90' lang='lat' dir='ltr'><strong>pnm</strong></span> <span class='ocrx_word' id='word_1_14' title='bbox 164 466 289 540; x_wconf 87' lang='lat' dir='ltr'><strong>pn‘mum</strong></span> <span class='ocrx_word' id='word_1_15' title='bbox 308 464 514 541; x_wconf 68' lang='lat' dir='ltr'><strong>Apolloniam</strong></span> <span class='ocrx_word' id='word_1_16' title='bbox 530 470 714 542; x_wconf 74' lang='lat' dir='ltr'><strong>temptasse,</strong></span> <span class='ocrx_word' id='word_1_17' title='bbox 747 463 856 526; x_wconf 83' lang='lat' dir='ltr'><strong>lembis</strong></span> <span class='ocrx_word' id='word_1_18' title='bbox 876 464 1045 529; x_wconf 75' lang='lat' dir='ltr'><strong>biremibus</strong></span> 
     </span>
    </p>

    <p class='ocr_par' dir='ltr' id='par_1_4' title="bbox 83 547 1046 625">
     <span class='ocr_line' id='line_1_4' title="bbox 83 547 1046 625; baseline 0.004 -17"><span class='ocrx_word' id='word_1_19' title='bbox 83 555 190 609; x_wconf 82' lang='lat' dir='ltr'><strong>rentum</strong></span> <span class='ocrx_word' id='word_1_20' title='bbox 200 548 303 624; x_wconf 80' lang='lat' dir='ltr'><strong>viginti</strong></span> <span class='ocrx_word' id='word_1_21' title='bbox 316 547 443 609; x_wconf 89' lang='lat' dir='ltr'><strong>llumine</strong></span> <span class='ocrx_word' id='word_1_22' title='bbox 458 548 591 609; x_wconf 88' lang='lat' dir='ltr'><strong>adverso</strong></span> <span class='ocrx_word' id='word_1_23' title='bbox 603 548 802 618; x_wconf 71' lang='lat' dir='ltr'><strong>subventums</strong></span> <span class='ocrx_word' id='word_1_24' title='bbox 822 549 944 625; x_wconf 73' lang='lat' dir='ltr'><strong>oenus,</strong></span> <span class='ocrx_word' id='word_1_25' title='bbox 960 556 993 610; x_wconf 87' lang='lat' dir='ltr'><strong>ut</strong></span> <span class='ocrx_word' id='word_1_26' title='bbox 1007 565 1046 612; x_wconf 91' lang='lat' dir='ltr'><strong>ea</strong></span> 
     </span>
    </p>

    <p class='ocr_par' dir='ltr' id='par_1_5' title="bbox 82 631 1046 708">
     <span class='ocr_line' id='line_1_5' title="bbox 82 631 1046 708; baseline 0.003 -17"><span class='ocrx_word' id='word_1_27' title='bbox 82 649 127 693; x_wconf 87' lang='lat' dir='ltr'><strong>ras</strong></span> <span class='ocrx_word' id='word_1_28' title='bbox 142 633 253 693; x_wconf 76' lang='lat' dir='ltr'><strong>tardior</strong></span> <span class='ocrx_word' id='word_1_29' title='bbox 272 647 330 708; x_wconf 90' lang='lat' dir='ltr'><strong>spe</strong></span> <span class='ocrx_word' id='word_1_30' title='bbox 351 633 456 708; x_wconf 81' lang='lat' dir='ltr'><strong>buerit,</strong></span> <span class='ocrx_word' id='word_1_31' title='bbox 477 633 517 692; x_wconf 89' lang='lat' dir='ltr'><strong>ad</strong></span> <span class='ocrx_word' id='word_1_32' title='bbox 532 631 654 694; x_wconf 84' lang='lat' dir='ltr'><strong>Oricum</strong></span> <span class='ocrx_word' id='word_1_33' title='bbox 674 633 753 694; x_wconf 86' lang='lat' dir='ltr'><strong>elam</strong></span> <span class='ocrx_word' id='word_1_34' title='bbox 768 640 859 694; x_wconf 85' lang='lat' dir='ltr'><strong>nocte</strong></span> <span class='ocrx_word' id='word_1_35' title='bbox 876 633 1046 696; x_wconf 85' lang='lat' dir='ltr'><strong>exercitum</strong></span> 
     </span>
    </p>

    <p class='ocr_par' dir='ltr' id='par_1_6' title="bbox 82 716 1045 794">
     <span class='ocr_line' id='line_1_6' title="bbox 82 716 1045 794; baseline 0.004 -20"><span class='ocrx_word' id='word_1_36' title='bbox 82 717 258 788; x_wconf 54' lang='lat' dir='ltr'><strong>admovisse</strong></span> <span class='ocrx_word' id='word_1_37' title='bbox 280 731 412 792; x_wconf 85' lang='lat' dir='ltr'><strong>eamque</strong></span> <span class='ocrx_word' id='word_1_38' title='bbox 424 716 541 792; x_wconf 79' lang='lat' dir='ltr'><strong>urbem,</strong></span> <span class='ocrx_word' id='word_1_39' title='bbox 557 718 646 776; x_wconf 69' lang='lat' dir='ltr'><strong>utam</strong></span> <span class='ocrx_word' id='word_1_40' title='bbox 658 717 689 778; x_wconf 93' lang='lat' dir='ltr'><strong>in</strong></span> <span class='ocrx_word' id='word_1_41' title='bbox 705 718 797 794; x_wconf 89' lang='lat' dir='ltr'><strong>plano</strong></span> <span class='ocrx_word' id='word_1_42' title='bbox 812 732 915 794; x_wconf 87' lang='lat' dir='ltr'><strong>neque</strong></span> <span class='ocrx_word' id='word_1_43' title='bbox 929 717 1045 780; x_wconf 89' lang='lat' dir='ltr'><strong>moeni-</strong></span> 
     </span>
    </p>

    <p class='ocr_par' dir='ltr' id='par_1_7' title="bbox 38 800 1136 3570">
     <span class='ocr_line' id='line_1_7' title="bbox 78 800 1095 879; baseline 0.004 -19"><span class='ocrx_word' id='word_1_44' title='bbox 78 801 132 860; x_wconf 91' lang='lat' dir='ltr'><strong>bus</strong></span> <span class='ocrx_word' id='word_1_45' title='bbox 150 815 245 876; x_wconf 89' lang='lat' dir='ltr'><strong>neque</strong></span> <span class='ocrx_word' id='word_1_46' title='bbox 258 800 334 860; x_wconf 87' lang='lat' dir='ltr'><strong>viris</strong></span> <span class='ocrx_word' id='word_1_47' title='bbox 348 807 442 876; x_wconf 87' lang='lat' dir='ltr'><strong>atque</strong></span> <span class='ocrx_word' id='word_1_48' title='bbox 456 800 549 861; x_wconf 82' lang='lat' dir='ltr'><strong>arnus</strong></span> <span class='ocrx_word' id='word_1_49' title='bbox 565 801 714 877; x_wconf 87' lang='lat' dir='ltr'><strong>validam,</strong></span> <span class='ocrx_word' id='word_1_50' title='bbox 733 802 832 877; x_wconf 91' lang='lat' dir='ltr'><strong>primo</strong></span> <span class='ocrx_word' id='word_1_51' title='bbox 853 801 968 878; x_wconf 89' lang='lat' dir='ltr'><strong>impetu</strong></span> <span class='ocrx_word' id='word_1_52' title='bbox 989 817 1045 879; x_wconf 91' lang='lat' dir='ltr'><strong>op·</strong></span> <span class='ocrx_word' id='word_1_53' title='bbox 1085 827 1095 832; x_wconf 94' lang='lat'>·</span> 
     </span>
     <span class='ocr_line' id='line_1_8' title="bbox 82 883 1046 963; baseline 0.006 -20"><span class='ocrx_word' id='word_1_54' title='bbox 82 899 206 959; x_wconf 79' lang='lat' dir='ltr'><strong>pressam</strong></span> <span class='ocrx_word' id='word_1_55' title='bbox 225 897 307 946; x_wconf 87' lang='lat' dir='ltr'><strong>esse.</strong></span> <span class='ocrx_word' id='word_1_56' title='bbox 338 883 417 944; x_wconf 89' lang='lat' dir='ltr'><strong>baso</strong></span> <span class='ocrx_word' id='word_1_57' title='bbox 432 885 605 946; x_wconf 75' lang='lat' dir='ltr'><strong>nuntiantes</strong></span> <span class='ocrx_word' id='word_1_58' title='bbox 621 885 764 959; x_wconf 89' lang='lat' dir='ltr'><strong>orabant,</strong></span> <span class='ocrx_word' id='word_1_59' title='bbox 786 892 820 947; x_wconf 85' lang='lat' dir='ltr'><strong>ut</strong></span> <span class='ocrx_word' id='word_1_60' title='bbox 840 900 932 963; x_wconf 91' lang='lat' dir='ltr'><strong>opem</strong></span> <span class='ocrx_word' id='word_1_61' title='bbox 952 888 1046 949; x_wconf 89' lang='lat' dir='ltr'><strong>ierrel</strong></span> 
     </span>
     <span class='ocr_line' id='line_1_9' title="bbox 82 967 1045 1044; baseline 0.006 -18"><span class='ocrx_word' id='word_1_62' title='bbox 82 967 247 1044; x_wconf 75' lang='lat' dir='ltr'><strong>hostemque</strong></span> <span class='ocrx_word' id='word_1_63' title='bbox 268 967 353 1028; x_wconf 89' lang='lat' dir='ltr'><strong>haud</strong></span> <span class='ocrx_word' id='word_1_64' title='bbox 373 967 499 1030; x_wconf 86' lang='lat' dir='ltr'><strong>dubium</strong></span> <span class='ocrx_word' id='word_1_65' title='bbox 512 969 660 1030; x_wconf 89' lang='lat' dir='ltr'><strong>Romanis</strong></span> <span class='ocrx_word' id='word_1_66' title='bbox 675 969 750 1029; x_wconf 89' lang='lat' dir='ltr'><strong>mari</strong></span> <span class='ocrx_word' id='word_1_67' title='bbox 773 984 809 1030; x_wconf 86' lang='lat' dir='ltr'><strong>aa</strong></span> <span class='ocrx_word' id='word_1_68' title='bbox 824 976 905 1030; x_wconf 86' lang='lat' dir='ltr'><strong>terra</strong></span> <span class='ocrx_word' id='word_1_69' title='bbox 923 986 942 1030; x_wconf 94' lang='lat' dir='ltr'><strong>a</strong></span> <span class='ocrx_word' id='word_1_70' title='bbox 956 971 1045 1032; x_wconf 90' lang='lat' dir='ltr'><strong>mari-</strong></span> 
     </span>
     <span class='ocr_line' id='line_1_10' title="bbox 83 1051 1045 1134; baseline 0.005 -25"><span class='ocrx_word' id='word_1_71' title='bbox 83 1051 149 1112; x_wconf 88' lang='lat' dir='ltr'><strong>tinis</strong></span> <span class='ocrx_word' id='word_1_72' title='bbox 162 1051 285 1112; x_wconf 88' lang='lat' dir='ltr'><strong>urbibus</strong></span> <span class='ocrx_word' id='word_1_73' title='bbox 302 1059 435 1126; x_wconf 80' lang='lat' dir='ltr'><strong>arceret,</strong></span> <span class='ocrx_word' id='word_1_74' title='bbox 459 1067 539 1127; x_wconf 86' lang='lat' dir='ltr'><strong>quae</strong></span> <span class='ocrx_word' id='word_1_75' title='bbox 552 1052 594 1112; x_wconf 88' lang='lat' dir='ltr'><strong>ob</strong></span> <span class='ocrx_word' id='word_1_76' title='bbox 607 1053 722 1114; x_wconf 89' lang='lat' dir='ltr'><strong>nullam</strong></span> <span class='ocrx_word' id='word_1_77' title='bbox 742 1053 832 1114; x_wconf 87' lang='lat' dir='ltr'><strong>aliam</strong></span> <span class='ocrx_word' id='word_1_78' title='bbox 848 1069 972 1134; x_wconf 85' lang='lat' dir='ltr'><strong>oausam</strong></span> <span class='ocrx_word' id='word_1_79' title='bbox 987 1053 1045 1114; x_wconf 89' lang='lat' dir='ltr'><strong>nisi</strong></span> 
     </span>
     <span class='ocr_line' id='line_1_11' title="bbox 81 1136 1046 1213; baseline 0.006 -19"><span class='ocrx_word' id='word_1_80' title='bbox 81 1136 152 1210; x_wconf 89' lang='lat' dir='ltr'><strong>quod</strong></span> <span class='ocrx_word' id='word_1_81' title='bbox 164 1136 353 1197; x_wconf 80' lang='lat' dir='ltr'><strong>imminerent</strong></span> <span class='ocrx_word' id='word_1_82' title='bbox 366 1136 471 1196; x_wconf 85' lang='lat' dir='ltr'><strong>ltaliae</strong></span> <span class='ocrx_word' id='word_1_83' title='bbox 484 1143 668 1213; x_wconf 87' lang='lat' dir='ltr'><strong>peterentur.</strong></span> <span class='ocrx_word' id='word_1_84' title='bbox 699 1137 900 1210; x_wconf 78' lang='lat' dir='ltr'><strong>mvnerins,</strong></span> <span class='ocrx_word' id='word_1_85' title='bbox 915 1138 1046 1200; x_wconf 88' lang='lat' dir='ltr'><strong>duorum</strong></span> 
     </span>
     <span class='ocr_line' id='line_1_12' title="bbox 82 1219 1044 1298; baseline 0.006 -22"><span class='ocrx_word' id='word_1_86' title='bbox 82 1219 178 1280; x_wconf 90' lang='lat' dir='ltr'><strong>milium</strong></span> <span class='ocrx_word' id='word_1_87' title='bbox 191 1219 351 1296; x_wconf 90' lang='lat' dir='ltr'><strong>praesidio</strong></span> <span class='ocrx_word' id='word_1_88' title='bbox 367 1225 471 1286; x_wconf 76' lang='lat' dir='ltr'><strong>relicto</strong></span> <span class='ocrx_word' id='word_1_89' title='bbox 486 1223 734 1298; x_wconf 81' lang='lat' dir='ltr'><strong>praepositoque</strong></span> <span class='ocrx_word' id='word_1_90' title='bbox 754 1221 800 1282; x_wconf 91' lang='lat' dir='ltr'><strong>eis</strong></span> <span class='ocrx_word' id='word_1_91' title='bbox 813 1221 846 1280; x_wconf 89' lang='lat' dir='ltr'><strong>P.</strong></span> <span class='ocrx_word' id='word_1_92' title='bbox 862 1221 985 1284; x_wconf 84' lang='lat' dir='ltr'><strong>valerio</strong></span> <span class='ocrx_word' id='word_1_93' title='bbox 1003 1222 1044 1282; x_wconf 79' lang='lat' dir='ltr'><strong>le</strong></span> 
     </span>
     <span class='ocr_line' id='line_1_13' title="bbox 84 1304 1036 1380; baseline 0.004 -18"><span class='ocrx_word' id='word_1_94' title='bbox 84 1309 151 1377; x_wconf 74' lang='lat' dir='ltr'><strong>gato,</strong></span> <span class='ocrx_word' id='word_1_95' title='bbox 165 1319 226 1364; x_wconf 89' lang='lat' dir='ltr'><strong>oum</strong></span> <span class='ocrx_word' id='word_1_96' title='bbox 243 1306 348 1366; x_wconf 82' lang='lat' dir='ltr'><strong>classe</strong></span> <span class='ocrx_word' id='word_1_97' title='bbox 362 1305 510 1366; x_wconf 78' lang='lat' dir='ltr'><strong>instructa</strong></span> <span class='ocrx_word' id='word_1_98' title='bbox 523 1312 701 1380; x_wconf 87' lang='lat' dir='ltr'><strong>parataque,</strong></span> <span class='ocrx_word' id='word_1_99' title='bbox 724 1311 755 1365; x_wconf 90' lang='lat' dir='ltr'><strong>et</strong></span> <span class='ocrx_word' id='word_1_100' title='bbox 768 1304 853 1380; x_wconf 91' lang='lat' dir='ltr'><strong>qnod</strong></span> <span class='ocrx_word' id='word_1_101' title='bbox 866 1305 978 1380; x_wconf 76' lang='lat' dir='ltr'><strong>longae</strong></span> <span class='ocrx_word' id='word_1_102' title='bbox 991 1321 1036 1366; x_wconf 85' lang='lat' dir='ltr'><strong>na</strong></span> 
     </span>
     <span class='ocr_line' id='line_1_14' title="bbox 86 1387 1045 1465; baseline 0.006 -22"><span class='ocrx_word' id='word_1_103' title='bbox 86 1401 132 1446; x_wconf 85' lang='lat' dir='ltr'><strong>res</strong></span> <span class='ocrx_word' id='word_1_104' title='bbox 144 1389 260 1450; x_wconf 90' lang='lat' dir='ltr'><strong>rnilitum</strong></span> <span class='ocrx_word' id='word_1_105' title='bbox 275 1403 391 1465; x_wconf 86' lang='lat' dir='ltr'><strong>oapere</strong></span> <span class='ocrx_word' id='word_1_106' title='bbox 404 1405 466 1450; x_wconf 91' lang='lat' dir='ltr'><strong>non</strong></span> <span class='ocrx_word' id='word_1_107' title='bbox 482 1395 637 1465; x_wconf 87' lang='lat' dir='ltr'><strong>poterant,</strong></span> <span class='ocrx_word' id='word_1_108' title='bbox 661 1389 692 1448; x_wconf 94' lang='lat' dir='ltr'><strong>in</strong></span> <span class='ocrx_word' id='word_1_109' title='bbox 713 1387 870 1450; x_wconf 81' lang='lat' dir='ltr'><strong>onerarias</strong></span> <span class='ocrx_word' id='word_1_110' title='bbox 891 1388 1045 1464; x_wconf 89' lang='lat' dir='ltr'><strong>impositis</strong></span> 
     </span>
     <span class='ocr_line' id='line_1_15' title="bbox 82 1470 1045 1549; baseline 0.006 -21"><span class='ocrx_word' id='word_1_111' title='bbox 82 1470 161 1530; x_wconf 89' lang='lat' dir='ltr'><strong>altero</strong></span> <span class='ocrx_word' id='word_1_112' title='bbox 179 1473 228 1532; x_wconf 88' lang='lat' dir='ltr'><strong>die</strong></span> <span class='ocrx_word' id='word_1_113' title='bbox 243 1471 368 1534; x_wconf 86' lang='lat' dir='ltr'><strong>Oricum</strong></span> <span class='ocrx_word' id='word_1_114' title='bbox 389 1474 545 1549; x_wconf 65' lang='lat' dir='ltr'><strong>perierim</strong></span> <span class='ocrx_word' id='word_1_115' title='bbox 564 1472 735 1549; x_wconf 89' lang='lat' dir='ltr'><strong>urbemque</strong></span> <span class='ocrx_word' id='word_1_116' title='bbox 754 1487 822 1532; x_wconf 89' lang='lat' dir='ltr'><strong>earu</strong></span> <span class='ocrx_word' id='word_1_117' title='bbox 842 1472 903 1532; x_wconf 89' lang='lat' dir='ltr'><strong>levi</strong></span> <span class='ocrx_word' id='word_1_118' title='bbox 924 1478 1045 1534; x_wconf 88' lang='lat' dir='ltr'><strong>tenente</strong></span> 
     </span>
     <span class='ocr_line' id='line_1_16' title="bbox 38 1555 1045 1634; baseline 0.006 -22"><span class='ocrx_word' id='word_1_119' title='bbox 38 1587 42 1600; x_wconf 83' lang='lat'><strong>·</strong></span> <span class='ocrx_word' id='word_1_120' title='bbox 81 1555 233 1634; x_wconf 84' lang='lat' dir='ltr'><strong>praesidio,</strong></span> <span class='ocrx_word' id='word_1_121' title='bbox 254 1556 343 1634; x_wconf 90' lang='lat' dir='ltr'><strong>quod</strong></span> <span class='ocrx_word' id='word_1_122' title='bbox 356 1571 413 1616; x_wconf 89' lang='lat' dir='ltr'><strong>rex</strong></span> <span class='ocrx_word' id='word_1_123' title='bbox 426 1558 576 1618; x_wconf 83' lang='lat' dir='ltr'><strong>recedens</strong></span> <span class='ocrx_word' id='word_1_124' title='bbox 589 1557 662 1618; x_wconf 91' lang='lat' dir='ltr'><strong>inde</strong></span> <span class='ocrx_word' id='word_1_125' title='bbox 674 1557 854 1633; x_wconf 89' lang='lat' dir='ltr'><strong>reliquerat,</strong></span> <span class='ocrx_word' id='word_1_126' title='bbox 876 1555 961 1618; x_wconf 86' lang='lat' dir='ltr'><strong>haud</strong></span> <span class='ocrx_word' id='word_1_127' title='bbox 981 1572 1045 1618; x_wconf 90' lang='lat' dir='ltr'><strong>ma-</strong></span> 
     </span>
     <span class='ocr_line' id='line_1_17' title="bbox 78 1639 1044 1718; baseline 0.005 -20"><span class='ocrx_word' id='word_1_128' title='bbox 78 1642 312 1711; x_wconf 71' lang='lat' dir='ltr'><strong>gnoeertumine</strong></span> <span class='ocrx_word' id='word_1_129' title='bbox 331 1639 457 1717; x_wconf 79' lang='lat' dir='ltr'><strong>recepit</strong></span> <span class='ocrx_word' id='word_1_130' title='bbox 489 1642 581 1717; x_wconf 79' lang='lat' dir='ltr'><strong>legati</strong></span> <span class='ocrx_word' id='word_1_131' title='bbox 601 1657 639 1702; x_wconf 91' lang='lat' dir='ltr'><strong>eo</strong></span> <span class='ocrx_word' id='word_1_132' title='bbox 654 1641 693 1701; x_wconf 91' lang='lat' dir='ltr'><strong>ab</strong></span> <span class='ocrx_word' id='word_1_133' title='bbox 706 1640 872 1718; x_wconf 78' lang='lat' dir='ltr'><strong>Apollonia</strong></span> <span class='ocrx_word' id='word_1_134' title='bbox 886 1647 1044 1716; x_wconf 77' lang='lat' dir='ltr'><strong>venerunt,</strong></span> 
     </span>
     <span class='ocr_line' id='line_1_18' title="bbox 77 1723 1044 1801; baseline 0.004 -19"><span class='ocrx_word' id='word_1_135' title='bbox 77 1723 233 1786; x_wconf 78' lang='lat' dir='ltr'><strong>nuntiantes</strong></span> <span class='ocrx_word' id='word_1_136' title='bbox 254 1726 289 1786; x_wconf 92' lang='lat' dir='ltr'><strong>in</strong></span> <span class='ocrx_word' id='word_1_137' title='bbox 309 1724 473 1786; x_wconf 86' lang='lat' dir='ltr'><strong>obsidione</strong></span> <span class='ocrx_word' id='word_1_138' title='bbox 486 1741 574 1801; x_wconf 90' lang='lat' dir='ltr'><strong>sese,</strong></span> <span class='ocrx_word' id='word_1_139' title='bbox 598 1726 683 1800; x_wconf 88' lang='lat' dir='ltr'><strong>quod</strong></span> <span class='ocrx_word' id='word_1_140' title='bbox 698 1725 831 1786; x_wconf 82' lang='lat' dir='ltr'><strong>defluere</strong></span> <span class='ocrx_word' id='word_1_141' title='bbox 845 1723 884 1785; x_wconf 91' lang='lat' dir='ltr'><strong>ab</strong></span> <span class='ocrx_word' id='word_1_142' title='bbox 898 1725 1044 1788; x_wconf 88' lang='lat' dir='ltr'><strong>Romanis</strong></span> 
     </span>
     <span class='ocr_line' id='line_1_19' title="bbox 77 1806 1044 1887; baseline 0.006 -23"><span class='ocrx_word' id='word_1_143' title='bbox 77 1806 184 1882; x_wconf 88' lang='lat' dir='ltr'><strong>nollent,</strong></span> <span class='ocrx_word' id='word_1_144' title='bbox 196 1826 279 1887; x_wconf 88' lang='lat' dir='ltr'><strong>esse,</strong></span> <span class='ocrx_word' id='word_1_145' title='bbox 292 1823 394 1885; x_wconf 91' lang='lat' dir='ltr'><strong>neque</strong></span> <span class='ocrx_word' id='word_1_146' title='bbox 406 1809 559 1870; x_wconf 86' lang='lat' dir='ltr'><strong>sustinere</strong></span> <span class='ocrx_word' id='word_1_147' title='bbox 569 1809 648 1870; x_wconf 86' lang='lat' dir='ltr'><strong>ultra</strong></span> <span class='ocrx_word' id='word_1_148' title='bbox 658 1809 929 1871; x_wconf 84' lang='lat' dir='ltr'><strong>vimiliaoedonum</strong></span> <span class='ocrx_word' id='word_1_149' title='bbox 939 1823 1044 1887; x_wconf 89' lang='lat' dir='ltr'><strong>posse,</strong></span> 
     </span>
     <span class='ocr_line' id='line_1_20' title="bbox 75 1889 1046 1970; baseline 0.004 -21"><span class='ocrx_word' id='word_1_150' title='bbox 75 1889 125 1952; x_wconf 88' lang='lat' dir='ltr'><strong>nisi</strong></span> <span class='ocrx_word' id='word_1_151' title='bbox 147 1895 337 1969; x_wconf 88' lang='lat' dir='ltr'><strong>praesidium</strong></span> <span class='ocrx_word' id='word_1_152' title='bbox 360 1895 492 1954; x_wconf 90' lang='lat' dir='ltr'><strong>mittatur</strong></span> <span class='ocrx_word' id='word_1_153' title='bbox 514 1893 695 1964; x_wconf 89' lang='lat' dir='ltr'><strong>Romanum.</strong></span> <span class='ocrx_word' id='word_1_154' title='bbox 732 1894 880 1956; x_wconf 80' lang='lat' dir='ltr'><strong>iacturum</strong></span> <span class='ocrx_word' id='word_1_155' title='bbox 905 1909 941 1954; x_wconf 87' lang='lat' dir='ltr'><strong>se</strong></span> <span class='ocrx_word' id='word_1_156' title='bbox 965 1909 1046 1970; x_wconf 88' lang='lat' dir='ltr'><strong>quae</strong></span> 
     </span>
     <span class='ocr_line' id='line_1_21' title="bbox 74 1976 1044 2055; baseline 0.005 -23"><span class='ocrx_word' id='word_1_157' title='bbox 74 1976 174 2038; x_wconf 83' lang='lat' dir='ltr'><strong>velent</strong></span> <span class='ocrx_word' id='word_1_158' title='bbox 188 1978 362 2055; x_wconf 86' lang='lat' dir='ltr'><strong>pollicitus,</strong></span> <span class='ocrx_word' id='word_1_159' title='bbox 387 1978 546 2039; x_wconf 88' lang='lat' dir='ltr'><strong>duomilia</strong></span> <span class='ocrx_word' id='word_1_160' title='bbox 565 1979 752 2039; x_wconf 80' lang='lat' dir='ltr'><strong>delectorum</strong></span> <span class='ocrx_word' id='word_1_161' title='bbox 766 1978 892 2038; x_wconf 86' lang='lat' dir='ltr'><strong>militurn</strong></span> <span class='ocrx_word' id='word_1_162' title='bbox 913 1977 1044 2038; x_wconf 90' lang='lat' dir='ltr'><strong>navibus</strong></span> 
     </span>
     <span class='ocr_line' id='line_1_22' title="bbox 74 2057 1043 2145; baseline 0.001 -26"><span class='ocrx_word' id='word_1_163' title='bbox 74 2057 163 2137; x_wconf 82' lang='lat' dir='ltr'><strong>longis</strong></span> <span class='ocrx_word' id='word_1_164' title='bbox 190 2063 282 2125; x_wconf 87' lang='lat' dir='ltr'><strong>mittit</strong></span> <span class='ocrx_word' id='word_1_165' title='bbox 300 2063 340 2123; x_wconf 91' lang='lat' dir='ltr'><strong>ad</strong></span> <span class='ocrx_word' id='word_1_166' title='bbox 367 2063 486 2123; x_wconf 88' lang='lat' dir='ltr'><strong>ostium</strong></span> <span class='ocrx_word' id='word_1_167' title='bbox 499 2061 632 2124; x_wconf 77' lang='lat' dir='ltr'><strong>fluminis</strong></span> <span class='ocrx_word' id='word_1_168' title='bbox 655 2078 723 2145; x_wconf 86' lang='lat' dir='ltr'><strong>oum</strong></span> <span class='ocrx_word' id='word_1_169' title='bbox 742 2062 899 2138; x_wconf 83' lang='lat' dir='ltr'><strong>praelecto</strong></span> <span class='ocrx_word' id='word_1_170' title='bbox 926 2061 1043 2122; x_wconf 83' lang='lat' dir='ltr'><strong>socium</strong></span> 
     </span>
     <span class='ocr_line' id='line_1_23' title="bbox 74 2144 1042 2224; baseline -0.003 -18"><span class='ocrx_word' id='word_1_171' title='bbox 74 2145 102 2218; x_wconf 76' lang='lat' dir='ltr'><strong>Q.</strong></span> <span class='ocrx_word' id='word_1_172' title='bbox 115 2147 226 2209; x_wconf 85' lang='lat' dir='ltr'><strong>Naevio</strong></span> <span class='ocrx_word' id='word_1_173' title='bbox 243 2147 357 2221; x_wconf 83' lang='lat' dir='ltr'><strong>Crista,</strong></span> <span class='ocrx_word' id='word_1_174' title='bbox 379 2148 445 2207; x_wconf 91' lang='lat' dir='ltr'><strong>viro</strong></span> <span class='ocrx_word' id='word_1_175' title='bbox 466 2145 596 2222; x_wconf 74' lang='lat' dir='ltr'><strong>impigro</strong></span> <span class='ocrx_word' id='word_1_176' title='bbox 617 2153 647 2208; x_wconf 91' lang='lat' dir='ltr'><strong>et</strong></span> <span class='ocrx_word' id='word_1_177' title='bbox 661 2147 759 2224; x_wconf 87' lang='lat' dir='ltr'><strong>perito</strong></span> <span class='ocrx_word' id='word_1_178' title='bbox 774 2145 907 2206; x_wconf 81' lang='lat' dir='ltr'><strong>militiae.</strong></span> <span class='ocrx_word' id='word_1_179' title='bbox 948 2144 974 2204; x_wconf 95' lang='lat' dir='ltr'><strong>is</strong></span> <span class='ocrx_word' id='word_1_180' title='bbox 990 2159 1042 2204; x_wconf 90' lang='lat' dir='ltr'><strong>ex-</strong></span> 
     </span>
     <span class='ocr_line' id='line_1_24' title="bbox 73 2229 1042 2307; baseline -0.001 -19"><span class='ocrx_word' id='word_1_181' title='bbox 73 2231 172 2302; x_wconf 91' lang='lat' dir='ltr'><strong>positis</strong></span> <span class='ocrx_word' id='word_1_182' title='bbox 185 2231 217 2292; x_wconf 93' lang='lat' dir='ltr'><strong>in</strong></span> <span class='ocrx_word' id='word_1_183' title='bbox 232 2237 346 2292; x_wconf 85' lang='lat' dir='ltr'><strong>terram</strong></span> <span class='ocrx_word' id='word_1_184' title='bbox 360 2229 504 2292; x_wconf 84' lang='lat' dir='ltr'><strong>militibus</strong></span> <span class='ocrx_word' id='word_1_185' title='bbox 518 2231 712 2307; x_wconf 89' lang='lat' dir='ltr'><strong>navibusque</strong></span> <span class='ocrx_word' id='word_1_186' title='bbox 719 2230 840 2291; x_wconf 89' lang='lat' dir='ltr'><strong>Orioum</strong></span> <span class='ocrx_word' id='word_1_187' title='bbox 853 2233 944 2302; x_wconf 87' lang='lat' dir='ltr'><strong>retro,</strong></span> <span class='ocrx_word' id='word_1_188' title='bbox 959 2229 1042 2288; x_wconf 92' lang='lat' dir='ltr'><strong>unde</strong></span> 
     </span>
     <span class='ocr_line' id='line_1_25' title="bbox 72 2310 1136 2389; baseline 0.004 -19"><span class='ocrx_word' id='word_1_189' title='bbox 72 2321 195 2389; x_wconf 77' lang='lat' dir='ltr'><strong>venerat</strong></span> <span class='ocrx_word' id='word_1_190' title='bbox 212 2315 253 2376; x_wconf 87' lang='lat' dir='ltr'><strong>ad</strong></span> <span class='ocrx_word' id='word_1_191' title='bbox 269 2322 402 2376; x_wconf 84' lang='lat' dir='ltr'><strong>ceteram</strong></span> <span class='ocrx_word' id='word_1_192' title='bbox 413 2316 544 2376; x_wconf 86' lang='lat' dir='ltr'><strong>classem</strong></span> <span class='ocrx_word' id='word_1_193' title='bbox 556 2315 694 2376; x_wconf 88' lang='lat' dir='ltr'><strong>remissis</strong></span> <span class='ocrx_word' id='word_1_194' title='bbox 708 2314 818 2376; x_wconf 85' lang='lat' dir='ltr'><strong>milites</strong></span> <span class='ocrx_word' id='word_1_195' title='bbox 833 2313 940 2389; x_wconf 80' lang='lat' dir='ltr'><strong>procul</strong></span> <span class='ocrx_word' id='word_1_196' title='bbox 955 2310 1040 2376; x_wconf 84' lang='lat' dir='ltr'><strong>allu-</strong></span> <span class='ocrx_word' id='word_1_197' title='bbox 1131 2341 1136 2352; x_wconf 91' lang='lat'><strong>·</strong></span> 
     </span>
     <span class='ocr_line' id='line_1_26' title="bbox 71 2397 1040 2476; baseline 0.002 -18"><span class='ocrx_word' id='word_1_198' title='bbox 71 2397 142 2458; x_wconf 87' lang='lat' dir='ltr'><strong>mine</strong></span> <span class='ocrx_word' id='word_1_199' title='bbox 155 2415 212 2476; x_wconf 87' lang='lat' dir='ltr'><strong>per</strong></span> <span class='ocrx_word' id='word_1_200' title='bbox 225 2401 308 2459; x_wconf 87' lang='lat' dir='ltr'><strong>viam</strong></span> <span class='ocrx_word' id='word_1_201' title='bbox 322 2400 445 2459; x_wconf 89' lang='lat' dir='ltr'><strong>minime</strong></span> <span class='ocrx_word' id='word_1_202' title='bbox 459 2397 498 2459; x_wconf 90' lang='lat' dir='ltr'><strong>ab</strong></span> <span class='ocrx_word' id='word_1_203' title='bbox 509 2399 602 2475; x_wconf 75' lang='lat' dir='ltr'><strong>regiis</strong></span> <span class='ocrx_word' id='word_1_204' title='bbox 618 2401 781 2462; x_wconf 85' lang='lat' dir='ltr'><strong>obsessam</strong></span> <span class='ocrx_word' id='word_1_205' title='bbox 791 2397 886 2474; x_wconf 84' lang='lat' dir='ltr'><strong>duxit,</strong></span> <span class='ocrx_word' id='word_1_206' title='bbox 902 2403 932 2458; x_wconf 89' lang='lat' dir='ltr'><strong>et</strong></span> <span class='ocrx_word' id='word_1_207' title='bbox 941 2402 1040 2472; x_wconf 84' lang='lat' dir='ltr'><strong>noete,</strong></span> 
     </span>
     <span class='ocr_line' id='line_1_27' title="bbox 71 2479 1041 2559; baseline 0.003 -21"><span class='ocrx_word' id='word_1_208' title='bbox 71 2479 107 2540; x_wconf 87' lang='lat' dir='ltr'><strong>ita</strong></span> <span class='ocrx_word' id='word_1_209' title='bbox 119 2489 151 2543; x_wconf 92' lang='lat' dir='ltr'><strong>ul</strong></span> <span class='ocrx_word' id='word_1_210' title='bbox 164 2499 257 2545; x_wconf 86' lang='lat' dir='ltr'><strong>nemo</strong></span> <span class='ocrx_word' id='word_1_211' title='bbox 272 2483 406 2544; x_wconf 86' lang='lat' dir='ltr'><strong>hostium</strong></span> <span class='ocrx_word' id='word_1_212' title='bbox 421 2485 554 2558; x_wconf 82' lang='lat' dir='ltr'><strong>sentiret,</strong></span> <span class='ocrx_word' id='word_1_213' title='bbox 576 2483 683 2544; x_wconf 92' lang='lat' dir='ltr'><strong>urbem</strong></span> <span class='ocrx_word' id='word_1_214' title='bbox 698 2490 746 2546; x_wconf 89' lang='lat' dir='ltr'><strong>est</strong></span> <span class='ocrx_word' id='word_1_215' title='bbox 758 2483 927 2559; x_wconf 73' lang='lat' dir='ltr'><strong>ingressus.</strong></span> <span class='ocrx_word' id='word_1_216' title='bbox 960 2480 1041 2542; x_wconf 88' lang='lat' dir='ltr'><strong>diem</strong></span> 
     </span>
     <span class='ocr_line' id='line_1_28' title="bbox 69 2563 1041 2644; baseline 0.001 -21"><span class='ocrx_word' id='word_1_217' title='bbox 69 2563 274 2642; x_wconf 88' lang='lat' dir='ltr'><strong>insequentem</strong></span> <span class='ocrx_word' id='word_1_218' title='bbox 289 2568 448 2644; x_wconf 76' lang='lat' dir='ltr'><strong>quievere,</strong></span> <span class='ocrx_word' id='word_1_219' title='bbox 471 2568 543 2628; x_wconf 90' lang='lat' dir='ltr'><strong>dum</strong></span> <span class='ocrx_word' id='word_1_220' title='bbox 558 2569 730 2644; x_wconf 84' lang='lat' dir='ltr'><strong>praelectus</strong></span> <span class='ocrx_word' id='word_1_221' title='bbox 745 2567 932 2629; x_wconf 87' lang='lat' dir='ltr'><strong>iuventutem</strong></span> <span class='ocrx_word' id='word_1_222' title='bbox 945 2565 1041 2641; x_wconf 77' lang='lat' dir='ltr'><strong>Apol-</strong></span> 
     </span>
     <span class='ocr_line' id='line_1_29' title="bbox 70 2647 1042 2729; baseline 0.004 -23"><span class='ocrx_word' id='word_1_223' title='bbox 70 2647 217 2712; x_wconf 86' lang='lat' dir='ltr'><strong>lonialium</strong></span> <span class='ocrx_word' id='word_1_224' title='bbox 237 2666 383 2729; x_wconf 78' lang='lat' dir='ltr'><strong>annaque</strong></span> <span class='ocrx_word' id='word_1_225' title='bbox 398 2649 532 2723; x_wconf 86' lang='lat' dir='ltr'><strong>eturbis</strong></span> <span class='ocrx_word' id='word_1_226' title='bbox 550 2652 632 2713; x_wconf 90' lang='lat' dir='ltr'><strong>vires</strong></span> <span class='ocrx_word' id='word_1_227' title='bbox 652 2651 827 2728; x_wconf 79' lang='lat' dir='ltr'><strong>inspiceret</strong></span> <span class='ocrx_word' id='word_1_228' title='bbox 858 2649 909 2711; x_wconf 92' lang='lat' dir='ltr'><strong>ubi</strong></span> <span class='ocrx_word' id='word_1_229' title='bbox 924 2665 961 2711; x_wconf 87' lang='lat' dir='ltr'><strong>aa</strong></span> <span class='ocrx_word' id='word_1_230' title='bbox 973 2650 1042 2713; x_wconf 87' lang='lat' dir='ltr'><strong>visa</strong></span> 
     </span>
     <span class='ocr_line' id='line_1_30' title="bbox 69 2731 1041 2812; baseline 0.005 -23"><span class='ocrx_word' id='word_1_231' title='bbox 69 2731 263 2812; x_wconf 81' lang='lat' dir='ltr'><strong>inspectaque</strong></span> <span class='ocrx_word' id='word_1_232' title='bbox 274 2737 349 2797; x_wconf 89' lang='lat' dir='ltr'><strong>satis</strong></span> <span class='ocrx_word' id='word_1_233' title='bbox 364 2737 532 2796; x_wconf 87' lang='lat' dir='ltr'><strong>animorum</strong></span> <span class='ocrx_word' id='word_1_234' title='bbox 548 2737 657 2812; x_wconf 81' lang='lat' dir='ltr'><strong>lesere,</strong></span> <span class='ocrx_word' id='word_1_235' title='bbox 679 2736 830 2812; x_wconf 90' lang='lat' dir='ltr'><strong>simulque</strong></span> <span class='ocrx_word' id='word_1_236' title='bbox 844 2734 884 2795; x_wconf 91' lang='lat' dir='ltr'><strong>ab</strong></span> <span class='ocrx_word' id='word_1_237' title='bbox 898 2734 1041 2810; x_wconf 89' lang='lat' dir='ltr'><strong>explora-</strong></span> 
     </span>
     <span class='ocr_line' id='line_1_31' title="bbox 68 2816 1041 2896; baseline 0.003 -23"><span class='ocrx_word' id='word_1_238' title='bbox 68 2816 178 2880; x_wconf 89' lang='lat' dir='ltr'><strong>toribus</strong></span> <span class='ocrx_word' id='word_1_239' title='bbox 200 2821 364 2896; x_wconf 82' lang='lat' dir='ltr'><strong>comperit,</strong></span> <span class='ocrx_word' id='word_1_240' title='bbox 388 2827 502 2896; x_wconf 89' lang='lat' dir='ltr'><strong>quanta</strong></span> <span class='ocrx_word' id='word_1_241' title='bbox 522 2821 723 2882; x_wconf 79' lang='lat' dir='ltr'><strong>socordiane</strong></span> <span class='ocrx_word' id='word_1_242' title='bbox 744 2819 936 2896; x_wconf 80' lang='lat' dir='ltr'><strong>neglegentia</strong></span> <span class='ocrx_word' id='word_1_243' title='bbox 956 2816 1041 2892; x_wconf 87' lang='lat' dir='ltr'><strong>apud</strong></span> 
     </span>
     <span class='ocr_line' id='line_1_32' title="bbox 68 2897 1040 2981; baseline 0.002 -22"><span class='ocrx_word' id='word_1_244' title='bbox 68 2897 165 2964; x_wconf 87' lang='lat' dir='ltr'><strong>hostes</strong></span> <span class='ocrx_word' id='word_1_245' title='bbox 193 2913 292 2981; x_wconf 89' lang='lat' dir='ltr'><strong>esset,</strong></span> <span class='ocrx_word' id='word_1_246' title='bbox 321 2905 441 2966; x_wconf 91' lang='lat' dir='ltr'><strong>silentio</strong></span> <span class='ocrx_word' id='word_1_247' title='bbox 464 2906 563 2965; x_wconf 86' lang='lat' dir='ltr'><strong>noetis</strong></span> <span class='ocrx_word' id='word_1_248' title='bbox 584 2905 623 2964; x_wconf 87' lang='lat' dir='ltr'><strong>ab</strong></span> <span class='ocrx_word' id='word_1_249' title='bbox 644 2904 719 2966; x_wconf 87' lang='lat' dir='ltr'><strong>urbe</strong></span> <span class='ocrx_word' id='word_1_250' title='bbox 739 2905 806 2964; x_wconf 88' lang='lat' dir='ltr'><strong>sine</strong></span> <span class='ocrx_word' id='word_1_251' title='bbox 828 2905 890 2964; x_wconf 93' lang='lat' dir='ltr'><strong>ullo</strong></span> <span class='ocrx_word' id='word_1_252' title='bbox 911 2903 1040 2963; x_wconf 90' lang='lat' dir='ltr'><strong>tumultu</strong></span> 
     </span>
     <span class='ocr_line' id='line_1_33' title="bbox 69 2987 1039 3064; baseline -0.002 -18"><span class='ocrx_word' id='word_1_253' title='bbox 69 2997 206 3058; x_wconf 77' lang='lat' dir='ltr'><strong>egressus</strong></span> <span class='ocrx_word' id='word_1_254' title='bbox 220 2996 319 3050; x_wconf 89' lang='lat' dir='ltr'><strong>oastru</strong></span> <span class='ocrx_word' id='word_1_255' title='bbox 330 2989 463 3050; x_wconf 87' lang='lat' dir='ltr'><strong>bostium</strong></span> <span class='ocrx_word' id='word_1_256' title='bbox 477 2989 557 3049; x_wconf 87' lang='lat' dir='ltr'><strong>adeo</strong></span> <span class='ocrx_word' id='word_1_257' title='bbox 568 2989 708 3064; x_wconf 81' lang='lat' dir='ltr'><strong>neglecta</strong></span> <span class='ocrx_word' id='word_1_258' title='bbox 721 2995 814 3064; x_wconf 90' lang='lat' dir='ltr'><strong>atque</strong></span> <span class='ocrx_word' id='word_1_259' title='bbox 828 2993 934 3064; x_wconf 86' lang='lat' dir='ltr'><strong>aperta</strong></span> <span class='ocrx_word' id='word_1_260' title='bbox 948 2987 1039 3046; x_wconf 89' lang='lat' dir='ltr'><strong>intra-</strong></span> 
     </span>
     <span class='ocr_line' id='line_1_34' title="bbox 68 3067 1040 3150; baseline -0.005 -18"><span class='ocrx_word' id='word_1_261' title='bbox 68 3067 112 3144; x_wconf 73' lang='lat' dir='ltr'><strong>vit,</strong></span> <span class='ocrx_word' id='word_1_262' title='bbox 127 3077 159 3132; x_wconf 88' lang='lat' dir='ltr'><strong>ut</strong></span> <span class='ocrx_word' id='word_1_263' title='bbox 169 3074 245 3134; x_wconf 91' lang='lat' dir='ltr'><strong>satis</strong></span> <span class='ocrx_word' id='word_1_264' title='bbox 260 3079 414 3134; x_wconf 87' lang='lat' dir='ltr'><strong>constaret</strong></span> <span class='ocrx_word' id='word_1_265' title='bbox 425 3073 510 3150; x_wconf 92' lang='lat' dir='ltr'><strong>prius</strong></span> <span class='ocrx_word' id='word_1_266' title='bbox 522 3073 603 3133; x_wconf 90' lang='lat' dir='ltr'><strong>mille</strong></span> <span class='ocrx_word' id='word_1_267' title='bbox 614 3073 769 3134; x_wconf 90' lang='lat' dir='ltr'><strong>hominum</strong></span> <span class='ocrx_word' id='word_1_268' title='bbox 780 3073 894 3133; x_wconf 87' lang='lat' dir='ltr'><strong>vallum</strong></span> <span class='ocrx_word' id='word_1_269' title='bbox 908 3071 1040 3130; x_wconf 89' lang='lat' dir='ltr'><strong>intrasse</strong></span> 
     </span>
     <span class='ocr_line' id='line_1_35' title="bbox 69 3156 1038 3234; baseline -0.006 -19"><span class='ocrx_word' id='word_1_270' title='bbox 69 3169 158 3228; x_wconf 86' lang='lat' dir='ltr'><strong>quum</strong></span> <span class='ocrx_word' id='word_1_271' title='bbox 167 3157 331 3234; x_wconf 90' lang='lat' dir='ltr'><strong>quisquam</strong></span> <span class='ocrx_word' id='word_1_272' title='bbox 345 3158 485 3230; x_wconf 86' lang='lat' dir='ltr'><strong>sentiret,</strong></span> <span class='ocrx_word' id='word_1_273' title='bbox 508 3173 545 3217; x_wconf 89' lang='lat' dir='ltr'><strong>ao</strong></span> <span class='ocrx_word' id='word_1_274' title='bbox 560 3158 586 3218; x_wconf 93' lang='lat' dir='ltr'><strong>si</strong></span> <span class='ocrx_word' id='word_1_275' title='bbox 602 3157 697 3218; x_wconf 87' lang='lat' dir='ltr'><strong>oaede</strong></span> <span class='ocrx_word' id='word_1_276' title='bbox 711 3156 945 3228; x_wconf 89' lang='lat' dir='ltr'><strong>abstinuissent,</strong></span> <span class='ocrx_word' id='word_1_277' title='bbox 970 3166 1038 3226; x_wconf 89' lang='lat' dir='ltr'><strong>per-</strong></span> 
     </span>
     <span class='ocr_line' id='line_1_36' title="bbox 67 3233 1038 3318; baseline -0.001 -23"><span class='ocrx_word' id='word_1_278' title='bbox 67 3238 163 3300; x_wconf 87' lang='lat' dir='ltr'><strong>venire</strong></span> <span class='ocrx_word' id='word_1_279' title='bbox 183 3242 223 3302; x_wconf 89' lang='lat' dir='ltr'><strong>ad</strong></span> <span class='ocrx_word' id='word_1_280' title='bbox 237 3242 466 3303; x_wconf 85' lang='lat' dir='ltr'><strong>tabernaculum</strong></span> <span class='ocrx_word' id='word_1_281' title='bbox 486 3241 605 3316; x_wconf 77' lang='lat' dir='ltr'><strong>regium</strong></span> <span class='ocrx_word' id='word_1_282' title='bbox 620 3238 769 3318; x_wconf 89' lang='lat' dir='ltr'><strong>potuisse.</strong></span> <span class='ocrx_word' id='word_1_283' title='bbox 803 3239 915 3301; x_wconf 82' lang='lat' dir='ltr'><strong>caedes</strong></span> <span class='ocrx_word' id='word_1_284' title='bbox 935 3233 1038 3312; x_wconf 74' lang='lat' dir='ltr'><strong>proxi-</strong></span> 
     </span>
     <span class='ocr_line' id='line_1_37' title="bbox 68 3324 1036 3402; baseline -0.008 -18"><span class='ocrx_word' id='word_1_285' title='bbox 68 3332 176 3384; x_wconf 81' lang='lat' dir='ltr'><strong>morum</strong></span> <span class='ocrx_word' id='word_1_286' title='bbox 190 3332 297 3402; x_wconf 86' lang='lat' dir='ltr'><strong>portae</strong></span> <span class='ocrx_word' id='word_1_287' title='bbox 312 3326 456 3386; x_wconf 83' lang='lat' dir='ltr'><strong>exaltavit</strong></span> <span class='ocrx_word' id='word_1_288' title='bbox 467 3325 589 3397; x_wconf 64' lang='lat' dir='ltr'><strong>hostem</strong></span> <span class='ocrx_word' id='word_1_289' title='bbox 609 3324 684 3385; x_wconf 88' lang='lat' dir='ltr'><strong>inde</strong></span> <span class='ocrx_word' id='word_1_290' title='bbox 697 3331 799 3385; x_wconf 90' lang='lat' dir='ltr'><strong>tantus</strong></span> <span class='ocrx_word' id='word_1_291' title='bbox 813 3329 911 3384; x_wconf 90' lang='lat' dir='ltr'><strong>terror</strong></span> <span class='ocrx_word' id='word_1_292' title='bbox 923 3331 1036 3394; x_wconf 89' lang='lat' dir='ltr'><strong>pavor-</strong></span> 
     </span>
     <span class='ocr_line' id='line_1_38' title="bbox 69 3407 1036 3486; baseline -0.004 -23"><span class='ocrx_word' id='word_1_293' title='bbox 69 3418 121 3474; x_wconf 83' lang='lat' dir='ltr'><strong>que</strong></span> <span class='ocrx_word' id='word_1_294' title='bbox 135 3421 239 3470; x_wconf 90' lang='lat' dir='ltr'><strong>omnes</strong></span> <span class='ocrx_word' id='word_1_295' title='bbox 253 3411 427 3486; x_wconf 75' lang='lat' dir='ltr'><strong>occupavit,</strong></span> <span class='ocrx_word' id='word_1_296' title='bbox 449 3415 558 3470; x_wconf 91' lang='lat' dir='ltr'><strong>utnon</strong></span> <span class='ocrx_word' id='word_1_297' title='bbox 573 3409 672 3470; x_wconf 77' lang='lat' dir='ltr'><strong>modo&#39;</strong></span> <span class='ocrx_word' id='word_1_298' title='bbox 681 3409 759 3468; x_wconf 90' lang='lat' dir='ltr'><strong>alius</strong></span> <span class='ocrx_word' id='word_1_299' title='bbox 775 3407 936 3482; x_wconf 89' lang='lat' dir='ltr'><strong>quisquam</strong></span> <span class='ocrx_word' id='word_1_300' title='bbox 951 3414 1036 3462; x_wconf 84' lang='lat' dir='ltr'><strong>arms</strong></span> 
     </span>
     <span class='ocr_line' id='line_1_39' title="bbox 69 3484 1032 3570; baseline -0.01 -19"><span class='ocrx_word' id='word_1_301' title='bbox 69 3496 183 3562; x_wconf 81' lang='lat' dir='ltr'><strong>raperet</strong></span> <span class='ocrx_word' id='word_1_302' title='bbox 201 3500 252 3554; x_wconf 87' lang='lat' dir='ltr'><strong>aut</strong></span> <span class='ocrx_word' id='word_1_303' title='bbox 272 3494 381 3554; x_wconf 84' lang='lat' dir='ltr'><strong>eastris</strong></span> <span class='ocrx_word' id='word_1_304' title='bbox 395 3494 512 3570; x_wconf 87' lang='lat' dir='ltr'><strong>pellere</strong></span> <span class='ocrx_word' id='word_1_305' title='bbox 531 3492 652 3552; x_wconf 87' lang='lat' dir='ltr'><strong>hostem</strong></span> <span class='ocrx_word' id='word_1_306' title='bbox 673 3496 844 3556; x_wconf 82' lang='lat' dir='ltr'><strong>conaretur,</strong></span> <span class='ocrx_word' id='word_1_307' title='bbox 866 3487 923 3545; x_wconf 86' lang='lat' dir='ltr'><strong>sed</strong></span> <span class='ocrx_word' id='word_1_308' title='bbox 942 3484 1032 3544; x_wconf 85' lang='lat' dir='ltr'><strong>etiam</strong></span> 
     </span>
    </p>
   </div>
   <div class='ocr_carea' id='block_1_3' title="bbox 0 0 1238 3900">
    <p class='ocr_par' dir='ltr' id='par_1_8' title="bbox 0 0 1238 3900">
     <span class='ocr_line' id='line_1_40' title="bbox 0 0 1238 3900; baseline 0 3"><span class='ocrx_word' id='word_1_309' title='bbox 0 0 1238 3900; x_wconf 95' lang='lat' dir='ltr'><strong> </strong></span> 
     </span>
    </p>
   </div>
  </div>
 </body>
</html>
