2434 3902
196 159 445 243 nrunuxxvn.
468 182 551 244 cnr.
566 193 610 246 31.
625 190 669 245 aa.
694 191 730 258 [a.
747 190 779 241 c.
795 189 859 255 roa]
957 180 1020 247 roe

43 335 117 398 lensi
123 335 253 411 Aetolis,
271 337 526 413 quosuomanum
539 351 663 412 quoque
674 336 825 398 adversus
838 351 872 396 se
883 336 1020 398 movisse

42 421 148 481 bellum
168 421 346 482 credebant.
367 420 508 496 ¹protecti
523 419 560 480 ab
575 421 682 500 Dymis
699 420 862 482 coniuncto
884 420 1020 483 exercitu

44 510 193 568 nauseant
213 504 353 565 Larisum
374 520 508 580 amnem,
531 505 583 583 qui
596 505 696 566 Elium
716 520 823 580 agrum
842 521 861 566 a
880 507 1019 582 Dymaeo

44 589 155 648 dirimit
182 588 304 650 XXXII.
320 587 553 666 primumdum,
571 605 633 666 quo
647 587 726 649 lines
741 588 875 651 hostium
889 589 1020 665 ingressi

44 680 115 748 sunl,
128 673 311 750 populando
327 673 572 749 absumpserunt.
593 679 718 749 postero
730 672 780 734 die
793 673 859 734 acie
874 673 1021 735 instructa

45 757 80 815 ad
97 755 201 818 urbem
222 764 420 819 accesserunt
432 757 613 835 praemissis
628 756 797 834 equitibus,
821 758 873 835 qui
891 757 1020 834 obequi-

45 841 129 902 tando
142 848 322 918 promptum
337 842 377 902 ad
394 841 595 905 excursiones
610 857 708 918 genus
724 843 912 902 lacesserent
925 843 1019 903 Aeto-

48 923 143 984 lorum.
175 925 360 1002 ignorabant
374 924 543 1002 Sulpicium
558 942 626 987 oum
645 925 821 1001 quindecim
835 925 966 986 navibus
981 925 1019 986 ab

48 1007 192 1084 Naupacto
206 1010 354 1087 Cyllenen
369 1009 536 1082 traiecisse,
553 1015 583 1070 et
597 1009 746 1086 expositis
761 1008 919 1073 interram
934 1019 1020 1086 quat·

48 1093 236 1154 masinilibus
253 1100 436 1156 armatorum
447 1093 568 1155 silentio
580 1093 689 1169 noctis,
705 1109 744 1154 ne
755 1094 894 1172 conspici
911 1110 1020 1170 agmen

47 1184 151 1252 posset,
172 1177 308 1240 intrasse
321 1178 408 1238 Elim.
439 1178 542 1254 itaque
557 1178 726 1255 improvisu
739 1194 790 1237 res
806 1179 960 1254 ingentem
975 1180 1019 1238 in-

47 1257 109 1318 iecit
121 1266 284 1337 terrorem,
305 1268 471 1338 postquam
485 1263 563 1322 inter
576 1262 705 1324 Aetolos
718 1261 868 1338 Eliosque
882 1263 1021 1323 Romana

49 1343 233 1422 signentque
248 1361 333 1406 arma
348 1361 532 1422 cognovere.
565 1353 595 1406 et
608 1347 707 1423 primo
721 1340 861 1422 racipere
875 1363 951 1408 suos
966 1363 1019 1406 vo-

48 1424 133 1488 luerat
145 1444 216 1501 rax;
239 1429 353 1492 deinde
375 1436 529 1490 contracto
545 1430 605 1490 iarn
625 1430 703 1491 inter
716 1430 845 1490 Aetolos
861 1436 892 1491 et
905 1431 1021 1491 Tralles

49 1539 84 1552 -
95 1511 265 1590 lllyriorum
280 1513 311 1574 id
325 1519 373 1574 est
386 1530 484 1590 genus
502 1549 540 1560 -
556 1515 721 1575 certamine
735 1529 804 1574 cum
819 1515 921 1590 urgeri
936 1515 1021 1576 vide·

49 1600 87 1652 ret
98 1610 178 1672 suos,
200 1605 232 1657 et
246 1598 315 1674 ipse
329 1613 385 1658 rex
400 1613 469 1659 curn
484 1599 620 1674 equitatu
634 1599 666 1658 in
683 1598 840 1661 eohortem
851 1600 1020 1661 Romanam

50 1675 168 1740 incurrit.
200 1681 244 1741 ibi
266 1697 364 1758 equus
379 1682 442 1758 pilo
457 1682 601 1746 traiectus
616 1697 686 1744 cum
699 1684 880 1759 prolapsum
894 1699 950 1759 per
971 1699 1021 1744 ca-

50 1767 206 1840 putregem
227 1765 404 1843 effudisset,
425 1773 513 1827 atrox
527 1783 631 1843 pugna
651 1767 805 1843 utrimque
826 1783 960 1828 accensa
974 1775 1020 1830 est

51 1849 74 1900 et
86 1844 119 1906 ab
132 1847 280 1911 Romanis
295 1851 411 1926 impetu
425 1849 456 1910 in
470 1866 573 1927 regem
588 1852 668 1911 laeto
684 1858 713 1911 et
726 1851 958 1928 protegentibus
973 1867 1018 1912 re·

52 1927 107 1998 giis.
135 1930 265 2008 insignis
281 1941 311 1994 et
326 1933 424 2010 ipsius
438 1951 543 2010 pugna
558 1935 621 2011 luit,
644 1951 712 1994 cum
727 1935 825 2012 pedes
841 1936 920 1996 inter
934 1935 1017 2011 equi·

53 2015 88 2070 tes
107 2023 229 2090 coactus
250 2025 334 2078 esset
352 2019 504 2095 proelium
524 2018 610 2079 inire.
643 2019 729 2092 dein,
753 2035 823 2079 curn
842 2019 903 2078 iarn
923 2019 1018 2095 impar

53 2102 188 2160 certarnen
211 2107 311 2178 esset,
334 2103 540 2178 caderentque
554 2101 635 2164 circa
654 2117 724 2164 eum
738 2103 822 2164 multi
837 2107 867 2162 et
880 2103 1020 2162 vulnera·

52 2186 148 2258 rentur,
161 2192 269 2263 raptus
285 2185 323 2246 ab
338 2187 404 2248 suis
421 2193 514 2263 atque
529 2186 614 2247 alteri
630 2201 710 2262 equo
724 2187 853 2247 iniectus
869 2186 953 2261 lugit.
982 2200 1021 2246 eo

54 2259 94 2320 die
105 2274 201 2330 castra
212 2270 348 2346 quinque
358 2269 442 2335 milia
451 2287 601 2347 passuum
616 2269 655 2330 ab
668 2270 745 2332 rubo
755 2270 892 2332 Eliorum
907 2270 1020 2346 posuit.

54 2354 772 2433 posterodieadcastellum-pyrgumvooanl-
787 2354 896 2430 copias
912 2369 1020 2415 ornnes

55 2429 158 2510 eduxit,
181 2454 242 2514 quo
259 2438 424 2514 agrestium
437 2438 658 2500 multitudinem
673 2455 743 2500 cum
757 2437 923 2515 pecoribus
938 2444 1021 2500 rnetu

56 2517 268 2588 populationum
289 2524 481 2598 compulsam
501 2523 647 2583 audierat.
679 2539 747 2582 eom
769 2522 955 2582 inconditam
976 2522 1021 2582 in-

55 2607 212 2680 ermemque
233 2606 452 2667 mrdtitudinem
473 2607 572 2683 primo
594 2606 694 2667 statim
715 2613 831 2667 terrore
852 2606 1021 2667 adveniens

56 2682 138 2775 repiu
159 2695 476 2766 compensaveratque
497 2706 534 2750 ea
547 2690 665 2766 praeda
681 2691 765 2766 quod
782 2689 967 2765 ignominiae
982 2692 1022 2752 ad

55 2758 118 2824 llm
131 2780 288 2849 acceptum
302 2774 408 2835 luerat„
437 2774 584 2834 dividenti
599 2773 747 2850 praedam
762 2776 966 2850 captivosque
978 2805 1022 2819 -

57 2842 127 2946 luere
146 2863 243 2917 autem
259 2863 402 2933 quattuor
421 2859 503 2918 milia
516 2857 686 2934 hominum,
707 2858 831 2934 pecoris
853 2860 953 2920 omnis
969 2873 1022 2934 ge-

57 2941 123 2996 nens
137 2939 175 3000 ud
189 2941 271 3002 milia
285 2941 447 3019 viginti-
462 2942 584 3003 nuntius
600 2958 639 3002 ex
653 2941 837 3003 Macedonia
852 2943 935 3003 venit
944 2941 1021 3002 Ero-

57 3025 275 3107 linquendum
287 3033 432 3101 corrupto
444 3027 524 3086 areis
535 3026 743 3102 praesidiique
754 3025 1021 3103 praelectoLyoh-

59 3097 146 3164 udum
165 3110 301 3185 cepisse,
322 3118 426 3173 tenere
447 3116 477 3169 et
490 3109 735 3172 Dassaretiorum
751 3111 903 3185 quosdam
923 3108 1020 3183 vicos,

59 3181 243 3278 etbardanos
266 3193 356 3256 etiarn
374 3193 506 3255 concire.
539 3195 655 3255 omisso
671 3195 761 3270 igitur
774 3193 912 3254 Achaico
927 3191 1019 3266 bello,

60 3263 152 3332 relictis
165 3281 263 3337 tamen
279 3276 400 3340 duobus
411 3278 533 3340 milibus
548 3286 579 3339 et
594 3277 766 3354 quingentis
782 3277 882 3338 omnis
897 3274 1020 3351 generis

61 3357 221 3445 limatorum
235 3377 304 3424 cum
317 3361 464 3438 Menippo
480 3367 510 3422 et
523 3361 716 3440 Polyphanta
731 3359 861 3421 ducibus
877 3359 918 3420 ad
933 3373 1020 3435 prae·

61 3429 153 3499 sudium
167 3442 326 3519 sociorum,
350 3447 507 3522 profectus
523 3445 560 3506 ab
572 3446 679 3521 Dymis
694 3459 751 3520 per
760 3442 910 3503 Achaiam
920 3442 1016 3504 Boeo·
