2448 3900
154 233 218 298 are
308 233 423 295 nram
437 231 541 293 xxix.
564 229 647 291 cnr.
662 237 764 292 aare.
786 231 822 306 p.
836 229 985 301 name]

151 385 268 447 bantur.
302 381 476 443 Hasdrubal
491 380 693 442 intentissima
708 377 934 454 conquisitione
949 395 1021 440 cum
1036 380 1079 439 od
1094 379 1141 440 ιιι-

150 471 233 547 ginta
247 467 330 527 milia
344 467 497 543 peditum,
519 466 575 525 tria
589 464 724 542 equitum
739 463 934 536 coniecisset,
959 479 1024 522 nou
1040 469 1144 524 tamen

150 561 220 614 ante
240 552 405 612 adventum
420 547 574 626 Syphacis
593 555 695 608 castra
715 547 846 625 propius
868 548 990 608 hostem
1013 563 1145 609 movere

149 645 197 698 est
217 651 322 696 ausus.
352 633 483 713 Syphax
509 648 578 694 oum
600 631 823 708 quinquaginta
843 631 966 691 milibus
985 631 1143 708 peditum,

150 721 256 781 decem
271 718 406 796 equitum
420 717 553 792 advenit,
574 715 799 791 confestimque
814 716 903 776 motis
919 732 938 774 a
953 714 1144 791 Carthagine

149 805 257 865 castris
273 803 357 863 haud
371 802 478 877 procul
493 801 581 862 Utica
599 799 879 876 munitionibusque
893 800 1046 860 Romanis
1069 815 1144 861 cou-

150 889 237 950 sedit.
267 902 396 962 quorum
411 885 562 946 adventus
576 884 636 944 boc
650 890 752 944 mmen
766 883 911 944 momenti
925 885 1009 973 fecit,
1025 891 1060 944 ut
1077 883 1144 944 Sei-

150 973 211 1050 pio,
227 987 294 1032 curn
309 971 510 1047 quadraginta
524 970 619 1029 terme
633 968 701 1029 dies
716 961 921 1044 nequiquam
921 949 1028 1040 omnia
1042 984 1144 1045 expe

148 1056 229 1117 riens
251 1053 572 1126 obsedissetUticam‚
596 1052 779 1113 abscederet
800 1053 872 1112 inde
893 1053 977 1114 irrito
1001 1053 1144 1129 incepto.

128 1205 133 1214 ,
148 1149 177 1202 et
197 1140 313 1199 —lam
328 1140 408 1199 enim
422 1137 520 1198 hiems
535 1136 668 1198 instabat
690 1169 728 1182 -
751 1143 853 1198 eastra
866 1136 1026 1198 hiberna
1017 1153 1050 1198 m
1068 1153 1145 1214 pro-

147 1224 314 1300 montorio,
343 1222 427 1300 quod
447 1222 530 1284 tenui
550 1223 622 1297 iugo
645 1220 809 1282 continenti
830 1221 1006 1282 adhaerens
1029 1222 1063 1281 in
1089 1223 1144 1282 ali·

148 1317 291 1385 quantum
306 1308 398 1368 maris
413 1306 543 1383 spatium
558 1305 745 1382 extenditur,
770 1307 950 1378 communit;
971 1321 1037 1366 uno
1056 1307 1144 1368 trallo

151 1401 181 1453 et
201 1393 322 1453 navalia
344 1399 444 1452 castra
465 1390 666 1468 amplectitur.
699 1389 771 1466 iugo
787 1389 889 1452 medio
904 1390 1067 1466 legionum
1091 1407 1142 1451 ca·

147 1478 218 1538 stris
239 1477 389 1553 impositis
404 1477 483 1537 latus
505 1477 545 1536 ad
560 1475 808 1552 septemtrionem
822 1491 945 1536 versum
959 1474 1143 1536 subductae

148 1577 243 1621 naves
265 1562 453 1637 navalesque
474 1561 550 1622 socii
570 1559 729 1636 tenebant,
750 1559 949 1620 meridianam
964 1560 1086 1620 vallem
1101 1560 1142 1620 ad

147 1645 274 1704 alterum
294 1645 364 1704 litus
386 1645 550 1720 equitatus.
582 1644 660 1704 haec
680 1643 710 1703 in
724 1645 830 1704 Africa
849 1659 949 1722 usque
969 1645 1013 1704 ad
1034 1651 1129 1704 extre

147 1745 228 1788 mum
242 1730 376 1789 autumni
390 1734 486 1804 gesta.

228 1813 362 1873 XXXVI.
394 1812 518 1873 Praeter
540 1819 720 1874 convectum
745 1811 882 1886 undique
906 1827 946 1872 ex
971 1814 1141 1888 populatis

148 1897 228 1956 circa
242 1896 324 1972 agris
336 1898 517 1957 trumentum
534 1903 783 1972 commeatusque
798 1913 838 1956 ex
850 1895 954 1956 Sicilia
967 1904 1070 1973 atque
1081 1899 1140 1959 lto-
1216 1913 1217 1925 ¹

147 1980 187 2040 lia
201 1982 359 2057 advectos,
382 1981 434 2041 Cn.
448 1981 591 2043 Octavius
608 1987 789 2058 propraetor
804 1997 843 2042 ex
858 1979 1001 2042 Sardinia
1016 1981 1060 2042 ab
1073 1982 1140 2043 Tib.
1215 2021 1216 2033 ι

146 2064 271 2126 claudio
287 2074 444 2142 praetore,
467 2066 553 2127 cuius
570 2082 608 2127 ea
621 2066 781 2142 provincia
795 2072 873 2138 erat,
896 2065 1058 2163 ingentem
1074 2069 1139 2128 vim
1214 2135 1215 2141 ἵ

145 2149 283 2210 frumenti
305 2150 446 2222 advexit,
474 2150 647 2226 horreaque
669 2165 730 2210 non
751 2149 851 2210 solum
872 2165 951 2224 quae
972 2150 1036 2210 iam
1054 2151 1139 2213 lacta
1213 2219 1214 2249 1

146 2240 231 2293 erant
251 2235 383 2310 repleta,
405 2235 462 2294 sed
476 2251 557 2295 nova
577 2234 747 2294 aedificata.
780 2232 963 2294 vestimenta
982 2236 1137 2296 exercitui

146 2323 285 2378 deerant·
307 2317 338 2377 id
354 2319 527 2378 mandatum
543 2318 684 2392 Octavio,
709 2326 743 2378 ut
757 2333 826 2380 curn
846 2325 992 2393 praetore
1014 2329 1135 2395 ageret,
1212 2309 1213 2357 l

144 2399 171 2458 si
192 2401 325 2476 quidex
352 2417 388 2462 ea
410 2403 568 2478 prouincia
588 2403 760 2478 comparari
780 2417 817 2462 ac
838 2401 911 2461 mitti
933 2411 1058 2478 posset.
1100 2421 1137 2464 ea
1211 2405 1212 2465 l

145 2499 268 2560 quoque
288 2484 372 2546 haud
393 2488 527 2562 segniter
548 2494 738 2548 curatores
766 2487 848 2546 mille
869 2487 1023 2548 ducentae
1038 2494 1135 2564 togae
1210 2505 1211 2573 l

144 2565 228 2626 breul
242 2569 343 2643 spatio
358 2576 388 2629 et
403 2569 565 2631 duodecim
580 2570 662 2630 mrlta
676 2569 845 2632 tunicarum
858 2570 964 2630 missa
1209 2611 1210 2679 l

227 2650 352 2711 Aestate
373 2667 424 2726 ea,
448 2655 622 2730 quahaec
614 2670 644 2713 m
659 2655 763 2714 Attica
782 2659 871 2730 gesta
885 2661 969 2727 sunt,
993 2653 1026 2712 P.
1045 2653 1131 2716 Sem·

143 2733 270 2807 pronius
287 2736 403 2811 consul,
426 2738 475 2798 cui
488 2738 593 2799 Bruttii
608 2738 766 2815 provincla
780 2739 891 2810 erat,
882 2754 1005 2814 magro
1022 2737 1133 2800 Croto

142 2815 241 2876 niensi
261 2833 329 2878 eum
343 2819 512 2881 Hannibale
527 2821 557 2881 in
577 2822 647 2899 ipso
670 2823 776 2883 itinere
796 2823 992 2884 tumultuario
1009 2823 1132 2898 proelio

143 2899 288 2964 conflixit.
316 2903 485 2979 agminibus
501 2905 597 2982 magis
615 2923 707 2982 quam
721 2907 787 2966 acie
802 2915 970 2982 pugnatum
986 2915 1047 2967 est.
1069 2907 1131 2967 Ro·
1206 2923 1207 3006 ι

142 2985 221 3044 manl
235 2987 325 3062 pulsi,
346 2993 375 3047 et
389 2990 516 3051 tumultu
528 2990 632 3052 verius
649 3007 740 3067 quam
755 3006 860 3066 pugna
874 2992 914 3050 ad
929 2992 1012 3050 mille
1026 2999 1061 3054 et
1075 2991 1130 3052 du·

142 3067 221 3129 renti
235 3072 274 3132 de
288 3073 422 3134 exercitu
438 3074 573 3135 consulis
592 3075 757 3135 interlecti:
781 3074 812 3133 in
827 3083 929 3134 castra
942 3075 1068 3150 trepide
1082 3091 1129 3134 re·

143 3151 253 3226 ditum;
275 3172 377 3231 neque
392 3172 573 3233 oppugnare
586 3167 687 3218 tamen
703 3174 740 3218 ea
755 3159 861 3219 hostes
877 3158 954 3218 ausi.
989 3165 1129 3220 ceterum

141 3233 261 3296 silentio
273 3241 431 3313 proximae
443 3242 541 3300 noctis
558 3243 713 3316 protectus
729 3243 801 3302 inde
817 3243 934 3316 consul,
949 3243 1128 3318 praemisso

140 3318 244 3377 nuntio
265 3322 306 3380 ad
319 3321 350 3380 P
365 3323 512 3383 Licinium
526 3325 757 3399 proconsulem,
778 3333 812 3384 ιιι
826 3342 900 3386 suas
914 3326 1057 3401 legiones
1073 3327 1127 3385 ad·

141 3409 284 3475 moleret,
307 3405 412 3480 copias
429 3407 595 3468 coniunxit
625 3407 666 3466 ita
681 3409 742 3467 ‹luo
759 3409 870 3482 duces,
892 3409 953 3469 duo
969 3409 1125 3470 exercitus

142 3475 181 3532 ad
190 3477 390 3545 Hannibalem
404 3489 567 3550 redierunt.
595 3505 653 3549 nec
667 3505 754 3550 mora
769 3491 932 3553 dimicandi
948 3491 1124 3564 saetacum
