2466 3900
231 270 234 274 .
263 181 379 244 llsslilt
392 184 486 248 xxv.
509 187 593 250 cur.
609 198 635 256 r.
658 198 695 267 [a.
708 200 739 254 o.
750 202 814 270 ara]
988 202 1031 266 aa

65 346 130 392 esse
142 330 225 393 dixit:
252 336 372 396 senatui
387 338 572 414 scripturum
586 356 631 418 se,
647 345 812 422 omniaque
825 347 866 409 de
880 354 1031 417 sententia

66 421 167 490 patum
180 416 332 478 iacturum
346 434 427 482 esse.
449 437 506 484 eae
519 424 638 487 litterae
649 428 688 488 od
702 445 803 493 novos
815 435 963 496 consules
975 439 1029 498 ad·

62 498 130 558 latae
148 514 183 559 ac
201 515 257 576 per
278 517 336 562 eos
355 503 387 564 in
407 513 518 570 senatu
536 510 681 572 recitatae
695 522 783 585 sunta
804 520 1029 596 consultusque

59 581 92 640 de
105 582 139 642 iis
152 583 254 645 litteris
269 586 314 647 ita
325 587 461 651 decrevit
472 600 607 669 senatus,
623 595 777 674 militibus,
792 600 844 675 qui
856 603 896 662 ad
908 602 1028 666 &anas

58 667 261 730 commilitones
278 687 356 732 suos
371 682 545 750 pugnantes
561 678 780 757 deseruissent,
801 693 939 748 senatum
954 687 1028 749 nihil

56 749 149 810 ridere
170 768 223 812 cur
242 770 295 814 res
311 757 437 832 publica
452 761 669 824 committenda
683 774 775 828 esset.
803 767 831 829 si
844 767 885 830 Μ.
902 770 1028 833 Claudio

56 836 217 906 proconsuli
231 839 322 899 aliter
335 840 501 920 videretur,
518 847 634 908 laceret
648 850 732 924 quod
744 866 761 910 e
773 867 805 913 re
818 853 941 929 publica
952 855 1027 916 lide·

57 932 108 990 que
120 934 171 979 sua
183 920 319 997 duceret,
335 925 409 987 dum
424 943 463 988 ue
478 930 548 1005 quis
563 946 669 992 eorum
684 949 810 996 munere
821 945 952 1012 vacaret,
968 955 1028 1001 neu

57 999 126 1062 dono
144 1004 260 1066 militari
281 1005 404 1070 uirtutis
425 1027 501 1088 ergo
523 1014 703 1092 donaretur,
730 1034 791 1080 neu
804 1019 833 1079 in
848 1021 965 1082 ltaliam
980 1039 1026 1083 re·

56 1090 216 1164 portaretur,
232 1091 337 1154 donec
353 1094 452 1156 bostis
468 1097 499 1156 in
515 1105 595 1159 terra
610 1101 695 1161 ltalia
709 1111 802 1164 esset.

126 1171 244 1234 cornilio
259 1176 376 1237 deinde
390 1195 410 1238 a
423 1189 567 1255 praetore
581 1184 699 1246 urbano
716 1186 892 1248 deseratus
904 1197 1026 1250 senten·

58 1251 94 1310 tia
104 1255 232 1332 plebique
249 1261 335 1322 scitu
349 1269 421 1323 sunt
435 1264 547 1342 habita,
564 1267 677 1342 quibus
689 1269 783 1330 creati
795 1271 1026 1348 suntquinque·

60 1335 107 1395 viri
123 1341 203 1402 nrums
222 1352 254 1404 et
277 1347 415 1408 turribus
436 1350 631 1427 reficiendis,
654 1358 684 1413 et
703 1353 852 1416 triumviri
872 1353 950 1430 bini,
974 1356 1026 1417 uni

58 1422 136 1482 raons
146 1429 368 1501 conquirendis
381 1433 537 1510 donisque
549 1436 775 1512 persignandis,
788 1437 875 1498 alteri
885 1439 1025 1500 relicien-

56 1503 93 1562 dis
106 1509 223 1573 aedibus
238 1513 398 1576 Fortunae
414 1523 445 1577 el
458 1519 564 1582 matris
580 1520 715 1582 Matutae
728 1521 808 1583 intra
821 1528 943 1598 portam
955 1523 1024 1584 Car·

55 1593 206 1670 mantuam,
232 1599 295 1658 sed
317 1606 347 1659 et
367 1601 442 1676 Spei
463 1612 551 1665 extra
571 1613 706 1682 portam,
730 1623 811 1683 quae
824 1608 927 1683 priore
942 1624 1024 1669 anno

55 1670 172 1738 incendio
207 1693 416 1759 consumptae
450 1687 579 1748 fuerant.
608 1723 646 1734 —-
672 1691 884 1766 Tempestates
913 1693 1024 1753 laedae

54 1754 136 1817 luere:
166 1763 195 1820 in
219 1765 347 1828 Albano
373 1777 478 1831 monte
503 1771 630 1834 biduum
654 1775 844 1836 continenter
868 1775 1022 1851 lapidibus

54 1839 138 1911 pluvit.
157 1852 234 1908 tacta
249 1852 292 1910 de
308 1853 395 1914 caelo
410 1855 514 1930 multa,
531 1857 611 1917 duae
626 1858 657 1916 ln
673 1859 822 1934 capitolio
838 1859 943 1933 aedes,
958 1861 1023 1918 val·

52 1923 99 1982 lum
112 1925 138 1986 in
153 1934 260 1994 castris
274 1937 378 1996 multis
391 1938 469 2000 locis
481 1955 579 2016 supra
591 1939 782 2016 Suessulam,
798 1949 828 2003 et
839 1941 901 2002 duo
914 1941 1023 2015 vigiles

52 2011 200 2074 exanimati.
236 2035 346 2082 murus
373 2029 538 2100 turresque
565 2025 716 2100 quaedam
740 2026 839 2096 Cumis
861 2041 923 2085 non
945 2025 1022 2120 ictae

53 2093 124 2157 uodo
144 2098 323 2165 fulminibus
345 2108 403 2185 sed
424 2108 516 2168 etiam
538 2109 700 2170 decussae.
734 2111 831 2171 Reate
851 2123 962 2168 saxum
977 2122 1021 2165 m·

51 2187 110 2245 itus
123 2181 220 2246 visum
233 2189 372 2265 volitare,
389 2193 437 2253 sol
449 2193 562 2253 rubore
573 2194 664 2258 solito
677 2193 774 2268 magis
787 2191 1021 2288 sanguineoque

53 2258 147 2324 similis.
165 2267 277 2332 horum
292 2275 505 2350 prodigiorum
521 2293 618 2339 causa
632 2278 712 2338 diem
727 2293 822 2338 unum
836 2276 1020 2350 supplicatio

52 2341 106 2414 luia
127 2358 154 2408 et
175 2366 230 2428 per
252 2357 372 2433 aliquot
393 2360 461 2420 dies
482 2363 629 2422 consules
649 2361 743 2421 rebus
765 2357 877 2421 divinis
893 2373 1019 2454 operam

53 2424 195 2507 dederunt;
219 2448 249 2501 at
265 2458 323 2516 per
337 2444 467 2504 eosdem
482 2444 550 2505 dies
566 2461 690 2506 sacrum
704 2443 897 2505 novemdiale
912 2442 977 2502 fult.
996 2524 1004 2539 ·

118 2516 186 2580 Cum
200 2524 437 2587 Tarentinorum
455 2529 587 2590 delectio
603 2529 663 2590 iam
677 2529 730 2589 diu
745 2528 819 2589 etin
834 2543 892 2602 spe
905 2527 1018 2621 Hanni·

52 2589 141 2662 bullat
160 2605 189 2664 ia
210 2611 394 2684 suspicione
409 2613 559 2672 Romanis
581 2618 680 2684 esset,
703 2628 800 2674 eausa
812 2613 891 2674 lorte
906 2616 1017 2705 extrin-

53 2689 125 2767 secus
139 2695 339 2755 maturandae
354 2696 422 2756 eius
437 2696 609 2758 intervenit.
635 2696 756 2758 Phileas
771 2695 950 2790 Tarentinus
966 2693 1018 2788 diu

52 2775 98 2822 iam
110 2783 161 2842 per
175 2778 314 2851 speciem
329 2780 492 2855 legationis
505 2781 622 2842 Romae
637 2796 707 2840 cum
722 2784 814 2851 esset,
829 2779 877 2837 vir
892 2783 1017 2872 mquretr

54 2846 126 2910 animi
139 2863 167 2918 et
180 2861 304 2923 minime
324 2864 435 2939 otium,
458 2880 521 2940 quo
542 2872 607 2925 tum
621 2865 737 2925 diutino
754 2876 919 2923 senescere
932 2859 1016 2918 vule-

54 2925 132 3010 batur,
147 2944 298 3022 patientis,
315 2947 431 3010 aditum
443 2948 502 3010 sibi
514 2950 555 3008 ad
566 2947 693 3010 obsides
703 2944 882 3008 Tarentinos
898 2941 1015 3039 etTlru·

54 3009 121 3077 riuos
139 3023 260 3091 invenit.
294 3033 550 3094 custodiebantur
570 3033 600 3092 in
623 3032 699 3093 atrio
717 3030 878 3090 Libertatis
899 3039 1016 3086 minore

55 3108 125 3178 ΝΜ,
144 3112 213 3184 quia
232 3131 291 3176 nec
306 3116 384 3192 ipsis
400 3133 458 3178 nec
475 3117 647 3177 civitatibus
664 3131 770 3177 eorum
785 3113 890 3209 lallare
905 3111 1014 3169 Roma·

55 3192 99 3241 ¹¹0⁸
120 3197 307 3268 expediebat
328 3199 400 3262 ,hos
423 3201 540 3262 crebris
562 3199 726 3274 colloquiis
747 3197 925 3287 sollrcrtatos
947 3203 1012 3248 cor·

57 3269 132 3339 rullis
146 3279 271 3344 aedituis
288 3284 412 3346 duobus
428 3301 498 3346 cum
515 3283 619 3359 primis
634 3281 769 3343 tenebris
785 3275 925 3370 custodia
940 3270 1014 3330 edu·

58 3345 148 3431 Xi⁸⁸0b
166 3360 233 3438 ipso
252 3384 360 3430 comes
383 3369 494 3430 occulti
516 3367 632 3428 itineris
654 3367 752 3426 lactus
769 3359 910 3454 profugit.
945 3355 1013 3413 luce

60 3432 134 3500 1³st¹⁰ss
151 3449 269 3526 vulgata
290 3469 349 3530 per
369 3453 477 3514 urbem
497 3454 569 3528 iuga
590 3458 651 3523 est,
674 3447 821 3521 missique
836 3457 888 3518 qur
903 3453 1011 3515 seque·
