2448 3900
186 245 310 306 LtBltR
323 245 429 305 xllx.
451 247 533 306 cnr.
548 257 592 309 aa.
608 256 651 310 aa.
675 255 712 322 [a.
727 255 760 307 c.
775 255 856 320 roe]¹
943 249 1005 314 307

14 395 76 457 toni
98 396 223 457 malim.
261 397 382 458 Coelius
397 408 431 458 ut
451 398 584 459 abstinet
598 415 741 476 numero,
763 402 805 460 ita
820 403 860 461 ad
880 401 1006 464 immen-

14 497 69 543 um
90 480 306 542 multitudinis
320 481 457 557 speciem
478 491 583 558 auget:
606 485 750 544 volucres
765 485 806 545 ad
826 493 938 546 terram
953 487 1005 546 de-

14 582 108 643 apsas
135 566 283 625 clamore
306 565 431 626 militum
458 566 513 641 ait,
541 575 632 642 atque
651 575 765 628 tantan
786 569 1007 630 multitudinem

14 649 240 711 :onscendisse
263 665 375 724 naves,
397 657 430 710 ut
444 665 534 712 nemo
549 653 720 712 mortalium
741 654 838 714 autin
854 654 941 714 ltalia
955 665 1007 716 aut

14 753 31 794 n
46 733 156 796 Sicilia
170 733 311 808 relinqui
326 733 491 794 videretur.

85 818 207 878 Milites
231 825 268 878 ut
285 833 383 878 naves
406 819 514 878 ordine
536 835 573 878 ac
588 819 654 878 sine
668 821 794 880 tumultu
817 823 1005 882 conscende

14 910 84 977 ent,
108 903 183 978 ipse
207 917 280 962 eam
295 902 355 962 sibi
376 917 480 962 curam
495 897 637 979 sumpsit.
669 903 809 965 nauticos
826 906 857 965 c.
872 905 1003 979 Laelius,

14 989 56 1062 qui
71 987 189 1047 classis
206 987 387 1062 praelectus
403 993 477 1059 erat,
497 986 529 1045 in
542 987 684 1060 navibus,
707 995 777 1048 ante
792 989 1004 1050 conscendere

14 1078 149 1146 nactos,
175 1071 340 1132 continuit.
373 1077 562 1131 commeatus
583 1072 762 1147 imponendi
776 1071 816 1132 M.
831 1073 1003 1149 Pomponio

14 1155 142 1230 praetori
158 1171 240 1216 cura
255 1156 341 1215 data:
365 1155 501 1230 quinque
522 1161 553 1215 et
572 1156 775 1232 quadraginta
790 1154 908 1216 dierum
923 1157 1004 1217 ciba·

14 1239 57 1314 ria,
73 1255 90 1298 c
107 1239 228 1315 quibus
242 1239 418 1316 quindecim
430 1238 548 1299 diemm
564 1246 660 1312 cocta,
676 1239 830 1316 imposita.
852 1247 886 1302 ut
897 1257 1004 1302 omncs

14 1326 65 1382 lam
79 1325 110 1383 in
125 1322 265 1385 navibus
281 1331 374 1398 erant,
397 1323 531 1399 scaphas
547 1324 750 1398 circummisit,
772 1333 806 1386 ut
820 1341 859 1384 ex
873 1325 1004 1386 navibus

14 1407 299 1484 gubernatoresque
320 1415 350 1469 et
363 1407 501 1483 magistri
515 1408 638 1470 navium
660 1416 689 1468 et
702 1408 766 1468 bini
780 1410 889 1470 milites
911 1409 942 1470 in
958 1411 972 1470 l
988 1443 1003 1468 ,-

14 1509 75 1554 runa
89 1493 299 1554 convenirent
319 1493 360 1552 ad
374 1493 503 1568 imperia
523 1492 713 1569 accipienda.
748 1501 915 1570 postquam
931 1509 1004 1555 con·

14 1584 175 1652 venerunt,
200 1578 335 1655 primum
350 1577 442 1637 abiis
457 1577 625 1654 quaesivit,
647 1578 675 1637 si
696 1594 808 1652 aquam
828 1576 1003 1647 hominibus

14 1661 223 1738 iumentisque
245 1663 276 1722 in
297 1661 424 1722 totidem
446 1662 513 1722 dies
537 1670 613 1738 quot
633 1664 815 1723 frumentum
836 1663 1003 1740 imposuis-

16 1753 87 1805 sent.
118 1746 175 1806 ubi
196 1743 427 1822 responderunt
448 1762 567 1822 aquam¹
583 1747 699 1807 dierum
722 1747 858 1824 quinque
878 1754 909 1807 et
927 1763 1002 1823 qua-

16 1829 150 1904 draginta
161 1831 194 1890 in
208 1831 342 1893 navibus
357 1845 437 1906 esse,
452 1840 515 1892 tum
531 1831 626 1892 edixit
637 1831 791 1906 militibus,
806 1840 840 1892 ut
851 1831 1003 1892 silentium

19 1913 105 1988 quieti
131 1916 239 1976 nautis
263 1916 331 1976 sine
351 1914 516 1976 certamine
541 1917 582 1974 ad
606 1915 774 1976 ministeria
801 1915 1004 1989 exsequenda

19 1997 90 2056 bene
106 1999 292 2060 obedientes
307 2007 508 2076 praestarent.
548 2015 617 2060 oum
632 2000 739 2076 viginti
753 1998 894 2058 rostratis
915 2014 950 2058 se
966 2013 1003 2057 ac

17 2080 47 2137 L.
61 2081 241 2159 Scipionem
256 2084 294 2144 ab
310 2084 418 2145 dextro
436 2099 540 2156 cornu,
555 2086 686 2159 laevum,
701 2083 828 2143 totidem
843 2089 1001 2155 rostratas,

19 2172 45 2222 et
64 2165 95 2224 c.
108 2167 255 2230 Laelium
275 2169 463 2244 praefectum
486 2168 595 2229 classis
616 2183 685 2228 cum
704 2166 746 2226 M.
759 2167 867 2228 Porcio
889 2167 1003 2227 Catone

19 2279 56 2292 -
76 2261 225 2324 quaestor
239 2254 266 2313 is
281 2259 345 2313 tum
360 2249 428 2314 erat
444 2285 488 2296 -
509 2253 657 2314 onerariis
679 2253 812 2313 futurum
833 2250 1001 2327 praesidio.

21 2334 126 2399 luninu
139 2337 172 2396 in
187 2337 319 2398 navibus
335 2337 455 2412 singula
467 2344 627 2412 rostratae,
648 2335 721 2397 bina
736 2337 895 2398 onerariae
907 2333 1001 2394 habe-

21 2427 94 2478 rent=
110 2421 141 2481 in
156 2424 313 2499 praetoria
327 2437 407 2482 nave
422 2421 543 2500 insigne
557 2429 739 2483 nocturnum
750 2420 840 2481 trium
854 2420 1030 2484 luminum·

23 2500 91 2562 lore.
121 2505 269 2584 Emporia
282 2513 315 2567 ut
330 2512 482 2582 peterent,
504 2504 760 2580 gubernatoribus
782 2503 886 2564 edixit.
909 2502 1002 2562 ‘lerti-

24 2583 151 2650 lssimus
172 2607 262 2666 ager,
285 2606 386 2666 eoque
407 2590 569 2650 abundans
585 2590 719 2651 omnium
735 2588 825 2664 copia
838 2604 939 2648 rerum
954 2594 1002 2647 est

25 2671 110 2748 regio,
131 2682 162 2734 et
176 2675 331 2748 imbelles,
356 2675 441 2750 quod
455 2675 637 2750 plerumque
651 2675 682 2734 in
696 2673 785 2734 uberi
799 2685 874 2747 agro
891 2671 1001 2744 evenit,

26 2753 137 2817 barbari
162 2766 250 2830 sunt3
282 2759 433 2835 priusque
457 2773 549 2834 quam
571 2758 752 2832 carthagine
779 2756 1000 2828 subveniretur,

25 2841 148 2913 opprimi
167 2843 350 2903 videbantur
370 2857 476 2917 posse.
509 2842 547 2901 iis
570 2842 661 2902 editis
681 2840 817 2917 imperiis
838 2841 940 2901 redire
961 2840 1001 2898 ad

27 2935 114 2984 naves
137 2925 229 3001 iussi,
258 2936 288 2987 et
307 2934 433 3003 postero
456 2925 507 2986 die
528 2926 594 2986 deis
615 2927 696 2986 bene
715 2924 890 2987 iuvantibus
912 2922 1001 2998 signo

27 3002 89 3066 dato
104 3010 345 3071 solverenaves.
585 3087 586 3090 Ἴ

102 3091 210 3154 XXVI.
237 3094 350 3155 Multae
364 3094 483 3156 classes
497 3096 654 3155 Romanae
669 3109 687 3152 e
701 3092 805 3154 Sicilia
824 3099 917 3166 atque
930 3090 1001 3165 ipso

26 3168 72 3232 illo
93 3185 182 3251 portu
202 3181 361 3254 proiectae
383 3186 484 3250 erant;
509 3187 642 3240 cetenun
662 3194 724 3236 non
745 3192 784 3236 eo
798 3175 879 3235 bello
902 3174 1002 3234 solum
1082 3225 1086 3234 .

29 3286 66 3301 κ
82 3275 137 3320 nec
157 3263 189 3322 id
208 3264 332 3325 mirum:
354 3265 533 3340 praedatum
554 3262 633 3322 enim
654 3258 863 3322 tantummodo
882 3258 1000 3333 plerae-

30 3354 83 3412 que
97 3345 211 3408 classes
226 3347 325 3408 ierant
338 3381 381 3391 -
395 3347 505 3408 sedne
519 3347 623 3423 priore
636 3345 760 3422 quidem
773 3344 835 3402 ulla
849 3341 999 3418 proiecdo

30 3427 94 3485 tanti
115 3433 280 3507 spectaculi
302 3431 371 3492 luit:
395 3447 594 3508 quamquam,
617 3431 645 3491 si
659 3427 866 3508 magnitudine
882 3427 1000 3486 classes

30 3511 212 3594 aestimares,
235 3525 265 3578 et
284 3517 348 3578 bini
369 3517 511 3577 consules
533 3531 601 3576 cum
620 3513 700 3574 binis
723 3510 908 3572 exercitibus
930 3517 1000 3568 ante

738 3597 796 3658 20*
