2448 3900
173 231 237 298 302
324 232 440 294 LIBER
454 231 559 292 XXIX.
581 234 665 291 CAP.
680 239 723 292 20.
736 241 780 292 21.
801 232 837 309 [e.
851 237 884 288 U.
899 254 922 288 c.
935 233 998 308 548]

172 385 280 448 decem
301 383 392 460 legati
417 381 641 458 comperissent
661 397 762 456 neque
781 381 869 443 iussu
883 397 987 459 neque
1000 384 1155 445 voluntate

170 469 202 530 P.
221 467 379 543 Scipionis
394 482 432 526 ea
447 467 528 527 laeta
543 481 632 541 esse,
648 473 679 527 ut
693 467 734 526 ad
748 467 917 528 exercitum
931 466 1038 543 Scipio
1054 483 1155 526 mane

169 560 225 628 ret,
239 553 416 626 bellumque
430 557 464 612 ut
477 551 695 626 proposuisset
707 558 837 625 gereret.
858 551 919 612 hoc
933 551 1015 612 lacto
1031 559 1155 612 sanabis

171 638 312 699 consulto
334 651 402 696 cum
425 634 555 696 tribunis
570 635 668 710 plebis
684 642 862 708 actumst,
882 641 916 695 ut
931 641 1155 712 compararent

170 721 222 797 qui
237 721 299 781 duo
315 735 383 780 cum
399 725 543 796 praetore
556 734 594 780 ac
606 718 715 794 legatis
730 719 824 789 irent;
845 721 886 780 ad
901 721 1069 796 collegium
1085 737 1153 795 pon·

170 805 282 866 tilicuru
301 806 430 866 relatum
450 810 498 865 est
519 803 558 864 de
578 803 755 878 expiandis,
779 819 860 880 qaae
872 805 979 865 Locris
995 804 1027 864 in
1044 806 1155 880 templo

169 887 374 964 Proserpinae
398 893 479 948 tacta
503 888 616 948 violata
637 889 779 963 elataque
798 887 871 947 inde
893 894 1008 949 essent.
1046 889 1156 950 tribuni

170 973 268 1048 plebis
283 987 352 1034 cunr
366 979 510 1048 praetore
524 977 554 1032 et
568 972 675 1032 decern
689 971 797 1046 legatis
813 971 942 1047 proiecti
954 973 996 1032 Μ.
1011 973 1155 1034 Claudius

168 1057 330 1118 Marcellus
352 1063 382 1118 et
397 1056 436 1114 M.
453 1055 576 1116 Cincius
591 1055 771 1117 Alimentus.
810 1053 917 1117 aedilis
935 1055 1040 1133 plebis
1057 1059 1156 1131 datus,

169 1157 274 1217 quem,
295 1142 322 1202 si
345 1148 397 1202 aut
417 1139 448 1199 in
463 1137 569 1200 Sicilia
588 1140 723 1214 praetori
744 1139 826 1201 dicto
847 1141 976 1202 audiens
992 1157 1060 1202 non
1076 1149 1156 1204 esset

168 1225 271 1300 Scipio
294 1231 346 1286 aut
366 1225 426 1286 iarn
447 1224 478 1284 in
497 1223 633 1284 Africam
656 1223 842 1300 traiecisset,
868 1226 1021 1300 prendere
1044 1225 1156 1288 tribuni

167 1309 316 1385 iuberent,
328 1325 365 1370 ac
375 1307 442 1370 iure
454 1316 674 1370 sacrosanctae
685 1307 846 1385 potestatis
857 1310 1054 1372 reducerent.
1070 1310 1155 1388 prius

169 1393 282 1455 Locros
297 1394 341 1454 ire
358 1410 449 1470 quam
463 1393 640 1454 Messanam
656 1393 817 1454 consilium
831 1400 906 1454 erat

249 1477 326 1540 XXI.
350 1477 489 1540 Ceterum
511 1478 626 1553 duplex
641 1476 797 1552 inanest,
821 1478 905 1553 quod
919 1477 960 1538 ad
972 1477 1155 1540 Pleminium

166 1561 299 1624 attineat
321 1561 380 1634 alii,
397 1561 509 1623 auditb
525 1577 605 1638 quae
618 1563 735 1624 Romae
749 1567 817 1622 aeta
831 1569 946 1635 essent,
962 1561 994 1623 in
1009 1563 1155 1624 exsilium

166 1645 325 1720 Neapolim
346 1653 468 1706 euntem
489 1646 568 1707 iorte
582 1646 612 1707 in
629 1646 662 1720 Q.
677 1646 845 1720 Metellum,
867 1662 962 1707 unum
976 1663 1016 1708 ex
1032 1648 1154 1723 legatis,

166 1729 313 1788 incidisse
333 1735 364 1788 et
384 1730 422 1790 ab
445 1731 626 1805 collegium
646 1730 676 1790 vi
696 1738 858 1792 retractum
880 1731 1017 1803 uadunt3
1050 1732 1105 1792 alii
1119 1733 1154 1792 ab

166 1813 235 1888 ipso
252 1812 398 1888 Scipione
418 1815 552 1888 legatum
574 1831 643 1875 cum
665 1814 784 1890 triginta
799 1814 999 1877 nobilissimis
1014 1817 1154 1892 equitum

165 1896 308 1970 missum,
331 1897 383 1973 qui
403 1897 581 1959 Pleminium
603 1899 633 1958 in
655 1907 779 1960 catenas
801 1905 832 1976 et
851 1917 921 1960 cum
935 1915 973 1962 eo
987 1900 1152 1962 seditionis

165 1981 322 2057 principes
344 1981 528 2044 conicerent.
561 1981 582 2042 ii
603 1999 725 2056 omnes,
749 1990 896 2045 sanante
917 1983 1077 2060 Scipionis
1100 2001 1153 2048 sea

164 2071 228 2126 tum
244 2066 394 2141 praetoris
409 2065 507 2142 iussu,
522 2067 623 2128 traditi
638 2067 669 2127 in
684 2068 855 2129 custodiam
865 2067 1002 2142 Reginis.
1024 2076 1153 2143 praetor

164 2150 318 2226 legatique
332 2150 450 2211 Locros
465 2150 595 2226 proiecti
611 2152 755 2226 primam,
776 2150 866 2212 sicuti
880 2152 1062 2213 mandatum
1078 2159 1151 2228 erat,

164 2233 320 2308 religionis
347 2249 451 2294 euram
475 2235 626 2296 habuere=
660 2251 780 2296 omnem
802 2237 883 2296 enim
908 2252 1031 2297 sacram
1054 2253 1150 2313 pecu·
1211 2245 1212 2306 l

164 2316 254 2392 niam,
265 2333 408 2395 quaeque
422 2321 688 2396 apudPlemlnium
701 2336 835 2396 quaeqae
849 2320 933 2396 apud
947 2321 1058 2382 milites
1072 2327 1150 2394 erat

165 2401 383 2478 conquisitam,
403 2408 433 2464 ct
452 2420 541 2479 paam
556 2402 616 2479 ipsi
631 2419 737 2464 secunr
751 2407 925 2479 attulerant,
947 2405 978 2464 in
993 2405 1149 2466 thesauris
1211 2403 1212 2460 i

163 2494 377 2562 reposuerunt,
398 2502 435 2546 ac
449 2488 607 2563 piaculare
620 2503 742 2548 sacrum
757 2487 904 2549 iecerunt.
939 2494 1002 2548 tum
1016 2497 1148 2550 vocatos
1211 2521 1212 2544 .

163 2570 203 2630 ad
225 2571 408 2632 contionem·
419 2572 528 2632 milites
550 2579 675 2646 praetor
695 2571 784 2647 signe
805 2580 891 2634 extra
912 2575 1020 2634 urbem
1036 2573 1149 2636 offerre
1211 2629 1212 2662 ἦ

163 2653 255 2726 iubet,
272 2661 436 2728 castraque
450 2656 481 2713 in
497 2671 606 2730 campo
620 2651 711 2730 locat,
728 2672 797 2718 cum
811 2657 898 2731 gravi
909 2657 1020 2731 edicto,
1037 2658 1146 2733 siquis
1211 2669 1212 2680 ¹

163 2735 250 2796 miles
273 2744 325 2796 aut
344 2739 373 2796 in
394 2736 470 2798 urbe
490 2739 667 2813 restitisset,
689 2746 741 2801 aut
758 2743 786 2800 si
804 2742 879 2816 qaid
899 2757 1005 2803 secum
1020 2742 1146 2802 extulis-

163 2826 225 2880 set=
253 2820 459 2881 Locrensibus
485 2837 521 2882 se
545 2825 734 2898 permittere,
759 2832 806 2896 ut,
837 2825 921 2900 quod
941 2826 991 2886 sui
1013 2827 1146 2902 quisque
1211 2869 1212 2898 ,

163 2913 339 2979 cognosset,
362 2904 535 2981 prenderet,
558 2908 674 2983 siquid
690 2925 751 2968 non
769 2915 970 2985 compareret,
986 2909 1144 2970 indicaret.

162 2995 232 3050 ante
247 2989 349 3050 omnia
362 2990 458 3049 libera
473 3006 606 3067 corpora
620 2993 743 3067 placere
758 2993 825 3052 sine
840 3009 926 3052 mora
936 2993 1144 3054 Locrensibus

161 3073 295 3134 restitui:
318 3090 379 3135 non
395 3075 455 3134 levi
473 3076 686 3136 defuncturum
698 3092 800 3151 poena
811 3078 863 3153 qui
875 3093 936 3138 non
947 3079 1141 3138 restituisset.

160 3157 359 3218 Locrensium
377 3159 488 3220 deinde
503 3159 677 3220 contionem
691 3159 803 3233 habuit,
819 3169 911 3236 atque
926 3161 963 3221 iis
974 3160 1143 3222 libertatern

161 3241 309 3316 legesque
323 3259 398 3302 suas
417 3247 566 3319 populum
580 3246 751 3304 Romanum
765 3253 968 3320 senatumque
980 3247 1142 3306 restituere

162 3323 246 3384 dixit.
282 3326 308 3384 si
323 3327 375 3401 qui
389 3327 567 3387 Pleminium
582 3327 714 3386 aliumve
728 3343 876 3388 accusare
890 3331 995 3400 vellet,
1014 3330 1140 3404 Regium

162 3421 197 3464 se
212 3419 409 3482 sequeretur;
431 3412 459 3470 si
474 3411 513 3469 de
527 3410 559 3468 P.
572 3409 716 3484 Scipione
731 3410 853 3485 publice
868 3413 954 3487 queri
968 3414 1091 3487 vellent,
1106 3426 1141 3471 ea

164 3503 243 3560 quae
266 3490 373 3550 Locris
399 3494 515 3552 nelarie
540 3491 571 3551 in
592 3493 668 3552 deos
693 3493 895 3570 hominesque
921 3495 1002 3556 iacta
1027 3502 1140 3570 essent
