2448 3900
135 209 139 215 k
243 135 360 197 LIBER
373 134 463 195 XXX.
487 134 570 194 cni.
585 143 628 196 no.
640 144 684 196 21.
707 140 743 208 [a.
760 139 792 197 e.
807 139 871 207 noe]
988 131 1052 198 etti

38 299 127 352 tum
138 287 268 350 milibus
281 293 464 348 armatorum
479 287 519 346 ad
529 287 769 347 Trasumennum
784 295 836 347 eut
847 288 973 350 Cannas
982 301 1052 349 aaa·

42 376 106 435 sis
124 373 210 434 eirea
217 371 384 432 Casiiinum
394 370 567 446 Cumasque
583 369 725 431 etNoiam
741 373 953 444 eonsenuisse.
974 373 1052 432 haee

41 473 221 518 -aeeusans
243 469 437 531 querensque
458 466 501 514 etr
518 455 640 514 diutina*
655 455 859 530 possessione
879 456 988 516 Italiae·
1004 462 1053 516 est

45 543 233 602 detfflssiust
273 565 276 568 ’

151 623 231 683 xiii
260 624 390 684 Romana
405 637 460 698 per
475 622 603 683 eosdem
620 621 692 682 dies
703 628 732 682 et
744 621 908 696 Masonem
927 622 1053 682 otiien-

51 705 374 782 nibaietnvproieotos
390 707 524 766 edietum
538 713 594 766 ests
627 706 718 767 ouius
730 706 862 780 dupiiois
877 706 1052 782 gratulatio-

53 790 117 850 nis
128 790 236 852 minuit
250 791 393 851 laetitiam
408 797 437 850 et
450 789 534 865 quod
548 791 762 866 paromduees
777 790 808 848 in
821 789 989 850 retinendis
1003 790 1055 863 iis,¹

55 889 139 934 cuni
153 874 192 933 id·
200 875 374 935 mandatum
389 873 427 934 ab
443 880 560 935 senatu
573 881 673 948 assett
695 880 746 933 eut
766 874 866 933 animi*
878 881 930 933 eut
943 873 1053 933 virium

55 957 218 1018 habuisse
238 959 435 1034 videbantur,
457 958 593 1032 eoquod
615 956 735 1018 solliciti
758 965 858 1030 eram,
882 957 963 1017 omni
981 955 1054 1017 beili

57 1042 154 1102 mole
164 1042 304 1103 inunum
326 1042 676 1117 erardum-ducemque
690 1041 837 1102 ineiinate
848 1056 909 1116 quo
923 1057 1054 1101 evasura

58 1132 228 1186 essetres.
250 1141 307 1202 per
322 1127 451 1187 eosdem
458 1127 530 1187 dies
540 1126 630 1200 legati
637 1125 795 1200 Saguntini
810 1131 959 1186 venerunt
971 1139 1052 1184 eom·
1078 1151 1080 1162 ·

60 1211 639 1287 prensosoumneeuniaaddneentas
655 1209 931 1284 Carthaginienses,
947 1209 998 1285 qui
1013 1208 1053 1268 ad

60 1293 403 1355 conducendaauxiiia
417 1294 447 1354 in
461 1293 857 1370 iiispeniarndreieoissent
879 1294 1011 1354 dueenta
1024 1297 1055 1352 et

63 1378 296 1454 quinquaginta
317 1379 393 1454 auri,
415 1378 708 1455 octingentepondo
724 1378 841 1453 argerui
854 1377 886 1436 in
901 1376 1053 1437 vestibulo

65 1460 178 1522 euriae
191 1469 371 1538 posuerunt.
392 1463 568 1524 hominibus
581 1463 719 1538 senentis
733 1462 764 1520 in
780 1477 934 1522 eaucerem
949 1459 1054 1520 eondi-

66 1545 121 1620 tis,
145 1561 219 1607 euno
235 1554 427 1623 argentoque
437 1547 567 1621 reddito,
587 1548 703 1622 gratiae
718 1546 828 1622 legatis
845 1553 940 1619 aetas,
963 1551 1054 1618 atque

66 1630 201 1704 insuper
221 1632 433 1692 muneradnta
447 1645 485 1690 ee
505 1647 616 1706 neves,
640 1630 752 1705 quibus
767 1631 798 1690 in
814 1629 1053 1705 Hispaniamre-

67 1713 264 1774 venerentur.
285 1715 397 1775 mentio
411 1713 523 1775 deinde
538 1714 576 1774 ab
592 1714 764 1775 senioribus
777 1715 856 1774 faeta
870 1712 1053 1788 est-segnius

68 1796 409 1873 hominesbonaquem
423 1798 639 1858 maiasentire.
662 1799 791 1858 transitu
806 1797 962 1857 initaiiam
972 1797 1054 1855 Han·

69 1879 184 1940 nibalis
198 1887 342 1956 quantun
352 1883 477 1943 terroris
489 1881 677 1957 pavorisque
688 1880 1055 1952 essemenninissesques
1089 1935 1091 1942 ,

72 1963 186 2025 deinde
200 1965 315 2040 eludes,
331 1981 411 2041 quos
426 1966 527 2026 luetus
541 1965 703 2026 incidisse!
724 1964 793 2023 visa
808 1970 909 2024 eastra
922 1962 1055 2024 hostiurn

70 2063 90 2106 e
116 2048 210 2122 muris
235 2049 336 2110 urinis:
373 2063 453 2123 quae
475 2055 546 2109 vota
570 2049 759 2124 singulorum
781 2047 1056 2120 universorumque

73 2130 188 2192 inisset
204 2133 346 2206 quotiens
361 2133 391 2192 in
407 2132 544 2194 eoneiiiis
559 2147 655 2192 voees
671 2147 779 2192 manus
795 2131 836 2190 ed
851 2131 968 2190 eaelum
984 2146 1054 2206 por

72 2215 234 2289 rigentium
249 2216 378 2292 audites,
394 2233 432 2276 en
446 2231 591 2293 umquem
605 2216 658 2276 ilie
671 2217 737 2276 dies
752 2216 870 2277 futurus
885 2221 977 2289 esset,
993 2230 1055 2288 quo

72 2313 203 2358 vaeuein
223 2299 494 2362 hostibusltaiienn
515 2301 606 2360 bona·
619 2316 696 2376 paee
716 2298 875 2359 florentem
889 2298 986 2358 visuri
1007 2312 1056 2356 es·

74 2390 158 2442 sent!
175 2383 301 2444 dedisse
315 2385 349 2444 id
357 2385 437 2445 deos
450 2385 574 2448 tandem
588 2383 809 2444 sextodecimo
822 2383 942 2443 demum
957 2395 1055 2450 annos

76 2481 135 2526 nee
149 2482 229 2541 esse,
252 2468 304 2543 qui
318 2469 388 2529 deis
401 2474 504 2544 gretes
518 2469 656 2544 agendas
671 2472 831 2528 eenseent=
853 2468 933 2528 adeo
947 2481 987 2525 ne
1001 2465 1056 2524 ad·

75 2550 387 2626 venientemqudern
402 2551 823 2628 gratiamhomines-benigne
837 2551 987 2626 accipere,
1003 2564 1055 2608 ne-

77 2635 150 2694 dum
175 2635 215 2696 od
239 2636 420 2710 praeteritae
446 2636 531 2718 satis
545 2652 703 2697 memores
723 2636 794 2696 sint.
836 2634 1056 2696 conclamatum

77 2717 194 2778 deinde
209 2735 250 2778 en
269 2721 351 2780 omni
371 2726 458 2796 parte
479 2721 590 2781 euriae
603 2727 674 2794 est,¹
693 2721 745 2780 nti
757 2719 884 2780 referret
903 2718 935 2778 P.
949 2717 1057 2779 Aetius

79 2808 215 2876 praetore
238 2803 468 2879 decretumque,
489 2804 673 2880 ut³qunqua
688 2803 852 2864 disseirea
870 2803 971 2864 omnia
991 2802 1058 2878 puk

79 2885 196 2946 vinaria
214 2888 444 2964 supplicaretur*
457 2889 660 2964 victimaeque
679 2887 811 2948 maiores
831 2887 1059 2948 immolarentur

80 2977 198 3030 eentum
210 2970 326 3045 viginti.

162 3054 226 3114 iant
245 3054 373 3116 dimisso
387 3056 491 3116 Laelio
513 3056 688 3130 legatisque
698 3055 882 3115 Mainissee
903 3067 972 3114 oum
987 3052 1057 3112 car-

82 3137 313 3214 thaginiensium
327 3139 445 3214 legatos
461 3139 501 3200 de
517 3153 594 3215 paee
615 3139 655 3199 ad
670 3145 808 3198 senatum
827 3137 986 3196 venientes
1001 3135 1058 3195 Pu·

84 3222 169 3284 teoiis
181 3221 284 3296 visos,
306 3223 379 3283 inde
392 3229 473 3283 terra
486 3231 635 3284 venturos
649 3223 785 3282 adlatum
799 3227 896 3296 esset,
917 3219 1056 3281 revocari

84 3305 115 3366 c.
125 3305 258 3366 Laelium
271 3307 393 3382 placuit,
409 3314 443 3368 ut
457 3323 558 3368 eoram
575 3321 612 3367 eo
627 3307 668 3366 de
678 3319 755 3381 paee
773 3311 923 3380 ageretur.
944 3304 976 3378 Q.
988 3303 1056 3363 Fui-

86 3390 148 3451 vius
172 3390 265 3466 Giiio,
294 3391 413 3467 legatus
439 3390 609 3466 Scipionis,
640 3389 905 3464 Carthaginienses
929 3389 1059 3449 Romam
