2428 3892
176 215 241 281 rao
325 215 439 294 nmen
452 215 559 280 xxvr.
584 215 724 282 cana.
739 224 783 280 ar.
806 217 890 292 [eu.
905 222 1005 290 0.qu

176 371 264 448 cipes
280 369 543 449 Syracusanorum
557 369 687 444 habere,
706 369 818 430 totiens
832 367 862 430 id
878 367 1062 443 nequiquam
1077 367 1154 430 uitro

179 453 358 530 offerentes,
386 461 603 530 praeoptasse,
633 469 694 530 quo
716 453 833 513 scilicet
855 453 980 514 iustiore
1002 452 1042 512 da
1061 467 1156 512 cansa
1201 461 1202 466 ’

179 539 403 600 νοιυειίεείπιοε
418 538 523 599 socios
539 538 644 613 populi
659 537 788 598 Romani
809 537 972 598 trucidaret
991 552 1028 595 ac
1044 536 1155 612 diripe-

178 629 231 683 ret.
269 623 296 682 si
319 637 379 682 non
400 621 606 700 Hieronymus
627 622 665 682 ad
687 620 886 682 Hannibalem
913 620 1080 680 defecisset
1102 621 1154 681 sed

178 706 312 782 populus
327 705 542 784 Syracusanus
562 712 593 766 et
613 713 753 782 senatus,
775 706 802 764 si
816 712 921 782 portas
936 704 1083 766 Marcello
1100 703 1155 780 Sy·

177 790 317 850 racusani
330 791 450 866 publice
461 799 491 849 et
502 806 561 851 non
579 789 739 866 oppressis
747 788 951 866 Syracusanis
966 788 1092 865 tyranni
1107 805 1155 848 eo-

178 890 244 934 rum
265 874 468 950 Hippocrates
494 881 524 934 et
543 873 700 952 Epicydes
722 874 919 950 clausissent,
951 873 978 934 si
999 871 1156 948 Carthagi-

177 957 327 1018 niensium
348 957 456 1018 animis
476 958 588 1018 betium
603 972 672 1017 oum
686 959 801 1034 populo
815 959 953 1020 Romano
973 958 1156 1033 gessissent,

178 1041 251 1117 quid
272 1043 349 1102 nitra
366 1058 456 1117 quam
471 1042 553 1117 quod
570 1042 693 1118 iecerit,
711 1042 769 1103 nisi
788 1049 823 1104 ut
837 1043 952 1102 deleret
969 1039 1155 1118 Syracusas,

177 1127 278 1187 iacere
298 1126 445 1188 hostiliter
458 1125 634 1187 Marcellum
654 1127 814 1202 potuisset
835 1133 916 1187 certe
932 1132 1053 1204 praeter
1075 1141 1154 1186 moe-

177 1211 227 1270 nia
247 1215 278 1271 ct
290 1216 372 1270 tecta
392 1211 541 1272 exhausta
561 1210 646 1270 urbis
666 1226 703 1270 ac
715 1212 848 1271 retracta
867 1225 904 1270 ae
918 1208 1049 1286 spoliata
1066 1209 1157 1269 deum

177 1292 312 1368 delubra,
337 1293 385 1356 dis
400 1295 477 1371 ipsis
493 1295 741 1370 ornamentisque
756 1310 861 1355 eorum
876 1293 996 1368 ablatis,
1018 1293 1098 1352 nihii
1113 1310 1144 1352 re

177 1379 278 1439 rictum
294 1377 459 1456 Syracusis
473 1393 555 1439 asse.
587 1379 669 1440 bona
684 1394 809 1456 quoque
823 1378 925 1440 multis
946 1377 1095 1454 adempta
1110 1377 1156 1448 ita,
1203 1367 1204 1384 ¹

175 1469 208 1523 ut
221 1479 260 1523 ne
274 1463 357 1524 nudo
372 1463 496 1538 quidem
511 1463 587 1538 solo,
604 1463 740 1538 reliquiis
755 1463 892 1540 direptae
907 1462 1057 1536 fortunae,
1075 1463 1156 1522 aiere

177 1561 249 1606 sese
269 1561 306 1606 ac
321 1561 396 1606 suos
412 1553 549 1622 possent.
582 1562 671 1607 orare
684 1562 719 1608 se
735 1554 837 1623 patres
852 1545 1062 1622 conscriptos,
1084 1553 1119 1606 ut
1133 1547 1155 1606 si

176 1636 329 1703 nequeant
352 1631 468 1704 omnia,
495 1632 600 1692 saitem
627 1647 707 1707 quae
727 1638 924 1708 compareant
944 1629 1156 1706 cognoscique

177 1714 312 1788 possint,
333 1714 450 1778 restitui
471 1715 603 1776 dominis
616 1713 755 1777 'iubeant
787 1717 859 1776 talia
874 1721 1066 1792 conquestos
1090 1730 1156 1775 cum

175 1797 327 1860 excedere
347 1813 388 1858 ex
401 1799 530 1875 tempto,
550 1808 583 1860 ut
597 1799 637 1859 de
651 1800 813 1876 postulatis
834 1815 938 1861 eorum
961 1805 1068 1875 patres
1085 1814 1155 1858 con·
1204 1817 1205 1870 1

175 1881 233 1941 suli
248 1889 385 1957 possent,
405 1883 557 1945 Laevinus
572 1884 728 1960 iussisset,
749 1888 942 1960 „maneant,“
962 1883 1064 1959 inquit
1078 1881 1155 1943 Mar-

175 1965 279 2039 cellus,
300 1973 354 2040 „ut
369 1982 472 2028 corum
487 1967 525 2028 iis
539 1968 754 2043 respondeam,
778 1969 903 2045 quando
919 1984 956 2029 ea
971 1967 1157 2028 condicione

175 2065 231 2124 pro
247 2049 345 2123 vobis,
369 2058 470 2127 patres
486 2052 659 2127 conscripti,
681 2050 763 2110 betia
775 2053 924 2128 gerimuS,
942 2061 975 2114 ut
989 2052 1096 2113 victos
1111 2068 1155 2111 ar·

174 2134 231 2194 mis
247 2141 446 2197 accusatores
461 2133 637 2196 habeamus.
662 2136 740 2196 duaa
755 2143 864 2212 captae
878 2136 939 2197 hoc
954 2154 1034 2197 anno
1050 2136 1155 2208 urbes,

174 2217 279 2293 capua
298 2217 438 2280 Ftdvium
463 2235 564 2291 reum,
596 2219 770 2280 Marcedum
791 2219 967 2298 Syracusae
990 2219 1156 2282 habeant‘t

173 2301 277 2363 XXXI.
299 2303 435 2364 reductis
458 2304 486 2362 in
509 2303 621 2364 curiam
643 2305 749 2380 tegatis
764 2312 826 2364 tum
848 2305 954 2365 consui
976 2321 1059 2380 „non
1077 2305 1155 2364 adeo
1205 2345 1206 2358 ,

173 2385 361 2448 maiestatis“
376 2387 473 2462 inquit
487 2388 615 2463 „populi
629 2389 758 2448 Romani
774 2389 955 2465 imperiique
969 2388 1063 2451 huius
1081 2387 1155 2448 obli-

172 2475 221 2528 tus
236 2486 318 2544 sum,
338 2477 441 2546 patres
456 2472 639 2547 conscripti,
662 2480 709 2547 ut,
730 2472 756 2532 si
772 2473 811 2532 de
825 2489 893 2534 meo
910 2473 1036 2534 crimine
1060 2471 1155 2533 ambi-

172 2559 309 2630 geretur,
338 2557 446 2615 eonsui
473 2555 608 2617 dicturus
634 2572 759 2616 causam
785 2556 1000 2619 accusantibus
1026 2557 1155 2618 Graecis

172 2635 288 2695 inerim.
311 2638 369 2697 sed
383 2654 445 2698 non
457 2641 531 2712 quid
545 2655 603 2715 ego
617 2641 740 2701 iecerim
754 2641 784 2700 in
799 2640 1045 2715 disquisitionem
1060 2641 1154 2712 venit,

172 2734 263 2792 quam
277 2720 350 2795 qnid
371 2722 421 2782 isti
436 2724 496 2797 pati
513 2723 681 2786 debuerint.
715 2724 765 2798 qui
781 2724 882 2785 sinon
899 2725 1022 2786 inerunt
1034 2725 1154 2796 hostes,

172 2801 245 2862 nihii
260 2803 392 2880 interest,
408 2822 489 2868 nuno
504 2825 540 2868 nn
555 2807 625 2868 vivo
633 2809 765 2870 Hierone
773 2807 946 2887 Syracusas
962 2809 1153 2871 violaverim.

172 2886 218 2944 sin
240 2893 338 2948 autem
361 2890 557 2952 desciverunt
577 2891 618 2932 **
637 2899 758 2969 portas,
787 2893 904 2968 togatos
925 2900 1051 2954 nostros
1072 2894 1154 2952 ierro

171 2976 262 3045 atque
284 2973 376 3034 armis
392 2975 556 3050 petierunt,
578 2976 684 3038 urbem
700 2993 736 3038 ac
750 2977 872 3038 moenia
885 2979 1075 3051 clausenmt,
1098 2992 1152 3035 ex-

170 3054 626 3135 ercituquecurthaginiensium
641 3063 794 3122 adversus
812 3078 869 3122 nos
884 3062 969 3123 tutati
985 3068 1065 3134 sunt,
1080 3059 1152 3135 quis

171 3154 284 3213 passos
299 3156 371 3202 esse
385 3142 517 3218 hostilia,
540 3160 609 3206 cum
624 3146 760 3220 iecerint,
782 3145 977 3220 indignaturi
996 3146 1151 3208 tradentes

171 3223 275 3284 urbem
298 3227 452 3302 principes
474 3227 739 3305 Syracusanorum
759 3235 920 3290 aversatus
940 3245 1027 3300 sum;
1049 3227 1150 3290 Sosim

166 3312 197 3368 et
212 3307 377 3369 Moericum
393 3310 579 3388 Hispanum,
602 3313 713 3388 quibus
728 3319 842 3373 tantum
858 3313 1030 3388 crederem,
1053 3313 1148 3388 potic-

167 3404 218 3447 res
233 3390 348 3450 habuit
369 3395 520 3454 nonestis
537 3397 664 3456 extremi
676 3396 951 3474 Syracusanorum,
967 3397 1083 3474 quippe
1098 3397 1151 3470 qui

168 3470 236 3530 aiiis
256 3472 453 3536 humilitatem
475 3476 630 3538 obiciatisz
653 3479 722 3555 quis
743 3487 790 3540 est
805 3487 941 3541 vestrum
962 3481 1014 3556 qui
1029 3497 1065 3541 se
1078 3480 1148 3539 mitri
