<?xml version="1.0" encoding="UTF-8"?>
<!DOCTYPE html PUBLIC "-//W3C//DTD XHTML 1.0 Transitional//EN"
    "http://www.w3.org/TR/xhtml1/DTD/xhtml1-transitional.dtd">
<html xmlns="http://www.w3.org/1999/xhtml" xml:lang="en" lang="en">
 <head>
  <title>
</title>
<meta http-equiv="Content-Type" content="text/html;charset=utf-8" />
  <meta name='ocr-system' content='tesseract 3.04.00' />
  <meta name='ocr-capabilities' content='ocr_page ocr_carea ocr_par ocr_line ocrx_word'/>
</head>
<body>
  <div class='ocr_page' id='page_1' title='image "./titiliviaburbec09livygoog_0252.png"; bbox 0 0 2434 3902; ppageno 0'>
   <div class='ocr_carea' id='block_1_1' title="bbox 228 211 1033 287">
    <p class='ocr_par' dir='ltr' id='par_1_1' title="bbox 228 211 1033 287">
     <span class='ocr_line' id='line_1_1' title="bbox 228 211 1033 287; baseline 0.007 -15"><span class='ocrx_word' id='word_1_1' title='bbox 228 211 494 274; x_wconf 74' lang='grc' dir='ltr'>ιιΒΕιιιιιιιιιιι.</span> <span class='ocrx_word' id='word_1_2' title='bbox 518 212 601 274; x_wconf 76' lang='lat' dir='ltr'><strong>can</strong></span> <span class='ocrx_word' id='word_1_3' title='bbox 618 217 645 272; x_wconf 82' lang='lat' dir='ltr'><strong>a</strong></span> <span class='ocrx_word' id='word_1_4' title='bbox 658 221 683 275; x_wconf 88' lang='grc' dir='ltr'>ι.</span> <span class='ocrx_word' id='word_1_5' title='bbox 707 217 864 287; x_wconf 72' lang='lat' dir='ltr'><strong>anaor]</strong></span> <span class='ocrx_word' id='word_1_6' title='bbox 971 211 1033 278; x_wconf 75' lang='lat' dir='ltr'><strong>aet</strong></span> 
     </span>
    </p>
   </div>
   <div class='ocr_carea' id='block_1_2' title="bbox 40 361 1034 880">
    <p class='ocr_par' dir='ltr' id='par_1_2' title="bbox 65 361 1034 695">
     <span class='ocr_line' id='line_1_2' title="bbox 65 361 1034 442; baseline 0.008 -20"><span class='ocrx_word' id='word_1_7' title='bbox 65 378 107 424; x_wconf 89' lang='lat' dir='ltr'><strong>us</strong></span> <span class='ocrx_word' id='word_1_8' title='bbox 118 361 224 424; x_wconf 14' lang='lat' dir='ltr'><strong>edatur·</strong></span> <span class='ocrx_word' id='word_1_9' title='bbox 246 377 316 422; x_wconf 92' lang='lat' dir='ltr'><strong>cum</strong></span> <span class='ocrx_word' id='word_1_10' title='bbox 331 363 463 424; x_wconf 81' lang='lat' dir='ltr'><strong>classem</strong></span> <span class='ocrx_word' id='word_1_11' title='bbox 477 368 538 422; x_wconf 81' lang='lat' dir='ltr'><strong>tam</strong></span> <span class='ocrx_word' id='word_1_12' title='bbox 553 361 664 424; x_wconf 84' lang='lat' dir='ltr'><strong>intesta</strong></span> <span class='ocrx_word' id='word_1_13' title='bbox 678 364 768 427; x_wconf 89' lang='lat' dir='ltr'><strong>statio</strong></span> <span class='ocrx_word' id='word_1_14' title='bbox 784 365 912 442; x_wconf 87' lang='lat' dir='ltr'><strong>accepit,</strong></span> <span class='ocrx_word' id='word_1_15' title='bbox 927 375 990 428; x_wconf 89' lang='lat' dir='ltr'><strong>tum</strong></span> <span class='ocrx_word' id='word_1_16' title='bbox 1004 374 1034 430; x_wconf 87' lang='lat' dir='ltr'><strong>ct</strong></span> 
     </span>
     <span class='ocr_line' id='line_1_3' title="bbox 90 445 1034 526; baseline 0.006 -21"><span class='ocrx_word' id='word_1_17' title='bbox 90 445 202 522; x_wconf 90' lang='lat' dir='ltr'><strong>pidum</strong></span> <span class='ocrx_word' id='word_1_18' title='bbox 222 445 283 506; x_wconf 92' lang='lat' dir='ltr'><strong>alia</strong></span> <span class='ocrx_word' id='word_1_19' title='bbox 303 452 389 522; x_wconf 90' lang='lat' dir='ltr'><strong>parte</strong></span> <span class='ocrx_word' id='word_1_20' title='bbox 411 447 549 507; x_wconf 89' lang='lat' dir='ltr'><strong>clausum</strong></span> <span class='ocrx_word' id='word_1_21' title='bbox 571 447 663 523; x_wconf 78' lang='lat' dir='ltr'><strong>arari,</strong></span> <span class='ocrx_word' id='word_1_22' title='bbox 683 447 744 508; x_wconf 83' lang='lat' dir='ltr'><strong>alie</strong></span> <span class='ocrx_word' id='word_1_23' title='bbox 760 448 800 510; x_wconf 89' lang='lat' dir='ltr'><strong>ab</strong></span> <span class='ocrx_word' id='word_1_24' title='bbox 816 455 895 511; x_wconf 88' lang='lat' dir='ltr'><strong>terra</strong></span> <span class='ocrx_word' id='word_1_25' title='bbox 910 451 1034 526; x_wconf 79' lang='lat' dir='ltr'><strong>egregie</strong></span> 
     </span>
     <span class='ocr_line' id='line_1_4' title="bbox 100 529 1034 610; baseline 0.006 -21"><span class='ocrx_word' id='word_1_26' title='bbox 100 529 215 605; x_wconf 91' lang='lat' dir='ltr'><strong>nitum,</strong></span> <span class='ocrx_word' id='word_1_27' title='bbox 241 529 460 606; x_wconf 88' lang='lat' dir='ltr'><strong>praesidioque</strong></span> <span class='ocrx_word' id='word_1_28' title='bbox 485 529 587 592; x_wconf 90' lang='lat' dir='ltr'><strong>valido</strong></span> <span class='ocrx_word' id='word_1_29' title='bbox 616 531 782 607; x_wconf 84' lang='lat' dir='ltr'><strong>firmatum,</strong></span> <span class='ocrx_word' id='word_1_30' title='bbox 811 539 841 594; x_wconf 89' lang='lat' dir='ltr'><strong>et</strong></span> <span class='ocrx_word' id='word_1_31' title='bbox 866 534 1034 610; x_wconf 82' lang='lat' dir='ltr'><strong>praecipuo</strong></span> 
     </span>
     <span class='ocr_line' id='line_1_5' title="bbox 128 614 1031 695; baseline 0.007 -21"><span class='ocrx_word' id='word_1_32' title='bbox 128 614 357 691; x_wconf 78' lang='lat' dir='ltr'><strong>praefectorum</strong></span> <span class='ocrx_word' id='word_1_33' title='bbox 372 614 618 690; x_wconf 78' lang='lat' dir='ltr'><strong>principumque,</strong></span> <span class='ocrx_word' id='word_1_34' title='bbox 634 614 1031 695; x_wconf 81' lang='lat' dir='ltr'><strong>qtraefluxuetvenanpud</strong></span> 
     </span>
    </p>

    <p class='ocr_par' dir='ltr' id='par_1_3' title="bbox 109 698 1029 779">
     <span class='ocr_line' id='line_1_6' title="bbox 109 698 1029 779; baseline 0.004 -19"><span class='ocrx_word' id='word_1_35' title='bbox 109 715 163 760; x_wconf 91' lang='lat' dir='ltr'><strong>um</strong></span> <span class='ocrx_word' id='word_1_36' title='bbox 185 699 300 773; x_wconf 75' lang='lat' dir='ltr'><strong>lucrm,</strong></span> <span class='ocrx_word' id='word_1_37' title='bbox 322 704 367 759; x_wconf 81' lang='lat' dir='ltr'><strong>stc</strong></span> <span class='ocrx_word' id='word_1_38' title='bbox 361 698 431 759; x_wconf 92' lang='lat' dir='ltr'><strong>bile</strong></span> <span class='ocrx_word' id='word_1_39' title='bbox 453 703 546 774; x_wconf 86' lang='lat' dir='ltr'><strong>atque</strong></span> <span class='ocrx_word' id='word_1_40' title='bbox 566 698 805 775; x_wconf 82' lang='lat' dir='ltr'><strong>inexpugnabile</strong></span> <span class='ocrx_word' id='word_1_41' title='bbox 820 701 883 763; x_wconf 89' lang='lat' dir='ltr'><strong>iuit.</strong></span> <span class='ocrx_word' id='word_1_42' title='bbox 915 702 946 763; x_wconf 93' lang='lat' dir='ltr'><strong>id</strong></span> <span class='ocrx_word' id='word_1_43' title='bbox 961 719 1029 779; x_wconf 88' lang='lat' dir='ltr'><strong>pru-</strong></span> 
     </span>
    </p>

    <p class='ocr_par' dir='ltr' id='par_1_4' title="bbox 40 782 1032 880">
     <span class='ocr_line' id='line_1_7' title="bbox 40 782 1032 880; baseline 0.002 -36"><span class='ocrx_word' id='word_1_44' title='bbox 40 783 63 844; x_wconf 85' lang='grc' dir='ltr'><strong>ιι</strong></span> <span class='ocrx_word' id='word_1_45' title='bbox 143 800 173 857; x_wconf 90' lang='lat' dir='ltr'><strong>r,</strong></span> <span class='ocrx_word' id='word_1_46' title='bbox 195 789 228 843; x_wconf 89' lang='lat' dir='ltr'><strong>ut</strong></span> <span class='ocrx_word' id='word_1_47' title='bbox 247 782 407 880; x_wconf 77' lang='lat' dir='ltr'><strong>tatemere</strong></span> <span class='ocrx_word' id='word_1_48' title='bbox 430 789 639 858; x_wconf 85' lang='lat' dir='ltr'><strong>susceptore,</strong></span> <span class='ocrx_word' id='word_1_49' title='bbox 662 783 818 846; x_wconf 86' lang='lat' dir='ltr'><strong>Romanus</strong></span> <span class='ocrx_word' id='word_1_50' title='bbox 842 786 927 861; x_wconf 88' lang='lat' dir='ltr'><strong>iecit,</strong></span> <span class='ocrx_word' id='word_1_51' title='bbox 948 787 1032 863; x_wconf 88' lang='lat' dir='ltr'><strong>quod</strong></span> 
     </span>
    </p>
   </div>
   <div class='ocr_carea' id='block_1_3' title="bbox 168 1162 1032 1386">
    <p class='ocr_par' dir='ltr' id='par_1_5' title="bbox 168 1162 1032 1365">
     <span class='ocr_line' id='line_1_8' title="bbox 178 1162 1032 1281; baseline 0.004 -18"><span class='ocrx_word' id='word_1_52' title='bbox 178 1204 200 1263; x_wconf 90' lang='grc' dir='ltr'><strong>Ι.</strong></span> <span class='ocrx_word' id='word_1_53' title='bbox 223 1202 394 1279; x_wconf 87' lang='lat' dir='ltr'><strong>Philippum</strong></span> <span class='ocrx_word' id='word_1_54' title='bbox 422 1209 453 1264; x_wconf 91' lang='lat' dir='ltr'><strong>et</strong></span> <span class='ocrx_word' id='word_1_55' title='bbox 472 1162 559 1279; x_wconf 77' lang='lat' dir='ltr'><strong>ignes</strong></span> <span class='ocrx_word' id='word_1_56' title='bbox 581 1202 619 1264; x_wconf 91' lang='lat' dir='ltr'><strong>ab</strong></span> <span class='ocrx_word' id='word_1_57' title='bbox 641 1202 721 1265; x_wconf 87' lang='lat' dir='ltr'><strong>Oreo</strong></span> <span class='ocrx_word' id='word_1_58' title='bbox 748 1204 820 1265; x_wconf 86' lang='lat' dir='ltr'><strong>edili</strong></span> <span class='ocrx_word' id='word_1_59' title='bbox 842 1213 1032 1281; x_wconf 85' lang='lat' dir='ltr'><strong>monuerant,</strong></span> 
     </span>
     <span class='ocr_line' id='line_1_9' title="bbox 168 1283 1031 1386; baseline 0.005 -39"><span class='ocrx_word' id='word_1_60' title='bbox 168 1287 222 1348; x_wconf 85' lang='lat' dir='ltr'><strong>ius</strong></span> <span class='ocrx_word' id='word_1_61' title='bbox 237 1285 366 1349; x_wconf 88' lang='lat' dir='ltr'><strong>Platoris</strong></span> <span class='ocrx_word' id='word_1_62' title='bbox 383 1287 490 1384; x_wconf 77' lang='lat' dir='ltr'><strong>fraude</strong></span> <span class='ocrx_word' id='word_1_63' title='bbox 501 1303 544 1386; x_wconf 28' lang='lat' dir='ltr'><strong>’ex</strong></span> <span class='ocrx_word' id='word_1_64' title='bbox 559 1289 688 1386; x_wconf 78' lang='lat' dir='ltr'><strong>specula</strong></span> <span class='ocrx_word' id='word_1_65' title='bbox 702 1283 798 1359; x_wconf 55' lang='lat' dir='ltr'><strong>elatis</strong></span> <span class='ocrx_word' id='word_1_66' title='bbox 810 1287 957 1388; x_wconf 85' lang='lat' dir='ltr'><strong>etimpari</strong></span> <span class='ocrx_word' id='word_1_67' title='bbox 970 1306 1031 1350; x_wconf 89' lang='lat' dir='ltr'><strong>ma-</strong></span> 
     </span>
    </p>
   </div>
   <div class='ocr_carea' id='block_1_4' title="bbox 42 1708 1029 1893">
    <p class='ocr_par' dir='ltr' id='par_1_6' title="bbox 42 1708 1029 1893">
     <span class='ocr_line' id='line_1_10' title="bbox 42 1708 1028 1787; baseline 0.006 -21"><span class='ocrx_word' id='word_1_68' title='bbox 42 1708 138 1769; x_wconf 90' lang='lat' dir='ltr'><strong>arto</strong></span> <span class='ocrx_word' id='word_1_69' title='bbox 131 1725 159 1767; x_wconf 92' lang='lat' dir='ltr'><strong>m</strong></span> <span class='ocrx_word' id='word_1_70' title='bbox 226 1709 357 1771; x_wconf 84' lang='lat' dir='ltr'><strong>cluditur</strong></span> <span class='ocrx_word' id='word_1_71' title='bbox 372 1710 458 1786; x_wconf 88' lang='lat' dir='ltr'><strong>ireto,</strong></span> <span class='ocrx_word' id='word_1_72' title='bbox 475 1715 509 1770; x_wconf 88' lang='lat' dir='ltr'><strong>ut</strong></span> <span class='ocrx_word' id='word_1_73' title='bbox 522 1718 616 1786; x_wconf 87' lang='lat' dir='ltr'><strong>ponte</strong></span> <span class='ocrx_word' id='word_1_74' title='bbox 628 1711 792 1772; x_wconf 88' lang='lat' dir='ltr'><strong>continenti</strong></span> <span class='ocrx_word' id='word_1_75' title='bbox 806 1711 957 1787; x_wconf 82' lang='lat' dir='ltr'><strong>iungatur,</strong></span> <span class='ocrx_word' id='word_1_76' title='bbox 974 1719 1028 1773; x_wconf 86' lang='lat' dir='ltr'><strong>ter</strong></span> 
     </span>
     <span class='ocr_line' id='line_1_11' title="bbox 42 1787 1029 1893; baseline 0.006 -42"><span class='ocrx_word' id='word_1_77' title='bbox 42 1806 145 1889; x_wconf 72' lang='lat' dir='ltr'><strong>reque</strong></span> <span class='ocrx_word' id='word_1_78' title='bbox 208 1787 281 1854; x_wconf 83' lang='lat' dir='ltr'><strong>ilum</strong></span> <span class='ocrx_word' id='word_1_79' title='bbox 302 1793 468 1892; x_wconf 75' lang='lat' dir='ltr'><strong>faciliorem</strong></span> <span class='ocrx_word' id='word_1_80' title='bbox 493 1811 584 1891; x_wconf 83' lang='lat' dir='ltr'><strong>quem</strong></span> <span class='ocrx_word' id='word_1_81' title='bbox 605 1795 680 1856; x_wconf 85' lang='lat' dir='ltr'><strong>mari</strong></span> <span class='ocrx_word' id='word_1_82' title='bbox 700 1794 826 1893; x_wconf 77' lang='lat' dir='ltr'><strong>habeat.</strong></span> <span class='ocrx_word' id='word_1_83' title='bbox 859 1796 949 1872; x_wconf 79' lang='lat' dir='ltr'><strong>igitur</strong></span> <span class='ocrx_word' id='word_1_84' title='bbox 963 1796 1029 1857; x_wconf 92' lang='lat' dir='ltr'><strong>Phi-</strong></span> 
     </span>
    </p>
   </div>
   <div class='ocr_carea' id='block_1_5' title="bbox 40 2001 1031 3554">
    <p class='ocr_par' dir='ltr' id='par_1_7' title="bbox 40 2001 1031 3554">
     <span class='ocr_line' id='line_1_12' title="bbox 452 2001 1030 2039; baseline 0.003 -2"><span class='ocrx_word' id='word_1_85' title='bbox 452 2008 460 2037; x_wconf 80' lang='grc' dir='ltr'><strong>ι</strong></span> <span class='ocrx_word' id='word_1_86' title='bbox 778 2001 787 2024; x_wconf 80' lang='lat' dir='ltr'><strong>c</strong></span> <span class='ocrx_word' id='word_1_87' title='bbox 1022 2011 1030 2039; x_wconf 77' lang='lat' dir='ltr'><strong>t</strong></span> 
     </span>
     <span class='ocr_line' id='line_1_13' title="bbox 40 2045 1030 2123; baseline 0.006 -19"><span class='ocrx_word' id='word_1_88' title='bbox 40 2045 118 2106; x_wconf 89' lang='lat' dir='ltr'><strong>inde</strong></span> <span class='ocrx_word' id='word_1_89' title='bbox 132 2045 174 2105; x_wconf 91' lang='lat' dir='ltr'><strong>de</strong></span> <span class='ocrx_word' id='word_1_90' title='bbox 217 2045 274 2106; x_wconf 89' lang='lat' dir='ltr'><strong>rtia</strong></span> <span class='ocrx_word' id='word_1_91' title='bbox 290 2046 393 2122; x_wconf 84' lang='lat' dir='ltr'><strong>vigilia</strong></span> <span class='ocrx_word' id='word_1_92' title='bbox 408 2046 564 2123; x_wconf 85' lang='lat' dir='ltr'><strong>proiectus</strong></span> <span class='ocrx_word' id='word_1_93' title='bbox 580 2047 717 2123; x_wconf 88' lang='lat' dir='ltr'><strong>trepidos</strong></span> <span class='ocrx_word' id='word_1_94' title='bbox 732 2046 839 2108; x_wconf 89' lang='lat' dir='ltr'><strong>hostes</strong></span> <span class='ocrx_word' id='word_1_95' title='bbox 850 2047 1030 2110; x_wconf 88' lang='lat' dir='ltr'><strong>Heracleam</strong></span> 
     </span>
     <span class='ocr_line' id='line_1_14' title="bbox 42 2129 1030 2208; baseline 0.004 -18"><span class='ocrx_word' id='word_1_96' title='bbox 42 2129 172 2204; x_wconf 90' lang='lat' dir='ltr'><strong>compul</strong></span> <span class='ocrx_word' id='word_1_97' title='bbox 221 2135 259 2204; x_wconf 88' lang='lat' dir='ltr'><strong>et,</strong></span> <span class='ocrx_word' id='word_1_98' title='bbox 274 2130 343 2206; x_wconf 89' lang='lat' dir='ltr'><strong>ipse</strong></span> <span class='ocrx_word' id='word_1_99' title='bbox 358 2146 420 2191; x_wconf 93' lang='lat' dir='ltr'><strong>uno</strong></span> <span class='ocrx_word' id='word_1_100' title='bbox 437 2131 486 2192; x_wconf 90' lang='lat' dir='ltr'><strong>die</strong></span> <span class='ocrx_word' id='word_1_101' title='bbox 501 2130 645 2194; x_wconf 82' lang='lat' dir='ltr'><strong>Phocidis</strong></span> <span class='ocrx_word' id='word_1_102' title='bbox 660 2129 787 2192; x_wconf 83' lang='lat' dir='ltr'><strong>Elatiam</strong></span> <span class='ocrx_word' id='word_1_103' title='bbox 803 2131 885 2192; x_wconf 87' lang='lat' dir='ltr'><strong>milia</strong></span> <span class='ocrx_word' id='word_1_104' title='bbox 898 2132 1030 2208; x_wconf 84' lang='lat' dir='ltr'><strong>amplius</strong></span> 
     </span>
     <span class='ocr_line' id='line_1_15' title="bbox 41 2213 1031 2291; baseline 0.003 -17"><span class='ocrx_word' id='word_1_105' title='bbox 41 2213 175 2288; x_wconf 79' lang='lat' dir='ltr'><strong>sexagin</strong></span> <span class='ocrx_word' id='word_1_106' title='bbox 234 2215 400 2276; x_wconf 83' lang='lat' dir='ltr'><strong>contendit.</strong></span> <span class='ocrx_word' id='word_1_107' title='bbox 437 2214 548 2276; x_wconf 88' lang='lat' dir='ltr'><strong>ecdem</strong></span> <span class='ocrx_word' id='word_1_108' title='bbox 573 2217 667 2276; x_wconf 89' lang='lat' dir='ltr'><strong>lerme</strong></span> <span class='ocrx_word' id='word_1_109' title='bbox 693 2215 742 2276; x_wconf 94' lang='lat' dir='ltr'><strong>die</strong></span> <span class='ocrx_word' id='word_1_110' title='bbox 768 2215 806 2276; x_wconf 91' lang='lat' dir='ltr'><strong>ab</strong></span> <span class='ocrx_word' id='word_1_111' title='bbox 832 2217 935 2276; x_wconf 87' lang='lat' dir='ltr'><strong>Attalo</strong></span> <span class='ocrx_word' id='word_1_112' title='bbox 957 2231 1031 2291; x_wconf 79' lang='lat' dir='ltr'><strong>rege</strong></span> 
     </span>
     <span class='ocr_line' id='line_1_16' title="bbox 42 2296 1030 2374; baseline 0.002 -16"><span class='ocrx_word' id='word_1_113' title='bbox 42 2296 180 2374; x_wconf 90' lang='lat' dir='ltr'><strong>Opuntio</strong></span> <span class='ocrx_word' id='word_1_114' title='bbox 273 2299 350 2360; x_wconf 92' lang='lat' dir='ltr'><strong>urbs</strong></span> <span class='ocrx_word' id='word_1_115' title='bbox 376 2305 467 2374; x_wconf 88' lang='lat' dir='ltr'><strong>capta</strong></span> <span class='ocrx_word' id='word_1_116' title='bbox 492 2299 701 2374; x_wconf 80' lang='lat' dir='ltr'><strong>diripiebatur.</strong></span> <span class='ocrx_word' id='word_1_117' title='bbox 740 2306 941 2362; x_wconf 84' lang='lat' dir='ltr'><strong>concesserat</strong></span> <span class='ocrx_word' id='word_1_118' title='bbox 961 2315 1030 2360; x_wconf 80' lang='lat' dir='ltr'><strong>eam</strong></span> 
     </span>
     <span class='ocr_line' id='line_1_17' title="bbox 41 2382 1030 2460; baseline 0.003 -19"><span class='ocrx_word' id='word_1_119' title='bbox 41 2382 108 2458; x_wconf 82' lang='lat' dir='ltr'><strong>regi</strong></span> <span class='ocrx_word' id='word_1_120' title='bbox 124 2399 181 2458; x_wconf 89' lang='lat' dir='ltr'><strong>pra</strong></span> <span class='ocrx_word' id='word_1_121' title='bbox 242 2400 271 2443; x_wconf 92' lang='lat' dir='ltr'><strong>m</strong></span> <span class='ocrx_word' id='word_1_122' title='bbox 288 2382 460 2459; x_wconf 90' lang='lat' dir='ltr'><strong>Sulpicius,</strong></span> <span class='ocrx_word' id='word_1_123' title='bbox 477 2384 550 2459; x_wconf 84' lang='lat' dir='ltr'><strong>quia</strong></span> <span class='ocrx_word' id='word_1_124' title='bbox 564 2382 675 2444; x_wconf 86' lang='lat' dir='ltr'><strong>Oreum</strong></span> <span class='ocrx_word' id='word_1_125' title='bbox 692 2400 808 2460; x_wconf 88' lang='lat' dir='ltr'><strong>paucos</strong></span> <span class='ocrx_word' id='word_1_126' title='bbox 824 2392 894 2444; x_wconf 89' lang='lat' dir='ltr'><strong>ante</strong></span> <span class='ocrx_word' id='word_1_127' title='bbox 909 2383 976 2444; x_wconf 90' lang='lat' dir='ltr'><strong>dies</strong></span> <span class='ocrx_word' id='word_1_128' title='bbox 991 2385 1030 2444; x_wconf 86' lang='lat' dir='ltr'><strong>ab</strong></span> 
     </span>
     <span class='ocr_line' id='line_1_18' title="bbox 40 2467 1031 2544; baseline 0 -16"><span class='ocrx_word' id='word_1_129' title='bbox 40 2467 185 2529; x_wconf 86' lang='lat' dir='ltr'><strong>Romano</strong></span> <span class='ocrx_word' id='word_1_130' title='bbox 241 2467 302 2530; x_wconf 89' lang='lat' dir='ltr'><strong>ilitc</strong></span> <span class='ocrx_word' id='word_1_131' title='bbox 325 2467 505 2542; x_wconf 86' lang='lat' dir='ltr'><strong>expertibus</strong></span> <span class='ocrx_word' id='word_1_132' title='bbox 530 2469 623 2544; x_wconf 81' lang='lat' dir='ltr'><strong>regiis</strong></span> <span class='ocrx_word' id='word_1_133' title='bbox 646 2468 799 2544; x_wconf 90' lang='lat' dir='ltr'><strong>direptum</strong></span> <span class='ocrx_word' id='word_1_134' title='bbox 819 2469 927 2529; x_wconf 85' lang='lat' dir='ltr'><strong>luerat.</strong></span> <span class='ocrx_word' id='word_1_135' title='bbox 961 2483 1031 2529; x_wconf 91' lang='lat' dir='ltr'><strong>cum</strong></span> 
     </span>
     <span class='ocr_line' id='line_1_19' title="bbox 41 2552 1031 2629; baseline 0.003 -17"><span class='ocrx_word' id='word_1_136' title='bbox 41 2552 184 2612; x_wconf 86' lang='lat' dir='ltr'><strong>Romana</strong></span> <span class='ocrx_word' id='word_1_137' title='bbox 266 2552 310 2612; x_wconf 91' lang='lat' dir='ltr'><strong>sis</strong></span> <span class='ocrx_word' id='word_1_138' title='bbox 325 2568 363 2612; x_wconf 90' lang='lat' dir='ltr'><strong>eo</strong></span> <span class='ocrx_word' id='word_1_139' title='bbox 379 2567 415 2612; x_wconf 91' lang='lat' dir='ltr'><strong>se</strong></span> <span class='ocrx_word' id='word_1_140' title='bbox 430 2553 618 2628; x_wconf 84' lang='lat' dir='ltr'><strong>recepisset,</strong></span> <span class='ocrx_word' id='word_1_141' title='bbox 639 2553 758 2614; x_wconf 84' lang='lat' dir='ltr'><strong>Attalus</strong></span> <span class='ocrx_word' id='word_1_142' title='bbox 774 2553 900 2629; x_wconf 84' lang='lat' dir='ltr'><strong>ignarus</strong></span> <span class='ocrx_word' id='word_1_143' title='bbox 915 2552 1031 2615; x_wconf 90' lang='lat' dir='ltr'><strong>adven-</strong></span> 
     </span>
     <span class='ocr_line' id='line_1_20' title="bbox 41 2634 1031 2714; baseline 0.004 -19"><span class='ocrx_word' id='word_1_144' title='bbox 41 2641 91 2698; x_wconf 88' lang='lat' dir='ltr'><strong>tus</strong></span> <span class='ocrx_word' id='word_1_145' title='bbox 124 2634 201 2696; x_wconf 81' lang='lat' dir='ltr'><strong>Phili</strong></span> <span class='ocrx_word' id='word_1_146' title='bbox 247 2636 257 2696; x_wconf 96' lang='lat' dir='ltr'><strong>i</strong></span> <span class='ocrx_word' id='word_1_147' title='bbox 285 2636 427 2712; x_wconf 87' lang='lat' dir='ltr'><strong>pecuniis</strong></span> <span class='ocrx_word' id='word_1_148' title='bbox 455 2652 474 2696; x_wconf 86' lang='lat' dir='ltr'><strong>a</strong></span> <span class='ocrx_word' id='word_1_149' title='bbox 503 2636 693 2714; x_wconf 89' lang='lat' dir='ltr'><strong>principibus</strong></span> <span class='ocrx_word' id='word_1_150' title='bbox 723 2636 886 2713; x_wconf 83' lang='lat' dir='ltr'><strong>exigendis</strong></span> <span class='ocrx_word' id='word_1_151' title='bbox 915 2636 1031 2699; x_wconf 88' lang='lat' dir='ltr'><strong>terebat</strong></span> 
     </span>
     <span class='ocr_line' id='line_1_21' title="bbox 41 2719 1031 2798; baseline 0.002 -18"><span class='ocrx_word' id='word_1_152' title='bbox 41 2727 182 2794; x_wconf 80' lang='lat' dir='ltr'><strong>tempus:</strong></span> <span class='ocrx_word' id='word_1_153' title='bbox 249 2735 353 2796; x_wconf 88' lang='lat' dir='ltr'><strong>eoque</strong></span> <span class='ocrx_word' id='word_1_154' title='bbox 366 2719 535 2796; x_wconf 83' lang='lat' dir='ltr'><strong>improvise</strong></span> <span class='ocrx_word' id='word_1_155' title='bbox 548 2737 601 2783; x_wconf 91' lang='lat' dir='ltr'><strong>res</strong></span> <span class='ocrx_word' id='word_1_156' title='bbox 616 2721 686 2795; x_wconf 85' lang='lat' dir='ltr'><strong>luit,</strong></span> <span class='ocrx_word' id='word_1_157' title='bbox 708 2728 749 2798; x_wconf 87' lang='lat' dir='ltr'><strong>ul,</strong></span> <span class='ocrx_word' id='word_1_158' title='bbox 765 2722 824 2782; x_wconf 88' lang='lat' dir='ltr'><strong>nisi</strong></span> <span class='ocrx_word' id='word_1_159' title='bbox 840 2720 1031 2783; x_wconf 83' lang='lat' dir='ltr'><strong>Cretensium</strong></span> 
     </span>
     <span class='ocr_line' id='line_1_22' title="bbox 42 2804 1029 2883; baseline 0.002 -19"><span class='ocrx_word' id='word_1_160' title='bbox 42 2804 172 2880; x_wconf 85' lang='lat' dir='ltr'><strong>quidam</strong></span> <span class='ocrx_word' id='word_1_161' title='bbox 188 2805 201 2864; x_wconf 86' lang='grc' dir='ltr'><strong>ι</strong></span> <span class='ocrx_word' id='word_1_162' title='bbox 248 2820 266 2865; x_wconf 91' lang='lat' dir='ltr'><strong>e</strong></span> <span class='ocrx_word' id='word_1_163' title='bbox 281 2804 459 2881; x_wconf 81' lang='lat' dir='ltr'><strong>pabulatum</strong></span> <span class='ocrx_word' id='word_1_164' title='bbox 474 2807 512 2866; x_wconf 90' lang='lat' dir='ltr'><strong>ab</strong></span> <span class='ocrx_word' id='word_1_165' title='bbox 527 2805 604 2867; x_wconf 92' lang='lat' dir='ltr'><strong>urbc</strong></span> <span class='ocrx_word' id='word_1_166' title='bbox 615 2805 736 2881; x_wconf 82' lang='lat' dir='ltr'><strong>longius</strong></span> <span class='ocrx_word' id='word_1_167' title='bbox 749 2805 908 2883; x_wconf 86' lang='lat' dir='ltr'><strong>progressi</strong></span> <span class='ocrx_word' id='word_1_168' title='bbox 920 2821 1029 2881; x_wconf 84' lang='lat' dir='ltr'><strong>agmen</strong></span> 
     </span>
     <span class='ocr_line' id='line_1_23' title="bbox 41 2887 1030 2967; baseline 0.004 -21"><span class='ocrx_word' id='word_1_169' title='bbox 41 2887 177 2950; x_wconf 87' lang='lat' dir='ltr'><strong>hostium</strong></span> <span class='ocrx_word' id='word_1_170' title='bbox 194 2904 212 2964; x_wconf 95' lang='lat' dir='ltr'><strong>p</strong></span> <span class='ocrx_word' id='word_1_171' title='bbox 252 2891 302 2951; x_wconf 87' lang='lat' dir='ltr'><strong>cul</strong></span> <span class='ocrx_word' id='word_1_172' title='bbox 318 2888 565 2966; x_wconf 86' lang='lat' dir='ltr'><strong>conspexissent,</strong></span> <span class='ocrx_word' id='word_1_173' title='bbox 586 2891 719 2965; x_wconf 88' lang='lat' dir='ltr'><strong>opprimi</strong></span> <span class='ocrx_word' id='word_1_174' title='bbox 734 2890 874 2967; x_wconf 89' lang='lat' dir='ltr'><strong>potuerit.</strong></span> <span class='ocrx_word' id='word_1_175' title='bbox 907 2890 1030 2950; x_wconf 83' lang='lat' dir='ltr'><strong>Attalus</strong></span> 
     </span>
     <span class='ocr_line' id='line_1_24' title="bbox 41 2971 1030 3050; baseline 0 -18"><span class='ocrx_word' id='word_1_176' title='bbox 41 2971 168 3033; x_wconf 86' lang='lat' dir='ltr'><strong>inermis</strong></span> <span class='ocrx_word' id='word_1_177' title='bbox 190 2980 221 3034; x_wconf 84' lang='lat' dir='ltr'><strong>at</strong></span> <span class='ocrx_word' id='word_1_178' title='bbox 266 2990 284 3033; x_wconf 89' lang='lat' dir='ltr'><strong>e</strong></span> <span class='ocrx_word' id='word_1_179' title='bbox 305 2974 528 3050; x_wconf 89' lang='lat' dir='ltr'><strong>incompositus</strong></span> <span class='ocrx_word' id='word_1_180' title='bbox 550 2991 646 3036; x_wconf 88' lang='lat' dir='ltr'><strong>cursu</strong></span> <span class='ocrx_word' id='word_1_181' title='bbox 664 2974 766 3037; x_wconf 81' lang='lat' dir='ltr'><strong>effuso</strong></span> <span class='ocrx_word' id='word_1_182' title='bbox 781 2991 865 3036; x_wconf 87' lang='lat' dir='ltr'><strong>mare</strong></span> <span class='ocrx_word' id='word_1_183' title='bbox 880 2991 917 3034; x_wconf 92' lang='lat' dir='ltr'><strong>ac</strong></span> <span class='ocrx_word' id='word_1_184' title='bbox 932 2989 1030 3034; x_wconf 87' lang='lat' dir='ltr'><strong>neves</strong></span> 
     </span>
     <span class='ocr_line' id='line_1_25' title="bbox 43 3056 1029 3136; baseline -0.001 -20"><span class='ocrx_word' id='word_1_185' title='bbox 43 3059 136 3132; x_wconf 87' lang='lat' dir='ltr'><strong>petil;</strong></span> <span class='ocrx_word' id='word_1_186' title='bbox 159 3063 190 3117; x_wconf 90' lang='lat' dir='ltr'><strong>et</strong></span> <span class='ocrx_word' id='word_1_187' title='bbox 256 3056 399 3120; x_wconf 88' lang='lat' dir='ltr'><strong>lientibus</strong></span> <span class='ocrx_word' id='word_1_188' title='bbox 414 3056 453 3118; x_wconf 88' lang='lat' dir='ltr'><strong>ab</strong></span> <span class='ocrx_word' id='word_1_189' title='bbox 469 3066 550 3119; x_wconf 89' lang='lat' dir='ltr'><strong>terra</strong></span> <span class='ocrx_word' id='word_1_190' title='bbox 561 3073 657 3118; x_wconf 87' lang='lat' dir='ltr'><strong>naves</strong></span> <span class='ocrx_word' id='word_1_191' title='bbox 670 3058 829 3136; x_wconf 90' lang='lat' dir='ltr'><strong>Philippus</strong></span> <span class='ocrx_word' id='word_1_192' title='bbox 841 3057 1029 3133; x_wconf 87' lang='lat' dir='ltr'><strong>supervenit,</strong></span> 
     </span>
     <span class='ocr_line' id='line_1_26' title="bbox 44 3141 1028 3219; baseline -0.001 -18"><span class='ocrx_word' id='word_1_193' title='bbox 44 3143 202 3203; x_wconf 88' lang='lat' dir='ltr'><strong>tumultum</strong></span> <span class='ocrx_word' id='word_1_194' title='bbox 282 3144 373 3206; x_wconf 84' lang='lat' dir='ltr'><strong>etium</strong></span> <span class='ocrx_word' id='word_1_195' title='bbox 387 3148 522 3204; x_wconf 86' lang='lat' dir='ltr'><strong>exterra</strong></span> <span class='ocrx_word' id='word_1_196' title='bbox 533 3142 663 3204; x_wconf 85' lang='lat' dir='ltr'><strong>nauticis</strong></span> <span class='ocrx_word' id='word_1_197' title='bbox 677 3143 825 3219; x_wconf 84' lang='lat' dir='ltr'><strong>praebuit.</strong></span> <span class='ocrx_word' id='word_1_198' title='bbox 840 3142 912 3201; x_wconf 86' lang='lat' dir='ltr'><strong>inde</strong></span> <span class='ocrx_word' id='word_1_199' title='bbox 925 3141 1028 3216; x_wconf 83' lang='lat' dir='ltr'><strong>opun-</strong></span> 
     </span>
     <span class='ocr_line' id='line_1_27' title="bbox 44 3225 1030 3302; baseline 0.004 -18"><span class='ocrx_word' id='word_1_200' title='bbox 44 3231 104 3284; x_wconf 89' lang='lat' dir='ltr'><strong>lem</strong></span> <span class='ocrx_word' id='word_1_201' title='bbox 124 3225 215 3286; x_wconf 87' lang='lat' dir='ltr'><strong>rediit</strong></span> <span class='ocrx_word' id='word_1_202' title='bbox 273 3241 329 3288; x_wconf 91' lang='lat' dir='ltr'><strong>eos</strong></span> <span class='ocrx_word' id='word_1_203' title='bbox 351 3225 557 3302; x_wconf 91' lang='lat' dir='ltr'><strong>hominesque</strong></span> <span class='ocrx_word' id='word_1_204' title='bbox 577 3242 746 3300; x_wconf 86' lang='lat' dir='ltr'><strong>accusans,</strong></span> <span class='ocrx_word' id='word_1_205' title='bbox 770 3226 854 3302; x_wconf 83' lang='lat' dir='ltr'><strong>qnod</strong></span> <span class='ocrx_word' id='word_1_206' title='bbox 869 3231 969 3286; x_wconf 85' lang='lat' dir='ltr'><strong>tantae</strong></span> <span class='ocrx_word' id='word_1_207' title='bbox 983 3225 1030 3288; x_wconf 86' lang='lat' dir='ltr'><strong>rei</strong></span> 
     </span>
     <span class='ocr_line' id='line_1_28' title="bbox 43 3306 1031 3387; baseline 0.001 -18"><span class='ocrx_word' id='word_1_208' title='bbox 43 3309 195 3370; x_wconf 78' lang='lat' dir='ltr'><strong>loctunam</strong></span> <span class='ocrx_word' id='word_1_209' title='bbox 265 3310 363 3372; x_wconf 89' lang='lat' dir='ltr'><strong>oculis</strong></span> <span class='ocrx_word' id='word_1_210' title='bbox 378 3324 478 3387; x_wconf 89' lang='lat' dir='ltr'><strong>prope</strong></span> <span class='ocrx_word' id='word_1_211' title='bbox 493 3318 611 3387; x_wconf 84' lang='lat' dir='ltr'><strong>raptam</strong></span> <span class='ocrx_word' id='word_1_212' title='bbox 626 3311 788 3372; x_wconf 83' lang='lat' dir='ltr'><strong>amisisset</strong></span> <span class='ocrx_word' id='word_1_213' title='bbox 812 3306 936 3386; x_wconf 87' lang='lat' dir='ltr'><strong>Opuntii</strong></span> <span class='ocrx_word' id='word_1_214' title='bbox 952 3325 1031 3383; x_wconf 75' lang='lat' dir='ltr'><strong>quo-</strong></span> 
     </span>
     <span class='ocr_line' id='line_1_29' title="bbox 46 3392 1028 3470; baseline -0.002 -16"><span class='ocrx_word' id='word_1_215' title='bbox 46 3408 106 3469; x_wconf 87' lang='lat' dir='ltr'><strong>quo</strong></span> <span class='ocrx_word' id='word_1_216' title='bbox 117 3394 155 3454; x_wconf 90' lang='lat' dir='ltr'><strong>ab</strong></span> <span class='ocrx_word' id='word_1_217' title='bbox 167 3409 204 3454; x_wconf 89' lang='lat' dir='ltr'><strong>ea</strong></span> <span class='ocrx_word' id='word_1_218' title='bbox 289 3393 334 3453; x_wconf 86' lang='lat' dir='ltr'><strong>ira</strong></span> <span class='ocrx_word' id='word_1_219' title='bbox 345 3394 494 3470; x_wconf 87' lang='lat' dir='ltr'><strong>increpiti,</strong></span> <span class='ocrx_word' id='word_1_220' title='bbox 511 3397 604 3470; x_wconf 88' lang='lat' dir='ltr'><strong>quod,</strong></span> <span class='ocrx_word' id='word_1_221' title='bbox 622 3412 691 3456; x_wconf 88' lang='lat' dir='ltr'><strong>cum</strong></span> <span class='ocrx_word' id='word_1_222' title='bbox 703 3394 823 3456; x_wconf 86' lang='lat' dir='ltr'><strong>trahere</strong></span> <span class='ocrx_word' id='word_1_223' title='bbox 835 3392 1028 3455; x_wconf 88' lang='lat' dir='ltr'><strong>obsidionem</strong></span> 
     </span>
     <span class='ocr_line' id='line_1_30' title="bbox 46 3475 1027 3554; baseline -0.002 -17"><span class='ocrx_word' id='word_1_224' title='bbox 46 3475 76 3539; x_wconf 80' lang='lat' dir='ltr'><strong>in</strong></span> <span class='ocrx_word' id='word_1_225' title='bbox 90 3477 215 3538; x_wconf 79' lang='lat' dir='ltr'><strong>advenit</strong></span> <span class='ocrx_word' id='word_1_226' title='bbox 269 3493 358 3540; x_wconf 87' lang='lat' dir='ltr'><strong>suum</strong></span> <span class='ocrx_word' id='word_1_227' title='bbox 374 3476 563 3554; x_wconf 86' lang='lat' dir='ltr'><strong>potuissent,</strong></span> <span class='ocrx_word' id='word_1_228' title='bbox 581 3477 649 3539; x_wconf 90' lang='lat' dir='ltr'><strong>viso</strong></span> <span class='ocrx_word' id='word_1_229' title='bbox 666 3479 766 3540; x_wconf 89' lang='lat' dir='ltr'><strong>statim</strong></span> <span class='ocrx_word' id='word_1_230' title='bbox 780 3477 870 3539; x_wconf 85' lang='lat' dir='ltr'><strong>hoste</strong></span> <span class='ocrx_word' id='word_1_231' title='bbox 885 3492 983 3552; x_wconf 90' lang='lat' dir='ltr'><strong>prope</strong></span> <span class='ocrx_word' id='word_1_232' title='bbox 997 3475 1027 3536; x_wconf 90' lang='lat' dir='ltr'><strong>in</strong></span> 
     </span>
    </p>
   </div>
   <div class='ocr_carea' id='block_1_6' title="bbox 0 0 1222 3902">
    <p class='ocr_par' dir='ltr' id='par_1_8' title="bbox 0 0 1222 3902">
     <span class='ocr_line' id='line_1_31' title="bbox 0 0 1222 3902; baseline 0 0"><span class='ocrx_word' id='word_1_233' title='bbox 0 0 1222 3902; x_wconf 95' lang='lat' dir='ltr'><strong> </strong></span> 
     </span>
    </p>
   </div>
  </div>
 </body>
</html>
