2466 3900
252 226 368 290 aman
382 227 477 290 xxv.
500 227 584 289 cnr.
599 236 626 291 n.
646 233 804 304 [sena]
974 229 1014 296 el
1094 211 1098 220 ’

51 393 129 457 qaam
141 379 296 440 Tarentum
311 377 356 440 ire
370 376 540 455 constituit,
561 377 670 441 decem
683 378 805 442 milibus
819 380 958 457 pediturn
972 389 1014 443 at-

50 479 103 540 que
115 464 251 540 equiturn,
268 478 350 538 quos
364 462 395 523 in
409 463 608 539 expeditione
621 465 784 528 velocitate
799 479 965 542 corporum
979 481 1016 526 ac

47 547 151 608 levitate
164 563 320 610 armorum
330 547 511 624 aptissimos
522 562 596 610 esse
606 555 691 610 ratus
703 554 759 625 est,
774 549 891 624 electis
907 557 1016 627 quarta

44 631 135 705 vigilia
152 631 248 692 noetis
269 632 363 707 signa
381 631 491 707 movit,
517 632 762 709 praemissisque
782 634 937 710 octoginta
950 634 1016 695 lere

42 715 164 778 lundis
186 715 343 792 equilibus
369 716 534 793 praecipit,
559 723 594 777 ut
612 717 821 779 discurrerent
845 717 928 778 circa
947 718 1014 779 vias

43 799 310 876 perlustrarentque
332 801 435 862 omnia
450 801 564 875 cerdis,
586 815 625 860 ne
641 800 710 877 quis
726 802 891 877 agrestium
905 804 1013 876 procul

41 889 183 958 spectator
203 884 338 960 agminis
357 886 492 954 falleret3
514 899 720 960 praegressos
734 885 938 960 retraherent,
959 885 1014 947 ob-

43 968 102 1027 vios
115 967 301 1043 reciderent,
317 976 351 1032 ut
364 970 559 1045 praedonum
572 970 670 1044 magis
687 985 779 1046 qaam
793 971 948 1032 exercitus
962 984 1012 1030 ac·

44 1051 109 1112 colis
128 1052 246 1129 species
269 1062 367 1116 esset.
401 1055 472 1130 ipse
491 1055 604 1130 raptim
618 1054 740 1130 agmine
754 1061 823 1116 acto
839 1053 1015 1129 quindecim

44 1135 124 1196 terme
141 1135 253 1200 milium
276 1139 381 1214 spatio
405 1144 509 1199 eastra
530 1138 569 1199 ab
584 1138 714 1200 Tarento
729 1137 850 1213 pesula
874 1144 906 1198 et
919 1153 958 1197 ne
971 1136 1014 1196 ibi

46 1220 150 1294 quidem
162 1223 313 1299 nuntiato,
330 1239 392 1300 quo
408 1229 582 1299 pergerent.
604 1229 718 1282 tantum
734 1227 923 1283 convocatos
938 1222 1014 1280 mili·

50 1309 91 1362 tes
107 1305 224 1381 monuit,
244 1307 300 1367 via
321 1323 430 1369 omnes
450 1307 530 1368 irent
550 1320 608 1367 nec
629 1305 746 1366 deverti
762 1319 947 1381 quemquam
962 1311 1015 1365 aut

50 1387 176 1450 excedere
190 1391 336 1454 ordinem
350 1390 481 1468 agminis
495 1397 682 1466 paterentur,
698 1397 729 1451 et
741 1389 773 1450 in
787 1388 894 1464 primis
907 1387 1014 1448 intenti

49 1470 81 1529 ad
91 1470 205 1549 imperia
221 1476 408 1553 accipienda
423 1482 538 1550 essent,
557 1490 619 1536 neu
634 1475 708 1550 quid
723 1473 783 1534 nisi
798 1473 912 1534 dueum
926 1472 1014 1534 iussu

46 1555 174 1618 lacerante
192 1575 229 1620 sc
242 1562 276 1620 in
291 1567 433 1637 tempore
448 1559 600 1620 edituram
616 1573 697 1634 qaae
710 1560 804 1619 vellet
818 1557 876 1632 agi.
905 1556 1014 1618 eadem

47 1638 124 1700 lerme
139 1642 215 1704 hora
235 1645 404 1705 Tarentum
424 1645 508 1704 lama
527 1651 711 1720 pervenerat
723 1641 869 1704 Numidas
892 1641 1013 1716 equites

46 1737 144 1796 paucos
162 1729 310 1804 populari
330 1744 425 1804 agros
446 1736 658 1803 terroremque
677 1728 737 1786 late
752 1725 924 1801 agrestibus
938 1724 1012 1784 inie

47 1807 119 1867 cisse.
145 1811 184 1872 ad
198 1829 294 1890 quem
309 1813 449 1874 nuntium
462 1811 537 1871 nihil
551 1811 632 1872 ultra
644 1818 747 1872 motus
762 1810 937 1885 praelectus
952 1809 1012 1870 Ro·

47 1906 148 1970 naam,
169 1913 262 1972 quam
283 1903 319 1957 ut
332 1903 450 1973 partem
471 1896 608 1971 equitum
625 1901 752 1970 postero
768 1893 819 1954 die
831 1895 901 1954 luce
915 1893 1014 1967 prima

47 1973 143 2040 iuberet
155 1981 240 2042 exire
254 1982 298 2042 ad
311 1981 478 2042 arcendum
494 1979 745 2057 populationibus
759 1978 894 2038 hostemr
916 1977 947 2036 in
963 1991 1012 2036 ce·

48 2066 97 2121 tera
113 2063 187 2126 adeo
208 2065 287 2126 nihil
308 2065 348 2127 ob
363 2065 395 2126 id
409 2066 526 2126 intenta
546 2079 621 2125 cura
637 2071 699 2134 est,
723 2070 755 2123 ut
771 2067 876 2122 eontm
890 2074 947 2133 pro
965 2075 1011 2118 ar·

47 2155 168 2214 lumento
189 2149 286 2211 luerit
305 2150 358 2210 illa
381 2150 578 2226 procursatio
599 2147 798 2208 Numidarum
812 2142 1012 2204 Hannibalern

49 2231 259 2310 asscitumque
284 2235 395 2296 castris
422 2249 485 2296 non
509 2232 656 2295 movisse.
690 2228 842 2290 Hannibal
863 2225 1013 2288 concubia

48 2318 119 2373 noete
136 2318 240 2382 movit.
275 2319 341 2381 dux
354 2319 550 2380 Philemenus
565 2323 631 2377 erat
647 2329 717 2376 cum
731 2313 821 2374 solito
837 2318 946 2385 captae
962 2325 1012 2368 ve·

47 2395 155 2460 laicus
170 2417 284 2474 oneres
306 2404 400 2465 ceteri
414 2402 590 2478 proditores
602 2415 639 2461 ea
655 2414 734 2475 quae
745 2395 917 2471 composita
927 2401 1013 2454 erant

49 2485 257 2558 exspectabant
294 2495 482 2549 convenerat
499 2495 614 2558 autern,
637 2491 670 2544 ut
682 2482 876 2542 Philemenns
892 2479 1013 2554 portula

49 2564 156 2630 adsueta
178 2574 379 2633 venationem
404 2571 540 2632 inferens
569 2574 705 2629 armatos
725 2565 899 2637 induceret,
925 2570 1012 2638 purte

50 2647 94 2708 fllia
106 2662 217 2725 portam
232 2656 424 2717 Temenitida
438 2654 536 2715 adiret
551 2651 711 2714 Hannibal.
740 2664 779 2710 ea
790 2647 1013 2708 mediterranea

49 2733 114 2806 regio
127 2745 186 2815 est,
207 2741 359 2802 orientem
374 2745 513 2820 spectat,
540 2739 638 2812 ibique
653 2737 738 2796 meta
753 2734 846 2809 spatii
875 2732 1011 2808 aliquan·

50 2820 98 2876 tun
108 2819 181 2884 intra
193 2825 319 2887 moenia
332 2823 503 2885 includunt
535 2837 606 2882 cum
620 2827 727 2896 portae
741 2815 1010 2894 appropinquaret,

51 2898 131 2964 editas
144 2923 182 2968 ex
204 2911 381 2985 composito
401 2908 482 2983 ignis
503 2907 543 2966 ab
561 2902 733 2965 Hannibale
754 2907 802 2962 est
821 2899 1011 2975 rendsitque.

51 2979 114 3044 ilem
137 2993 288 3056 redditum
316 2994 356 3054 ab
385 2993 502 3068 Nicone
531 2991 668 3065 signnme
703 2985 872 3046 exstinctae
900 2981 1012 3044 deinde

53 3067 179 3149 utrimque
189 3077 334 3139 dammae
345 3082 426 3140 sunt.
447 3074 601 3136 Hannibal
612 3071 733 3133 silentio
746 3067 878 3130 ducebat
888 3067 928 3128 ad
939 3081 1011 3141 por·

52 3153 103 3210 arn.
126 3156 197 3222 luco
212 3179 253 3223 ex
268 3161 438 3238 improviso
455 3160 583 3221 adortus
601 3155 721 3231 sopitos
736 3153 844 3229 vigiles
859 3151 890 3211 in
905 3147 1010 3209 cubili·

54 3227 166 3326 blieris
180 3247 357 3319 obtruncat,
374 3252 560 3322 portamque
574 3240 680 3317 aperit.
707 3234 858 3298 Hannibal
874 3247 941 3294 cum
958 3245 1009 3304 pe-

55 3312 127 3382 ‘ffllffl
138 3331 255 3404 agmine
268 3331 455 3407 ingreditur,
470 3328 590 3404 equites
605 3323 776 3386 subsistere
790 3316 887 3388 iubet,
902 3321 935 3410 at
949 3329 1010 3388 quo

56 3410 92 3460 its
103 3416 226 3481 postulet
240 3431 408 3479 occurrere
422 3413 518 3474 libero
534 3425 643 3484 campo
658 3410 797 3483 possent
821 3408 851 3460 et
863 3396 1008 3458 Phrleme

58 3493 99 3546 ⁰¹¹⁸
111 3501 237 3566 renuas
252 3507 342 3579 parte
356 3499 431 3574 alin,
454 3512 516 3574 qua
530 3505 702 3557 commeare
716 3488 874 3574 adsuerat,
897 3496 1008 3558 appro-
