2434 3902
136 235 281 342 'LlBElt
295 233 415 294 llllvll.
440 236 521 298 cAl‘.
537 242 581 297 ao.
601 243 643 296 oo.
667 237 702 314 [a.
718 241 750 295 c.
765 237 827 315 eor]
946 235 1008 300 207

32 387 95 446 dam
110 385 170 461 peti
186 384 394 444 crediderant:
417 385 497 445 lama
511 385 621 445 deinde
636 385 740 447 Punici
754 387 835 462 belli,
853 404 914 463 quo
931 388 1006 450 duo·

31 470 173 530 decimum
187 468 395 529 annumltalie
409 468 560 544 urebatur,
576 470 652 530 satis
667 471 832 532 edocuerat
845 473 926 532 viam
942 480 1007 533 tan·

33 564 86 614 tuni
100 553 196 629 Alpes
211 567 306 627 esse,
324 552 402 614 duas
417 553 611 628 praeualidas
626 554 732 629 urbes,
755 571 865 631 magno
880 557 958 616 inter
972 572 1008 617 se

32 639 114 697 maris
129 643 343 712 terrarumque
357 636 457 713 spatio
473 637 631 713 discretas,
654 639 693 698 de
708 639 836 716 imperio
851 647 881 700 ct
895 641 1006 717 opibus

33 728 147 781 certare.
181 721 243 780 lrae
258 735 371 782 causae
386 729 569 796 aperuerant
582 723 680 797 Alpes
694 722 889 784 Hasdrubali.
926 731 1006 784 eete-

33 822 90 864 rum
104 805 188 880 quod
210 805 366 865 eeleritate
387 804 502 864 itineris
523 806 694 880 proiectum
715 813 794 880 eret,
818 809 849 867 id
865 824 951 869 mora
965 809 1005 868 ad

33 887 218 964 Placentiam,
243 889 316 949 dum
332 890 444 949 trustra
464 888 586 949 obsidet
606 891 702 966 magis
725 907 816 966 quam
838 899 1005 967 oppugnat,

36 972 164 1048 eormpit.
201 971 378 1034 crediderat
391 973 573 1048 campestris
589 974 697 1049 oppidi
713 975 831 1035 lacilem
847 991 1005 1050 expugna-

36 1056 133 1116 tionem
143 1071 225 1130 csso,
244 1063 275 1116 et
286 1056 428 1118 nobilitas
442 1057 581 1117 coloniae
597 1057 757 1118 induxerat
768 1073 846 1132 eum,
862 1073 1004 1134 magnum

35 1155 64 1198 se
81 1139 196 1200 excidio
220 1141 289 1200 eius
309 1140 394 1200 urbis
408 1148 555 1200 terrorem
571 1141 679 1201 ceteris
694 1150 791 1202 ratum
814 1142 1002 1202 iniecturum.

35 1239 87 1282 non
98 1224 193 1298 ipsum
207 1224 310 1284 solum
323 1239 360 1283 ea
373 1225 560 1300 oppugnatio
572 1225 719 1300 impediit,
736 1227 792 1286 sed
803 1226 1004 1286 Hannibalem

36 1314 98 1381 post
116 1309 223 1368 lamam
245 1307 391 1368 transitus
413 1309 480 1368 eius
495 1315 578 1368 tento
595 1325 652 1384 spe
667 1325 724 1370 sua
746 1310 924 1370 celeriorem
945 1309 1004 1368 iam

36 1399 193 1452 moventem
215 1407 256 1452 ex
277 1391 413 1452 hibernis
439 1392 644 1468 continuerat,
675 1393 791 1470 quippe
815 1400 1004 1468 reputantem

36 1489 86 1532 non
106 1477 216 1552 solum,
252 1492 344 1552 quam
366 1477 447 1535 lenta
467 1475 585 1536 urbium
608 1477 796 1553 oppugnatio
821 1484 918 1552 osset,
947 1477 1004 1537 sed

38 1558 126 1633 etiam,
148 1577 241 1635 quam
256 1560 326 1635 ipse
340 1559 453 1621 frustra
468 1562 598 1621 eandem
619 1561 699 1621 illem
716 1561 867 1622 coloniam
882 1561 921 1621 ab
933 1561 1002 1621 Tre-

38 1639 77 1700 bia
88 1643 180 1718 victor
194 1659 361 1720 regressus
377 1651 565 1719 temptasset.

105 1726 162 1786 XL.
182 1729 336 1789 Consules
349 1727 482 1788 diversis
494 1728 651 1789 itineribus
662 1729 790 1805 prolecli
803 1728 841 1788 ab
852 1728 929 1790 urbe
942 1731 1002 1788 vel·

41 1808 97 1868 utin
109 1811 167 1872 duo
184 1813 393 1888 pariterbella
411 1811 620 1874 distenderant
631 1829 721 1874 curas
733 1813 897 1886 hominum,
914 1812 1002 1874 simul

40 1894 255 1971 recordantium,
272 1913 350 1973 quas
363 1895 479 1972 primus
494 1897 646 1958 adventus
658 1896 838 1957 Hannibalis
853 1896 1003 1957 intulisset

42 1975 125 2038 ltaliae
139 1981 255 2056 clades,
270 1981 360 2041 simul
375 1995 442 2041 oum
458 1981 510 2040 illa
524 1988 649 2056 angeret
664 1996 745 2056 cura,
762 1986 916 2054 questam
932 1995 1002 2054 pro-

42 2059 115 2129 pitios
134 2065 200 2124 urbi
221 2073 316 2141 etque
337 2064 465 2140 imperio
481 2066 547 2125 lore
562 2065 654 2137 deos,
675 2065 716 2123 uti
738 2064 848 2125 eodem
863 2071 1003 2137 tompore

42 2144 180 2222 utrobique
194 2165 246 2210 res
262 2149 385 2225 publica
399 2164 550 2224 prospere
564 2153 728 2222 gereretur.
754 2147 856 2207 adhuc
870 2147 1001 2206 adversa

43 2231 166 2292 secundis
179 2234 341 2308 pensando
352 2248 416 2294 rem
428 2234 466 2293 ad
479 2232 508 2292 id
522 2238 642 2307 tempus
655 2238 820 2291 extractam
832 2245 912 2291 esse.
935 2245 1001 2289 eum

43 2306 65 2366 in
81 2311 158 2374 ltalia
177 2319 218 2378 ad
232 2317 474 2378 Trasumennum
498 2323 528 2377 et
547 2315 667 2376 Cannas
689 2313 924 2391 praecipitasset
939 2315 1001 2374 Ro-

43 2406 113 2455 mana
125 2414 182 2474 res,
199 2417 353 2477 prospera
362 2400 444 2462 bella
457 2399 488 2460 in
499 2399 647 2476 Hispania
662 2399 839 2475 prolapsam
854 2413 920 2458 cam
937 2411 1001 2456 ere-

44 2475 124 2539 xisset
145 2493 270 2561 postea,
294 2501 363 2546 eum
383 2485 414 2544 in
427 2485 577 2560 Hispania
597 2484 656 2544 alia
672 2499 766 2559 super
787 2482 875 2542 eliam
898 2481 1002 2540 clades

45 2557 143 2626 duobus
164 2569 297 2646 egregiis
312 2567 442 2630 ducibus
457 2567 580 2629 amissis
600 2569 679 2628 duos
695 2565 846 2627 exereitus
862 2581 900 2626 er
915 2571 1003 2640 parte

45 2640 165 2728 delesset,
186 2655 281 2714 multa
295 2653 434 2714 secunda
448 2652 575 2712 initalia
589 2651 755 2726 Siciliaque
768 2657 856 2726 gesta
871 2664 1000 2725 quassa·

46 2728 91 2787 itm
103 2748 161 2794 rem
175 2738 329 2812 publicam
352 2737 530 2812 excepisse;
553 2743 583 2796 ct
602 2737 704 2811 ipsum
726 2736 915 2796 intervallum
931 2733 1000 2805 loci,

46 2815 111 2880 llud
131 2818 159 2878 ln
178 2821 292 2884 ultimis
312 2829 460 2882 terrorum
482 2821 545 2881 oris
567 2819 692 2880 alterum
707 2819 819 2879 bellum
837 2823 1001 2893 gereretur,

47 2899 156 2984 §latium
171 2906 295 2968 dedisse
316 2905 355 2966 ad
370 2905 592 2980 respirandum.
624 2919 705 2963 nunc
720 2903 781 2964 duo
797 2902 877 2962 bella
898 2901 927 2960 in
944 2901 1001 2959 lta-

47 2973 100 3038 liam
113 2999 242 3066 accepta,
267 2992 329 3052 duo
341 2987 533 3049 celeberrimi
547 2987 678 3048 nominis
694 2988 789 3047 duces
805 2986 1001 3046 circumstare

48 3060 312 3150 urbcmltomanan,
328 3079 358 3134 et
370 3087 465 3134 unum
478 3073 509 3132 in
522 3073 622 3132 locum
632 3078 726 3133 totam
738 3068 866 3146 periculi
880 3068 1000 3138 molem,

50 3155 119 3209 omne
137 3171 212 3220 onus
232 3159 421 3221 incubuisse.
457 3157 509 3232 qui
530 3171 634 3217 eorum
655 3155 740 3231 prior
759 3154 900 3224 vicisset,
923 3149 1001 3209 intra

50 3241 144 3323 leucos
155 3241 219 3305 dies
232 3251 333 3305 eastra
344 3259 412 3303 eum
427 3243 523 3301 altero
538 3241 719 3301 iunctarum.
741 3235 873 3298 terrebat
887 3240 916 3294 ct
931 3248 1000 3308 pro-
1037 3299 1049 3318 ,

52 3323 129 3381 lmus
148 3340 241 3390 annus
261 3327 398 3403 lugubris
419 3325 548 3386 dotorum
569 3323 728 3384 consulum
750 3317 915 3380 luneribus.
952 3315 1000 3374 his

52 3400 207 3473 applicans
228 3413 369 3474 homines
392 3409 596 3485 digredientes
611 3407 640 3466 in
662 3402 836 3481 provincias
857 3399 1000 3461 consules

54 3490 179 3555 lroseeuti
192 3503 270 3558 sunt.
293 3495 458 3556 memoriae
469 3491 622 3568 proditum
636 3495 682 3548 cst
692 3489 814 3563 plenum
825 3482 927 3544 adhuc
937 3482 1000 3540 irae
