2428 3892
187 185 246 251 146
332 185 447 246 ttBER
461 183 568 244 ttxvt.
591 183 674 243 cai).
688 191 732 246 39·
748 192 792 246 4⁰.
815 190 852 257 [a.
864 191 901 243 U.
916 207 941 244 o.
956 191 1020 256 542]

186 353 313 419 egressa
327 353 396 400 oum
411 337 442 398 in
458 336 539 414 agris
555 335 673 414 passim
689 343 878 414 vagarentur,
901 338 1015 416 Livius,
1038 343 1094 417 qui
1110 343 1172 404 arci

187 423 404 507 praesidioque
418 422 557 483 Romano
575 429 731 498 praeerat,
753 420 885 482 intentus
901 423 932 484 in
953 439 1061 486 omnes
1079 441 1173 486 ocea-

186 511 289 573 siones
305 506 459 583 gerendae
472 505 517 566 rei
525 504 556 566 C.
565 504 702 566 Persium
716 505 879 582 impigrum
894 507 993 568 virum
1007 525 1079 570 cum
1097 511 1172 572 duo

186 591 242 655 bus
257 591 378 652 milibus
399 596 431 650 et
444 589 617 666 quingentis
632 597 815 651 armatorum
830 605 869 651 ex
885 607 957 652 arce
977 593 1097 670 emisit,
1124 595 1173 671 qui

184 691 263 753 vage
284 673 403 736 eiiusos
418 689 475 752 per
489 689 582 751 agros
596 675 781 752 palatosque
802 675 929 738 adortus
944 691 1012 738 cum
1029 678 1084 738 diu
1101 695 1173 755 pas·

184 763 243 822 sim
265 760 443 836 cecidisset,
465 773 585 836 paucos
599 773 639 819 cx
653 759 754 820 multis
769 760 889 837 trepida
903 761 976 837 iuga
996 761 1173 824 incidentes

185 844 378 922 semiapertis
405 851 562 922 portarum
590 843 706 906 ionibus
732 844 763 904 in
787 844 895 906 urbem
921 845 1087 923 compulit,
1117 863 1173 908 nec

183 933 305 992 muttum
329 930 424 1005 oftdt,
451 931 523 1006 quin
545 928 619 990 urbs
639 929 751 991 eodem
778 929 893 1006 impetu
914 936 1088 1006 caperetur.
1135 933 1173 992 ita

184 1021 333 1089 aequatae
347 1029 399 1074 res
414 1014 455 1075 ad
468 1013 639 1089 Tarentum,
657 1012 804 1076 Romanis
820 1013 985 1075 victoribus
1000 1021 1096 1091 terra,
1119 1017 1171 1077 Ta-

183 1099 309 1162 rentinis
324 1098 408 1159 mori.
437 1097 576 1159 frumenti
592 1113 676 1176 spes,
692 1099 816 1175 quaein
833 1099 931 1160 ocutis
948 1099 1054 1175 iuerat,
1072 1108 1171 1162 utros

185 1199 245 1261 que
261 1184 401 1244 frustrata
416 1183 540 1260 pariter.

268 1267 328 1329 NL.
356 1267 414 1328 Per
427 1267 515 1350 idem⁸
523 1274 645 1344 tempus
659 1268 813 1330 Laevinus
829 1271 952 1342 consui,
975 1268 1036 1328 iam
1058 1284 1171 1344 magna

183 1360 270 1430 parte
286 1353 357 1414 anni
372 1351 564 1426 circumacto,
580 1352 611 1413 in
628 1351 762 1436 Siciliam
775 1352 931 1415 veteribus
946 1353 1107 1428 novisque
1122 1369 1169 1413 so

183 1437 239 1499 ciis
267 1442 465 1514 exspectatus
492 1451 561 1498 eum
581 1437 733 1512 venisset,
762 1439 893 1515 primum
915 1452 952 1497 ac
972 1437 1170 1514 potissimum

184 1522 317 1582 omnium
332 1520 590 1598 ratusSyracusis
602 1536 684 1583 nova
699 1535 776 1600 pace
792 1521 964 1583 inconditas
980 1535 1169 1598 componere

184 1621 244 1667 res.
276 1605 475 1684 Agrigentum
496 1605 584 1682 inde,
604 1607 688 1683 quod
702 1607 774 1667 beili
787 1606 943 1684 ¹reliquum
963 1612 1029 1667 erat
1042 1607 1159 1667 tenebo

183 1698 293 1766 turque
308 1707 327 1750 a
342 1689 635 1766 Carthaginiensium
656 1692 758 1752 valido
774 1691 948 1768 praesidio,
971 1691 1061 1751 duxit
1076 1690 1157 1766 legio

182 1789 248 1836 nes.
271 1781 301 1836 et
315 1775 411 1836 adibit
426 1775 547 1836 iortuna
561 1775 694 1852 incepto.
713 1776 822 1839 Hanno
837 1781 902 1836 erat
916 1775 1086 1852 imperator
1101 1775 1167 1834 Car
1206 1805 1207 1818 κ

183 1857 433 1936 thaginiensium,
456 1861 514 1921 sed
535 1875 656 1922 omnem
675 1859 706 1922 in
720 1860 847 1921 Muttine
860 1859 1066 1935 Numidisque
1082 1873 1166 1935 spem

184 1943 349 2021 repositam
370 1943 533 2006 habebant.
565 1959 622 2022 per
643 1949 737 2006 totam
758 1943 892 2006 Siciliam
912 1959 1011 2019 vagus
1033 1944 1166 2020 praedas
1205 2013 1206 2024 2

183 2028 293 2105 agebat
313 2045 353 2089 ex
373 2029 467 2092 sociis
481 2030 706 2099 Romanorum
727 2043 828 2106 neque
850 2028 1008 2089 intercludi
1024 2027 1065 2088 ab
1080 2027 1165 2102 Agri-

182 2117 273 2188 genio
287 2112 317 2172 vi
332 2119 384 2175 aut
398 2119 462 2174 arte
477 2113 547 2190 utta,
563 2129 629 2190 nec,
645 2114 717 2191 quin
733 2119 906 2190 erumperet
916 2112 967 2174 ubi
980 2112 1083 2187 vellet,
1098 2126 1163 2188 pro·

182 2196 279 2257 hiberi
291 2203 419 2274 poterat.
440 2197 518 2259 haec
533 2198 600 2260 eius
612 2197 711 2274 gioria
722 2198 794 2274 quia
806 2198 867 2258 tam
882 2196 1077 2274 imperatoris
1092 2212 1163 2270 quo
1204 2239 1205 2242 ,

183 2283 357 2357 quesumus
377 2281 546 2359 oiiiciebat,
569 2289 726 2359 postremo
741 2282 772 2343 in
793 2281 939 2342 invidiam
954 2281 1059 2357 vertit,
1082 2287 1119 2340 ut
1132 2295 1167 2338 ne

183 2365 261 2426 bene
282 2372 388 2442 gestae
411 2367 535 2443 quidem
554 2380 606 2427 res
627 2367 687 2428 iam
701 2364 842 2428 Hannoni
863 2371 990 2442 propter
1010 2371 1166 2426 auctorent

182 2450 257 2512 satis
269 2451 367 2513 laetae
378 2458 492 2513 essent.
507 2457 636 2528 propter
645 2466 684 2511 ea
695 2457 851 2527 postremo
863 2450 1089 2527 praefecturam
1101 2447 1165 2508 eins
1203 2505 1204 2510 ,

182 2533 245 2595 nuo
261 2549 318 2597 suo
334 2535 427 2612 dedit,
447 2541 530 2598 ratus
546 2551 615 2597 cum
629 2534 758 2612 imperio
774 2534 983 2596 auctoritatem
999 2548 1127 2611 quoque
1141 2531 1166 2590 ei

180 2617 259 2680 inter
273 2619 418 2681 Numidas
440 2626 624 2695 erepturum.
658 2621 742 2696 quod
763 2621 854 2694 longe
873 2619 960 2679 aliter
974 2619 1073 2679 venit:
1097 2631 1166 2677 nam
1202 2677 1203 2700 ,

179 2710 316 2763 ueterem
337 2704 475 2765 favorem
495 2703 562 2766 eius
583 2720 641 2764 sua
661 2704 788 2781 insuper
807 2703 922 2763 invidia
942 2703 1042 2772 atatim
1065 2715 1166 2777 neque
1202 2709 1203 2754 t

181 2785 232 2850 ilie
247 2787 455 2864 indignitatem
469 2788 597 2850 iniuriae
610 2788 684 2863 tulit,
707 2788 930 2864 confestimque
945 2787 985 2847 ad
999 2785 1165 2847 Laevinum
1202 2781 1203 2870 i

181 2873 321 2933 occultos
337 2873 460 2935 nuntios
482 2873 563 2934 misit
584 2872 787 2934 detrudendo
803 2872 981 2948 Agrigento.
1013 2886 1071 2946 per
1085 2884 1163 2946 quos

181 2964 215 3018 ut
228 2963 275 3018 est
286 2958 367 3019 iacta
377 2958 456 3020 tides
470 2957 723 3035 compositusque
735 2957 778 3018 rei
789 2956 943 3033 gerendae
957 2955 1079 3032 modus,
1095 2969 1163 3031 por·

182 3047 243 3102 tam
264 3043 304 3103 ad
321 3059 405 3103 mare
426 3044 573 3105 ferentem
587 3041 735 3103 Numidae
756 3057 825 3103 cum
846 3045 1054 3118 occupassent
1067 3037 1163 3115 pulsis

182 3127 254 3189 inde
270 3127 449 3189 custodibus
464 3133 516 3190 aut
530 3126 639 3203 caesis,
660 3127 817 3188 Romanos
833 3126 874 3187 ad
888 3124 920 3186 id
934 3125 1037 3201 ipsum
1051 3124 1162 3183 missos

182 3211 213 3270 in
228 3211 333 3273 urbem
354 3218 548 3289 acceperunt.
579 3218 609 3272 et
624 3227 693 3273 oum
708 3210 828 3288 agmine
843 3211 903 3270 iam
918 3209 947 3269 in
963 3208 1067 3269 media
1080 3205 1162 3268 urbis

183 3309 220 3354 ac
241 3296 340 3356 iorum
359 3311 470 3373 magno
486 3296 615 3358 tumultu
635 3294 743 3371 iretur,
766 3301 851 3357 ratus
866 3295 975 3356 Hanno
996 3308 1060 3353 non
1082 3287 1160 3351 aliud

184 3393 275 3453 quarn
291 3380 448 3440 tumultum
463 3394 500 3439 ac
515 3378 740 3453 secessionem,
763 3379 795 3440 id
811 3379 895 3455 qnod
916 3380 1030 3436 etanta
1045 3372 1160 3434 accide

183 3467 238 3535 rot,
260 3460 455 3524 Numidarum
470 3477 551 3538 esse,
568 3461 609 3522 ad
624 3463 882 3539 comprimendam
898 3459 1079 3521 seditionem
1092 3469 1159 3534 pro·
