2448 3900
180 173 243 242 298
336 175 785 238 etBEltltxlx.cAl‘.n.1a.
809 180 928 248 [arxe
942 178 1007 246 sca]

181 329 297 408 passim
317 329 475 390 mulierum
496 340 739 406 puerorumque,
761 326 813 404 qui
827 325 990 402 rapiuntur
1005 331 1104 401 atque
1119 341 1164 386 as-

179 421 349 492 portantur,
364 412 536 488 ploratibus
547 420 667 475 sonant.
687 411 813 473 miretur
826 411 878 488 qui
890 412 977 485 sciat,
994 426 1062 486 quo
1073 409 1165 470 modo

180 505 231 562 aut
245 515 303 560 nos
319 498 357 558 ad
374 496 552 573 patiendum
567 496 773 567 sulliciamus,
795 503 847 558 ant
860 495 946 568 illos,
970 493 1026 570 qui
1043 494 1166 568 iaciunt,

179 583 315 644 nondum
331 589 481 642 mnarum
495 579 672 642 iniuriarum
687 580 812 640 satietas
828 579 953 655 ceperit
985 592 1097 654 neque
1112 594 1167 652 ega

179 666 310 742 exsequi
328 681 474 739 possum,
499 680 556 726 nec
575 664 666 724 vobis
688 678 803 740 operae
823 672 871 724 est
892 662 1017 736 duduc,
1053 661 1167 738 singuli

180 765 260 826 quae
281 749 369 824 passi
387 764 511 810 sumusr
531 748 732 810 communiter
752 747 855 808 omnia
869 748 1049 823 amplectar.
1089 761 1167 822 nego

179 835 303 896 domum
313 834 405 894 ullum
415 833 531 908 Locris,
547 848 628 910 nego
641 848 825 909 quemquam
837 831 990 893 hominem
1003 837 1167 907 expertem

178 917 304 979 iniuriae
327 933 414 987 essc;
437 933 517 994 nego
537 918 632 978 ullum
651 932 749 994 genus
771 917 898 977 sceleris
912 913 1050 979 libidinis
1068 916 1167 976 avari·

179 1002 239 1063 tiae
259 1017 443 1078 superesse,
466 1002 549 1078 quod
564 1001 595 1062 in
609 1002 688 1078 ullo,
710 1001 764 1076 qui
777 999 841 1077 pati
856 999 1005 1076 potuerit,
1027 1005 1167 1076 praeter-

177 1087 306 1148 missum
321 1086 370 1146 sit
402 1085 456 1146 vix
469 1086 548 1146 ratio
563 1085 631 1146 iniri
644 1092 763 1162 potest,
785 1090 853 1146 uter
868 1100 960 1156 casus
975 1083 1117 1146 civitatis
1132 1085 1169 1145 sit

178 1171 403 1246 detestabilior,
426 1185 495 1230 cnm
515 1169 622 1232 hostes
644 1170 725 1231 bello
747 1168 854 1232 urbem
876 1183 1004 1244 cepere,
1033 1185 1077 1229 an
1100 1185 1168 1229 curn

177 1254 339 1315 exitiabilis
350 1260 501 1333 tyrannus
512 1255 544 1316 vi
555 1260 649 1332 atque
660 1253 752 1316 armis
766 1254 932 1330 oppressit.
955 1253 1073 1328 omnia,
1088 1270 1168 1330 quae

177 1347 286 1415 captae
306 1339 400 1400 urbes
414 1338 584 1414 patiuntur,
605 1338 691 1413 passi
707 1353 815 1400 sumus
830 1344 943 1399 etcum
958 1337 1100 1401 maxime
1113 1355 1166 1414 pa·

157 1433 160 1440 ·
176 1423 276 1495 timur,
292 1429 396 1498 patres
411 1422 596 1498 conscriptis
619 1423 736 1498 omnia,
752 1437 832 1498 quae
847 1421 1055 1484 crudelissimi
1073 1429 1168 1498 atque

176 1506 429 1582 importunissimi
448 1508 570 1586 tyranni
588 1507 708 1568 seelera
720 1505 751 1566 in
769 1522 940 1583 oppressos
956 1505 1041 1566 cives
1059 1507 1166 1582 edunt,

175 1588 339 1650 Pleminius
365 1591 396 1650 in
417 1607 475 1652 nos
496 1592 676 1668 liberosque
696 1597 823 1652 nostros
844 1597 876 1652 et
889 1591 1039 1666 coniuges
1057 1591 1166 1652 edidit

175 1672 281 1734 XVIII.
305 1689 398 1734 unum
419 1682 482 1749 est,
504 1675 543 1736 de
564 1692 626 1750 quo
641 1673 819 1737 nominatim
833 1682 863 1737 et
876 1691 934 1736 nos
950 1675 1038 1752 queri
1055 1675 1165 1752 religio

175 1755 271 1816 infixa
284 1756 392 1817 animis
408 1765 507 1834 cogat,
523 1765 554 1820 et
567 1775 625 1820 vos
641 1760 750 1822 audire
764 1766 797 1820 et
809 1760 972 1820 exsolvere
982 1774 1050 1820 rem
1063 1760 1165 1834 publi·

176 1855 243 1900 cam
263 1847 397 1902 vestram
418 1842 581 1918 religione,
606 1844 634 1902 si
656 1843 697 1904 ita
719 1842 807 1904 vobis
828 1842 995 1917 videbitur,
1020 1843 1166 1920 velinms,
1214 1863 1215 1872 ¹

176 1931 279 2002 patres
295 1925 473 2002 conscripti.
504 1926 637 1988 vidimus
653 1929 742 2002 enim,
760 1942 829 1988 cum
844 1935 960 2002 quanta
973 1927 1166 1992 caerimonia

175 2025 236 2071 non
251 2016 374 2071 vestros
390 2013 489 2072 solum
506 2011 615 2072 colatis
631 2011 718 2087 deos,
740 2011 798 2072 scd
813 2011 903 2072 etiam
917 2017 1068 2072 externos
1084 2013 1165 2072 acci·

175 2093 276 2169 piatis.
303 2096 408 2156 lanum
423 2101 471 2156 cst
485 2095 569 2170 apud
584 2110 643 2156 nos
657 2093 872 2172 Proserpinae,
887 2095 927 2156 de
942 2094 1031 2156 cuius
1048 2097 1165 2158 sanci·

150 2161 164 2190 ⁸
173 2185 235 2238 tute
247 2181 349 2252 templi
363 2179 456 2241 eredo
469 2180 603 2252 aliquam
614 2180 726 2242 tamam
737 2179 778 2242 ad
788 2195 847 2238 vos
859 2178 1166 2258 pervenisschrrhi

172 2261 269 2336 bello,
292 2263 359 2338 qui,
375 2277 444 2324 eum
460 2279 498 2322 ex
515 2261 619 2324 Sicilia
631 2262 757 2326 rediens
771 2261 889 2323 Locros
906 2264 1009 2326 classe
1024 2271 1164 2338 praeter-

175 2344 351 2419 veheretur,
374 2345 453 2407 inter
467 2347 526 2408 alia
540 2346 647 2420 ioeda,
665 2363 745 2422 quae
761 2353 889 2422 propter
902 2346 996 2409 fidem
1013 2362 1093 2422 erga
1106 2365 1163 2410 vos

172 2427 203 2488 iu
223 2429 376 2490 civitatem
395 2437 532 2492 nostram
552 2431 689 2491 facinora
709 2429 819 2504 edidit,
845 2429 1010 2494 thesauros
1033 2448 1163 2508 quoquc

174 2509 376 2588 Proserpinae
401 2515 531 2576 intactos
557 2514 597 2574 ad
618 2529 685 2576 cam
712 2514 793 2576 diem
813 2513 975 2590 spoliavit3
1003 2515 1163 2592 atquem

173 2597 305 2670 pecunia
323 2598 354 2657 in
369 2613 465 2658 naves
479 2598 624 2674 imposita
638 2599 707 2674 ipse
721 2606 803 2660 terra
817 2605 866 2663 est
878 2598 1050 2676 proiectus.
1088 2600 1161 2679 quid

172 2694 245 2753 ergo
260 2681 371 2754 evenit,
387 2686 492 2756 patres
505 2682 694 2758 conscriptis
715 2682 825 2747 elassis
836 2689 966 2757 postero
979 2681 1031 2744 die
1042 2684 1157 2746 foedis·

173 2763 250 2822 sitne
264 2771 446 2839 tempestate
460 2765 607 2841 lacerata,
630 2782 803 2842 omnesque
816 2783 921 2841 nevos,
939 2783 1022 2842 quae
1037 2782 1157 2830 sacram

171 2846 333 2922 pecuniam
353 2847 540 2923 habuerunt,
561 2848 590 2910 in
612 2850 700 2912 litora
720 2857 828 2912 nostra
848 2849 964 2911 eiectae
980 2858 1064 2916 sunt.
1099 2868 1157 2928 qua
1212 2875 1213 2878 ¹

171 2938 255 2992 tanta
275 2931 363 2992 clade
377 2931 508 2996 edoctus
524 2934 646 2994 tandem
661 2936 740 2996 deos
754 2949 827 2996 esse
841 2933 1089 3012 superbissimus
1103 2952 1156 2996 rex

171 3015 332 3090 pecuniam
354 3032 474 3080 omnem
496 3017 701 3094 conquisitam
719 3018 750 3080 in
771 3017 936 3083 thesauros
949 3017 1156 3095 Proserpinae

170 3099 277 3160 reterri
301 3099 399 3162 iussit.
433 3117 491 3162 nec
516 3107 617 3164 mmen
641 3103 683 3164 illi
708 3119 855 3178 umquam
879 3107 991 3178 postea
1011 3103 1155 3180 prosperi

172 3183 337 3260 quiequam
359 3185 475 3256 evenit;
508 3187 683 3263 pulsusque
705 3187 792 3248 ltalia
811 3187 939 3262 ignobili
958 3193 1054 3263 atque
1069 3187 1154 3249 inho-

171 3273 258 3328 nesta
272 3276 370 3328 morte
384 3275 498 3329 temere
513 3276 604 3330 nocte
617 3269 778 3346 ingressus
787 3271 893 3346 Argos
906 3271 1061 3342 occubuit.
1079 3273 1154 3335 haec

171 3363 240 3442 enm
260 3350 399 3412 audisset
419 3353 539 3426 legatus
558 3359 662 3418 vester
681 3353 858 3430 tribunique
874 3353 1000 3421 militurn
1024 3362 1056 3416 et
1073 3355 1154 3419 mille

171 3427 245 3502 alra,
266 3445 346 3504 quae
365 3449 427 3492 non
449 3434 609 3509 augendae
633 3435 790 3511 religionis
811 3454 906 3498 eausa
921 3437 978 3499 sed
993 3438 1151 3514 praesenti
