2428 3892
219 224 334 287 ttBsslt
348 224 455 285 xxvi.
476 225 559 286 cni.
573 233 616 289 ta.
632 237 675 290 sa
699 233 735 301 [ι.
751 234 784 288 c.
799 235 862 303 nto]
970 229 1030 296 157

34 387 144 440 terum
157 377 275 439 voeatis
288 375 450 440 obsidibus
461 376 591 452 primum
601 377 763 441 universos
775 379 889 442 bonurn
900 383 1031 445 animum
1143 385 1148 406 '

33 462 163 523 trabere
183 461 286 523 iussit=
310 460 435 522 venisse
457 476 512 522 eos
526 461 557 521 in
572 461 679 538 populi
693 463 824 524 Romani
838 471 1032 546 potestatem,

34 547 96 623 qui
108 546 263 608 beneflcio
276 561 368 622 quam
382 551 465 606 metu
479 544 616 621 obligare
627 545 768 608 homines
782 548 873 626 malit,
895 557 1031 614 exteras-

34 647 106 709 quc
129 637 239 708 gentes
262 631 325 691 lide
346 645 383 691 ac
404 629 551 690 societate
572 629 691 694 iunctas
712 631 827 693 habere
843 649 933 710 quam
954 635 1031 697 tristi

34 716 203 778 subiectas
225 713 360 777 servitio.
392 714 504 774 deinde
523 713 659 791 acceptis
675 715 850 778 nominibus
865 717 1031 782 civitatium

33 801 202 862 recensuit
216 799 366 877 captivos,
389 806 464 874 quot
479 797 629 875 cuiusque
644 799 751 877 populi
767 807 886 878 essent,
910 811 940 864 ct
955 819 1032 866 nun-

34 887 104 947 tios
117 885 245 946 domum
256 883 346 960 misit,
361 889 396 945 ut
408 883 448 944 ad
461 897 537 945 suos
551 883 684 959 quisque
696 884 893 960 recipiendos
905 887 1031 950 veniret.

37 971 68 1031 si
84 986 216 1046 quarum
231 969 309 1030 torte
321 966 487 1029 civitatium
498 967 590 1044 legati
604 969 739 1045 aderaut,
755 968 801 1029 eis
816 971 1031 1046 praesentibus

36 1071 123 1116 suos
134 1053 281 1125 restituit3
298 1059 468 1114 ceterorum
479 1064 582 1113 curam
593 1050 725 1128 benigne
735 1047 919 1116 tu'endornm
927 1055 1032 1117 &Fia-
1107 1109 1108 1112 ,

35 1139 141 1200 minio
163 1137 320 1214 quaestori
341 1135 484 1198 attribuit.
515 1137 593 1196 inter
606 1136 684 1197 hace
698 1151 716 1196 e
730 1137 832 1199 media
845 1139 935 1200 turba
949 1139 1032 1225 obsi-

36 1226 119 1285 dum
134 1223 242 1282 mulier
256 1237 368 1298 magno
383 1229 463 1296 natu,
485 1220 642 1282 Mandonii
657 1237 745 1297 uxor,
768 1221 820 1298 qui
835 1222 928 1284 irater
942 1225 1031 1285 inde·

37 1309 115 1368 bilis
138 1307 300 1382 Ilergetum
319 1305 418 1382 reguli
442 1312 520 1378 erat,
551 1303 631 1365 ilens
652 1305 691 1365 ad
713 1305 811 1381 pedes
837 1306 1030 1383 imperatoris

38 1391 219 1468 procubuit,
236 1389 447 1467 obtestarique
462 1389 572 1466 coepit,
588 1396 621 1450 ut
636 1405 739 1449 curam
754 1390 930 1468 cultumque
945 1393 1029 1452 lenti-

39 1491 154 1537 narum
174 1474 345 1552 impensius
367 1472 549 1536 custodibus
571 1473 807 1534 commendaret.
841 1491 909 1538 cum
925 1475 1030 1554 Scipio

40 1562 117 1622 nibil
131 1559 306 1622 defuturum
317 1559 456 1635 prolecto
469 1558 592 1632 diceret
604 1565 667 1619 tum
677 1574 785 1620 rursus
794 1560 915 1622 muliera
929 1560 1030 1636 „haud

42 1644 148 1722 magni
162 1645 223 1706 ista
237 1643 386 1704 lacimus“
400 1643 511 1720 inquit=
527 1641 624 1719 „quid
640 1643 719 1704 enirn
734 1643 804 1704 huic
817 1644 957 1706 fortunae
969 1662 1030 1708 nnn

46 1730 120 1791 satis
136 1737 207 1791 esti
228 1729 287 1789 alla
301 1745 350 1789 me
365 1744 438 1789 cura
453 1733 582 1788 aetatem
596 1727 703 1788 harum
717 1727 883 1789 intuentem
902 1763 946 1776 -
961 1747 1030 1791 nam

44 1817 112 1890 ipsa
134 1815 199 1874 iam
217 1819 303 1874 extra
323 1815 493 1890 periculum
515 1811 642 1872 iniuriae
662 1811 817 1874 muliebris
833 1829 900 1874 sum
914 1847 957 1860 -
977 1815 1030 1876 sti·

43 1900 170 1961 mulat“.
200 1903 299 1958 aetate
314 1905 344 1958 ct
358 1899 456 1960 torma
470 1895 616 1958 ilorentes
632 1895 795 1958 circaeam
810 1907 896 1958 erant
911 1898 1030 1960 ludebi

44 1985 78 2044 lis
92 1983 179 2044 filiae
194 1984 334 2059 aliaeque
348 1981 505 2046 nobilitate
516 1981 593 2056 pari,
610 1996 689 2056 quae
703 1996 810 2041 omnes
825 1997 895 2041 eam
904 1998 961 2058 pro
973 1999 1026 2058 pa-

42 2074 129 2128 rente
155 2065 307 2131 colebant.
350 2075 411 2128 tum
438 2065 542 2142 Scipio
568 2080 680 2143 „meae
706 2065 876 2140 populique
900 2066 1030 2126 Romani

41 2151 229 2228 disciplinae
240 2168 336 2213 cansa
346 2151 499 2212 lacerem“
510 2147 616 2226 inquit,
630 2148 781 2224 „nequid
796 2149 879 2226 quod
891 2157 1030 2212 sanctum

41 2252 178 2313 usquam
193 2243 285 2310 esset,
303 2237 385 2312 apud
400 2251 458 2296 nos
474 2235 651 2296 moleretur:
671 2248 751 2292 nunc
765 2240 797 2293 ut
810 2233 842 2293 id
858 2249 961 2294 curem
976 2234 1029 2294 im-

44 2320 184 2396 pensius
207 2327 312 2382 vestra
326 2335 450 2396 quoque
465 2319 560 2380 virtus
576 2317 772 2394 dignitasque
786 2317 870 2392 lacit,
895 2334 975 2394 quac
990 2335 1029 2384 nc

43 2406 71 2464 in
84 2405 177 2466 malis
189 2404 314 2480 quidem
329 2404 439 2465 oblitae
451 2404 573 2464 decoris
588 2402 764 2464 matronalis
779 2401 885 2462 estis“.
908 2409 1025 2479 specta·

43 2498 91 2550 tac
106 2489 223 2550 deinde
238 2489 418 2566 integritatis
430 2487 497 2548 viro
512 2487 637 2548 tradidit
651 2501 714 2562 eas,
729 2485 870 2562 tuerique
882 2486 964 2548 haud
980 2503 1028 2548 se-

44 2590 97 2635 cus
119 2575 298 2634 uerecunde
320 2589 356 2634 ac
377 2567 516 2634 modeste
532 2588 624 2648 quam
644 2569 801 2646 hospitum
822 2570 970 2647 coniuges
992 2588 1029 2633 ac

43 2665 157 2719 matres
172 2658 271 2719 iussit.

128 2743 165 2803 L.
194 2743 321 2818 captiva
335 2741 448 2802 deinde
462 2757 481 2800 a
495 2738 639 2801 militibus
654 2739 815 2800 adducitur
830 2739 869 2800 ad
885 2755 955 2801 eum
975 2742 1016 2802 ad

45 2827 108 2886 ulta
128 2825 216 2902 virgo
238 2827 318 2887 adeo
339 2825 450 2885 eximia
465 2825 576 2898 torma,
598 2831 631 2884 ut
645 2839 838 2900 quacumque
858 2823 1026 2898 incedebat

45 2916 239 2971 converteret
253 2909 387 2973 omnium
402 2910 519 2970 oculos.
541 2907 654 2984 Scipio,
671 2914 887 2984 percunctatus
902 2910 1028 2986 patriam

46 3001 269 3069 parentesque,
294 2995 371 3054 inter
393 2999 494 3054 cetera
517 2993 636 3069 accepit
658 2993 847 3070 desponsam
862 3009 930 3056 eum
946 2995 1029 3069 prin-

47 3078 108 3153 cipi
124 3077 344 3140 celtiberorum
360 3076 565 3139 adolescentia
579 3076 727 3138 AlucceIo
742 3092 854 3139 nomen
869 3085 943 3138 erat.
978 3092 1028 3137 ex-

47 3163 159 3238 templo
175 3162 266 3238 igitur
279 3161 457 3239 parentibus
473 3177 653 3238 sponsoque
668 3161 706 3223 ab
722 3161 815 3224 domo
830 3160 945 3235 accitis,
962 3175 1030 3220 curn

48 3246 165 3306 interim
180 3247 301 3309 audiret
312 3246 453 3324 deperire
468 3262 538 3307 enm
554 3261 691 3322 sponsae
706 3261 819 3322 amore,
833 3243 885 3306 ubi
901 3243 1030 3320 primum

50 3331 145 3408 venit,
170 3332 360 3392 accuratiore
375 3347 442 3392 curn
466 3345 608 3392 sermone
623 3346 714 3406 quam
727 3335 870 3406 parentes
891 3326 1030 3403 adloqui-

51 3420 111 3472 ture
140 3415 302 3491 „iuvcnis“
323 3415 422 3492 inquit
442 3415 604 3491 „iuvenem
626 3414 765 3492 appello,
790 3426 851 3488 quo
873 3411 971 3471 minor
992 3411 1030 3473 sit

53 3495 128 3564 inter
147 3514 203 3560 nos
218 3497 310 3562 huius
325 3499 476 3561 sermonis
498 3497 693 3561 verecundia.
725 3511 798 3572 ego,
823 3511 892 3556 cum
912 3509 1029 3572 sponsa
