2434 3902
215 201 333 262 inmun
345 199 465 259 xxva.
489 151 572 256 cle.
588 205 631 258 c.
646 203 690 258 lc.
713 202 750 270 [a.
767 201 799 252 c.
816 200 879 268 ror]
974 194 1037 259 ate

57 373 140 434 spem
153 361 331 428 metumque
346 350 502 426 impellere
517 350 647 409 ammos.
679 349 796 424 gloriae
810 350 934 427 quidem
950 367 1037 414 exre

57 441 237 514 benegesto
261 443 368 512 partae
389 436 518 495 fructum
539 449 639 509 prope
659 449 781 494 omnem
801 435 889 510 ipsos
903 437 1036 496 laturos:

58 539 173 599 semper
185 522 270 597 quod
284 528 473 596 postremmn
484 518 637 579 adiectum
648 519 696 591 sit,
712 519 744 578 id
757 534 822 579 rem
833 526 927 580 totam
939 521 1036 581 videri

56 607 192 668 traxisse.
226 620 354 665 cernere
371 604 458 680 ipsos
475 619 536 679 quo
552 619 721 676 concursu,
745 619 807 677 quc
826 603 1036 680 admiratione,

57 708 112 768 quo
128 692 236 751 levore
248 689 405 750 hominum
420 689 477 748 iter
491 705 581 749 suum
597 686 775 748 celebretur.
798 695 829 748 et
842 686 968 750 hercule
981 705 1037 766 per

58 777 196 843 instructa
211 775 317 835 omnia
340 772 498 835 ordinibus
514 771 648 832 virorum
663 771 885 848 mulierumque
900 774 1037 849 undique

58 860 185 934 creagris
208 858 395 932 effusorum,
417 859 494 917 inter
509 862 580 917 vota
595 862 625 916 et
639 871 748 932 preces
763 863 794 915 et
807 856 917 918 landes
937 858 1036 919 ibant:

59 945 120 1005 illos
135 943 294 1020 praesidia
307 942 352 1003 rei
367 941 523 1018 publicae,
545 940 684 1002 vindices
706 939 789 1000 urbis
803 941 961 1002 Romanae
981 943 1035 1002 im·

60 1028 191 1105 perlique
213 1026 427 1104 appellabisne
452 1026 483 1085 in
504 1025 623 1085 illorum
645 1025 738 1086 armis
754 1025 934 1102 dextrisque
949 1043 1036 1088 suam

60 1111 279 1186 liberorumque
304 1125 430 1172 suorum
455 1111 584 1170 salutem
614 1125 651 1170 ac
677 1109 844 1170 libertatem
867 1111 1035 1186 repositam

64 1212 135 1257 esse.
167 1197 247 1256 deos
265 1211 373 1256 omnes
389 1194 528 1270 deasque
543 1194 760 1270 precabantur,
782 1202 816 1255 ut
829 1195 888 1254 illis
904 1196 1035 1257 faustum

62 1280 111 1340 iter
128 1280 263 1356 felixque
286 1296 390 1356 pugna
404 1287 434 1340 et
447 1286 565 1340 matura
586 1293 625 1339 ex
639 1278 779 1339 hostibus
796 1279 923 1342 victoria
942 1287 1035 1354 esset,

62 1363 330 1440 damnarenturque
344 1365 405 1440 ipsi
419 1371 570 1435 votorum,
594 1379 674 1439 quac
688 1379 746 1439 pro
760 1364 798 1424 iis
814 1363 1036 1440 suscepissent,

63 1454 95 1520 nt,
110 1465 197 1524 quem
212 1451 255 1510 ad
270 1450 394 1509 modum
409 1465 490 1509 nunc
505 1446 625 1509 solliciti
638 1456 900 1524 prosequerentur
914 1464 980 1524 cos,
995 1449 1033 1508 ita

64 1548 167 1606 paucos
189 1541 267 1611 post
289 1534 357 1594 dies
378 1534 450 1593 laeti
471 1531 634 1594 ovantibus
655 1532 782 1594 victorin
804 1533 927 1593 obviam
949 1534 1035 1594 irent

64 1617 178 1680 invitare
198 1618 273 1678 inde
289 1633 345 1693 pro
367 1633 403 1678 se
418 1619 551 1692 quisque
572 1624 602 1677 et
616 1615 728 1678 offerre
743 1625 773 1678 et
788 1617 916 1692 fatigare
937 1619 1033 1694 preci·

66 1699 120 1775 bus,
140 1710 180 1775 ut
202 1719 284 1778 quae
299 1702 376 1779 ipsis
391 1702 595 1778 iumentisque
609 1702 678 1763 usui
693 1709 812 1775 essent,
836 1702 874 1762 ab
891 1717 925 1763 se
940 1703 1035 1778 potis-

65 1784 344 1848 simumsumereat=
359 1785 492 1862 benigne
503 1784 605 1847 omnia
617 1788 768 1848 cumulata
779 1787 863 1846 dare.
885 1788 1035 1860 modestia

66 1877 166 1930 certare
177 1872 301 1948 militeS,
313 1887 352 1931 ne
366 1871 440 1947 quid
452 1872 530 1932 ultra
540 1888 632 1932 usum
642 1871 851 1932 necessarium
863 1881 1034 1941 sumerent;

67 1951 128 2012 nihil
138 1957 261 2032 morari,
277 1971 334 2016 nec
349 1954 388 2014 ab
404 1955 500 2031 signis
516 1954 666 2016 absistere
682 1971 739 2015 nec
754 1954 924 2015 subsistere
935 1953 1035 2014 cibum

65 2039 223 2112 capientes;
251 2040 332 2100 diem
352 2055 389 2099 ac
405 2047 525 2100 noctem
547 2041 606 2110 ire3
628 2039 681 2098 vix
697 2039 781 2114 quod
796 2039 871 2098 satis
896 2038 935 2098 ad
949 2045 1034 2099 natu·

64 2122 118 2182 rale
131 2124 318 2186 desiderium
333 2140 497 2199 corporum
512 2131 604 2197 esset,
622 2124 715 2200 quieti
730 2123 814 2182 darc.
842 2130 872 2182 et
887 2124 928 2182 ad
943 2123 1034 2182 colle·
1057 2122 1062 2130 ’

64 2219 123 2278 garn
136 2210 299 2284 praemissi
320 2215 406 2269 erant
421 2209 474 2284 qui
489 2208 661 2269 nuntiarent
678 2208 842 2268 adventum
856 2214 1032 2282 percuncta*

65 2297 227 2370 renturque,
251 2295 329 2354 clam
344 2310 383 2354 an
399 2293 514 2370 palam,
536 2292 669 2354 interdiu
683 2309 721 2352 aa
737 2298 829 2352 noctu
843 2292 949 2352 venire
964 2307 1035 2352 sese

21 2401 22 2404 =
66 2375 151 2450 vellet
166 2380 266 2440 isdem
280 2395 320 2438 an
335 2377 403 2438 aliis
416 2375 581 2438 considere
590 2376 707 2438 castris.
730 2383 820 2437 nocte
832 2377 909 2436 clam
924 2376 1035 2437 intrare

65 2459 161 2522 melius
175 2463 276 2524 visum
293 2471 348 2523 est.

137 2545 240 2608 XLVI.
262 2549 393 2608 Tessera
406 2563 461 2624 per
472 2554 573 2606 castra
587 2539 625 2606 ab
636 2546 723 2628 Livio
736 2547 864 2606 consule
875 2546 946 2606 data
961 2555 1034 2622 erat,

65 2632 93 2684 ut
104 2628 238 2693 tribunus
253 2632 415 2705 tribunum,
437 2629 573 2692 centurio
590 2631 813 2702 centurionem,
838 2646 934 2705 eques
949 2631 1034 2707 eqni-

66 2713 124 2785 tcm‚
139 2717 234 2790 pedes
251 2716 385 2794 peditem
398 2716 567 2791 acciperem
590 2731 691 2790 neque
706 2716 785 2776 enim
801 2715 919 2775 dilatari
934 2723 1035 2776 castra

67 2807 134 2868 apos
149 2815 228 2875 esse,
251 2818 290 2862 ne
304 2801 403 2862 hostis
419 2801 583 2860 adventum
598 2801 723 2862 alterius
740 2799 877 2874 consulis
893 2801 1032 2870 sentiret;

67 2884 91 2936 et
104 2888 242 2946 coartatio
258 2887 389 2962 plurium
410 2887 440 2946 in
456 2891 586 2960 angusto
601 2885 787 2946 tendentium
803 2884 922 2944 facilior
937 2885 1035 2944 lutura

68 2973 135 3040 erat,
158 2973 240 3045 quod
256 2971 441 3032 Claudianus
463 2969 616 3030 exercitus
638 2969 711 3030 nihil
726 2972 789 3056 lere
808 2975 930 3045 praeter
950 2985 1035 3029 arma

69 3059 158 3112 secum
178 3055 208 3114 in
230 3055 458 3131 expeditionem
481 3056 597 3114 tulerat.
631 3061 765 3115 ceterum
785 3055 815 3113 in
836 3053 905 3128 ipso
927 3053 1034 3112 itinere

69 3139 176 3197 aucum
190 3139 369 3200 voluntariis
385 3153 493 3215 agmen
509 3145 588 3213 erat,
612 3137 810 3198 offerentibus
825 3139 903 3197 ultro
919 3151 990 3196 sese
1005 3143 1034 3196 et

69 3220 207 3284 veteribus
233 3224 378 3286 militibus
403 3223 571 3300 perfunctis
596 3223 655 3282 iam
681 3222 785 3282 militia
806 3226 836 3302 et
861 3219 1032 3294 iuvenibus,

72 3313 137 3370 luas
151 3308 283 3370 certatim
299 3309 423 3369 nomina
437 3308 554 3379 dantes,
572 3307 598 3366 si
612 3319 740 3382 quorum
755 3305 894 3381 corporis
910 3304 1032 3380 species

70 3382 206 3466 roburque
221 3393 330 3453 virium
344 3399 448 3469 aptum
463 3391 586 3452 militiae
603 3390 773 3464 videbatur,
795 3387 1031 3463 conscripserat.

72 3466 104 3524 td
122 3469 224 3538 Senam
246 3484 348 3540 castra
369 3477 491 3537 alterius
513 3475 771 3546 commiserant,
798 3479 827 3532 et
850 3471 1032 3548 quingentos
