2466 3900
138 259 191 306 xw
536 241 728 293 PRAEFATIO.

137 395 204 448 Hori.
216 403 274 447 ente
292 413 315 446 v.
329 398 456 448 exercitus
472 399 555 464 posui,
574 405 602 447 ut
620 396 726 446 iscunse
745 398 816 464 origo
835 396 934 446 facilius
948 396 1114 464 intelligatur.

136 467 170 519 ib.
188 480 248 516 num
272 468 442 531 exercituique
460 467 570 530 Capuam
588 474 612 516 et
628 467 703 532 poulo
721 476 779 532 post
803 466 909 532 „ecdem
931 467 1030 516 militiae
1048 469 1114 532 ipno-

135 537 227 584 miniu“
245 536 270 583 in
285 539 342 584 Aut
359 534 499 599 inreliquis
518 537 592 587 bonis
610 537 705 586 omisso
722 536 771 584 siut
788 551 838 584 uon
857 543 964 584 constat.
984 533 1049 588 (1.8.
1069 537 1114 601 „or

134 611 245 654 senacon
259 601 304 654 ut“
323 603 410 655 Alsch.
424 605 511 655 edidit.
542 606 577 656 ib.
596 621 662 670 „eae
673 603 795 654 eductae“
813 602 957 653 firmaturD
976 606 1114 670 scriptum

135 674 182 723 sed
204 673 289 722 nescio
313 689 346 722 nn
368 682 434 724 recte
459 674 512 726 Pol.
531 673 556 724 2.
576 675 746 724 emendaverit
769 689 836 735 „coe
858 673 1008 725 deductoe“.
1040 673 1067 723 D.
1087 671 1114 724 9.

135 741 202 791 Sora
220 743 295 792 etium
311 742 337 792 h.
348 742 365 794 1.
382 744 492 794 scribere
510 742 597 807 mului,
616 758 692 806 quum
710 741 776 792 inire
788 740 831 805 29,
849 741 879 792 15
898 741 1115 799 σανα-1111111

135 812 180 876 vig
198 810 261 876 Opp.
281 813 310 874 1.,
328 808 388 864 268.
421 813 455 862 ib.
474 813 532 862 inde
549 816 574 862 in
590 815 700 863 colonico
715 812 822 860 restitui.
831 811 902 864 Cdo.
920 819 1045 876 ,paratos
1058 813 1115 876 sor-

134 881 198 930 mula
215 877 288 930 eese“
306 881 365 933 cdd.
383 881 490 932 hebent:
510 882 596 932 dubito
616 897 676 931 uum
694 897 729 931 cc
747 881 827 930 omitti
843 881 961 946 potuerit.
984 881 1018 933 ib.
1034 883 1115 944 piuri-

134 950 180 998 bus
204 964 254 1000 om.
276 951 301 1000 si
319 951 345 999 in
363 949 384 998 D
403 960 450 1001 est.
469 949 555 1002 Alsch.
574 952 666 1000 odiecit
683 959 740 1015 post
756 966 782 1002 v.
806 949 935 1012 pluribus:
957 949 1025 999 idem
1050 951 1115 1016 „dc-

134 1033 190 1068 esse
207 1021 251 1080 ιζ’·
277 1020 361 1083 dedit,
385 1021 453 1082 quod
475 1021 500 1070 iu
520 1021 543 1069 A
561 1029 599 1070 est
616 1021 727 1076 deesset,-
754 1019 842 1070 dubito
860 1033 920 1067 num
937 1026 962 1068 et
979 1027 1074 1068 certum
1091 1028 1116 1068 et

135 1089 305 1137 necessarium
323 1089 363 1137 sit.
390 1089 424 1140 11).
442 1089 563 1140 Nucerini
579 1097 603 1139 et
621 1089 753 1138 Hadriani
770 1097 833 1153 optt.
852 1088 953 1138 hubent.
989 1089 1024 1141 ib.
1044 1090 1114 1154 quic-

134 1171 249 1222 quopena
266 1158 289 1206 A
309 1158 417 1206 correxit
434 1157 523 1210 Alsch.
562 1158 590 1215 0.
611 1159 652 1210 ll.
673 1160 758 1224 „intus
775 1155 880 1206 ccilarn“
899 1172 959 1206 num
977 1173 1063 1206 verum
1081 1158 1114 1206 sit

134 1227 271 1292 dubitatur,
290 1227 336 1276 sed
353 1227 474 1278 eudemius
495 1228 577 1278 Haud.
597 1226 668 1276 Ture.
684 1224 710 1287 3,
723 1221 775 1276 448
791 1228 863 1276 aedis
882 1225 962 1276 deleri
978 1226 1062 1288 iubet;
1079 1241 1113 1275 nn

134 1296 182 1346 init
198 1297 242 1358 „in
259 1297 316 1359 iprea
334 1294 427 1351 cellc“.
458 1298 494 1349 ib.
512 1299 672 1348 incensores
690 1297 748 1347 cdd.
768 1295 854 1345 Alsch.
874 1296 951 1362 „iude
967 1293 1112 1359 cerneres“,

134 1366 180 1416 sed
196 1365 245 1415 hoo
262 1367 371 1430 primum
388 1372 435 1430 est,
453 1368 521 1430 quod
539 1381 555 1416 n
572 1368 718 1416 censoribus
736 1364 874 1430 peragitur.
906 1366 943 1415 ib.
961 1364 1012 1414 BD.
1032 1366 1113 1416 tradi-

133 1443 181 1486 tum
200 1435 318 1498 patribus
342 1434 410 1497 quod
435 1450 484 1484 uon
509 1437 688 1500 spernendum.
715 1436 750 1484 ib.
771 1433 820 1487 BD.
848 1441 873 1484 et
887 1434 922 1485 ibi
938 1435 1054 1498 occulius,
1079 1449 1111 1484 nn

135 1505 180 1555 iuit
206 1503 275 1554 Titus
297 1507 319 1553 is
337 1503 467 1554 Manlius?
487 1513 554 1554 certe
574 1512 598 1554 et
622 1511 744 1570 superest.
778 1504 812 1553 ib.
832 1503 882 1552 BD.
907 1504 996 1554 atriwn
1019 1505 1110 1570 repient

132 1574 201 1636 quod
219 1573 313 1637 recepi,
329 1571 363 1623 ci.
374 1572 469 1621 Becker
482 1570 643 1638 1211189,
658 1582 696 1624 est
707 1573 797 1622 atrium
808 1572 909 1635 Vestae,
924 1574 996 1638 regio
1005 1572 1109 1622 Numae.

133 1639 214 1696 1112.
234 1641 354 1690 tortasse:
372 1641 508 1692 obtestatus
524 1651 562 1693 est
580 1651 618 1699 et,-
635 1652 660 1692 et
676 1651 703 1693 ut
714 1643 740 1691 in
751 1641 801 1694 BD.
818 1649 857 1692 est
867 1641 1025 1708 Marcellum,
1040 1657 1112 1708 quam

131 1727 157 1763 v.
175 1717 204 1760 ut
221 1711 316 1759 omisso
335 1709 470 1776 legendum
488 1719 535 1761 est.
566 1713 600 1764 11).
619 1711 736 1762 Morinum
753 1712 831 1761 altero
847 1709 902 1762 ioco
921 1726 1055 1777 superesse
1072 1726 1110 1760 rc·

131 1788 171 1828 tus
190 1779 292 1828 seclusi.
329 1779 363 1828 ib.
382 1779 466 1833 Alsch.
486 1781 602 1831 turbatim
619 1781 711 1846 edidit,
731 1782 756 1829 in
773 1779 824 1833 BD.
842 1781 884 1830 ati.
903 1795 954 1831 non
972 1782 1110 1830 inventum.

132 1851 166 1899 11).
184 1850 299 1899 nouiter
318 1850 412 1914 quietos
426 1851 516 1914 facere
533 1851 558 1900 iu
576 1852 595 1901 1⁸*
613 1852 714 1900 invento
728 1857 801 1910 sunt,
820 1865 886 1912 queo
904 1851 926 1899 si
944 1866 959 1900 e
976 1865 1032 1916 cup.
1052 1864 1112 1915 pro-

130 1918 199 1968 ximo
217 1917 304 1967 addite
319 1925 402 1985 putes,
421 1935 510 1970 vereor
527 1935 559 1969 ne
576 1920 651 1969 etium
668 1921 799 1983 sequentia
818 1919 924 1969 delenda
943 1920 1002 1972 sint.
1030 1921 1112 1969 taces·

131 1987 241 2036 cientium
259 1987 281 2036 A
298 1986 382 2048 habet,
401 1989 497 2054 dubito,
515 2004 575 2038 uum
593 1997 670 2048 recte;
690 1989 736 2038 sed
751 1987 785 2040 ci.
806 1985 849 2054 23,
867 1985 909 2039 46.
947 1985 1030 2039 (1.13.
1051 2004 1112 2052 „ce-

130 2071 214 2106 cercm
231 2063 305 2121 atquc
322 2055 457 2106 acerbam“
482 2059 548 2110 coni.
566 2057 662 2117 Alsch.,
686 2059 755 2109 idem
778 2066 851 2122 ,sunt
868 2056 973 2109 eadem⁸⁴
998 2058 1111 2123 scripsit.

131 2124 158 2177 D.
179 2123 219 2178 15.
243 2133 371 2188 apparatu
396 2143 491 2192 quoquc
515 2126 613 2193 Alsch.,
636 2135 661 2177 et
679 2128 714 2178 itu
732 2133 771 2176 cst
789 2127 816 2176 in
831 2127 866 2186 D,
890 2127 937 2176 sed
958 2126 1021 2177 nihii
1039 2126 1111 2176 alind

130 2196 181 2244 nisi
203 2193 401 2245 machinationes
423 2197 457 2245 od
478 2197 677 2264 oppugnandum
695 2196 783 2246 urbem
805 2211 884 2246 naves
903 2195 1024 2249 ierebcut.
1052 2211 1111 2246 oue-

130 2265 217 2314 φανίας
239 2266 316 2314 soiwn
341 2265 367 2314 iu
385 2273 447 2330 optt.
466 2273 537 2326 sunt;
563 2267 610 2316 sed
634 2273 700 2315 recte
721 2264 817 2314 librarii
840 2265 897 2317 cdd.
914 2280 979 2319 reco.
998 2266 1110 2315 sensisse

130 2334 247 2384 videntur
264 2333 362 2397 aliquid
378 2349 434 2384 esse
451 2336 583 2386 omissum.
618 2333 646 2386 G.
655 2331 705 2389 ⁷16.
725 2349 836 2399 „occare
848 2333 1020 2398 paccio-poci‘
1037 2335 1110 2384 resti·

130 2403 175 2460 tui,
194 2401 227 2451 ci.
246 2401 374 2468 Kreyssig.
389 2412 522 2454 comment.
544 2405 576 2454 de
592 2403 653 2454 Soli.
673 2403 764 2469 imgm.
782 2418 808 2469 p.
828 2401 888 2456 101.
917 2404 953 2456 ih.
973 2405 1058 2453 nescio
1077 2417 1110 2452 sn

130 2473 222 2535 „cipue
238 2485 270 2519 cc
286 2469 407 2521 tabulae“
428 2473 587 2523 scribendum
612 2473 696 2525 Averit.
728 2472 761 2523 11).
780 2473 827 2522 sed
843 2480 868 2524 et
888 2473 914 2522 in
931 2473 989 2526 cdd.
1007 2471 1109 2538 legitur,

130 2540 176 2590 sed
197 2537 260 2588 nihii
281 2547 334 2604 est,
357 2555 406 2603 quo
427 2548 452 2590 et
470 2541 601 2591 referatur.
636 2543 671 2592 ib.
695 2548 799 2606 propter
821 2541 928 2592 formem
944 2540 1111 2606 interropcr'rti

130 2609 240 2672 positum
253 2607 353 2657 videtur
368 2607 475 2661 scribae.
501 2610 535 2662 11).
552 2625 569 2659 a
581 2611 678 2675 fraude
693 2612 809 2660 revocavi
824 2611 893 2674 quod
905 2611 1019 2674 sequitur
1034 2619 1059 2661 et
1076 2611 1108 2660 ab

129 2677 238 2739 insidiis,
255 2675 289 2725 ci.
310 2675 335 2741 l,
354 2673 404 2740 583
427 2676 469 2743 21,
487 2675 522 2728 11
538 2678 582 2732 sii.
618 2679 645 2734 G.
665 2675 707 2732 17.
726 2678 886 2745 „moccmw
909 2677 996 2730 Alsch.
1023 2679 1108 2730 dedit:

129 2748 153 2795 in
172 2746 230 2798 cdd.
254 2745 329 2814 etiam
354 2746 499 2798 Dmooeret
521 2757 568 2798 est.
609 2750 644 2802 11).
670 2764 718 2799 ora
738 2756 796 2798 erat
817 2749 888 2807 dedi:
916 2749 943 2797 in
967 2748 1024 2800 cdd.
1050 2757 1109 2798 erat

129 2817 261 2868 omissum.
291 2815 326 2867 11).
345 2816 372 2864 in
389 2817 413 2865 A
429 2825 480 2866 est:
509 2818 614 2882 adfatim
632 2826 689 2868 erat
704 2824 730 2868 ct
747 2833 811 2884 quae
827 2818 1040 2881 poet-opificium
1055 2833 1107 2867 eron

126 2885 159 2933 iio
172 2883 268 2946 relique
287 2885 314 2933 iu
332 2899 395 2938 rece.
413 2885 471 2935 cdd.
491 2895 548 2936 sunt
563 2889 659 2940 addito.
676 2886 762 2937 Alsch.
779 2888 889 2950 cpitimcn
904 2889 1038 2938 certamine
1049 2903 1108 2937 con·

127 2954 194 3018 iecit,
213 2953 259 3002 sed
275 2954 361 3004 nescio
377 2969 410 3003 cn
424 2953 556 3006 multitudo
573 2959 657 3023 potins
675 2956 894 3006 commemorando
912 2954 997 3009 iuerit.
1029 2957 1063 3007 ib.
1084 2963 1109 3007 et

127 3021 282 3072 ltiandonr'us
297 3037 350 3072 occ.
365 3022 485 3073 Indebilis
502 3025 528 3073 in
542 3040 605 3076 rece.
625 3026 682 3079 cdd.
701 3025 801 3084 cdditar
820 3040 885 3089 quse
897 3032 1027 3089 praeterea
1044 3025 1108 3076 odii·

127 3091 195 3140 ciunt
212 3106 264 3141 cren
277 3093 330 3142 crae
345 3094 424 3156 copiis
439 3102 542 3158 propter
551 3109 590 3160 ea,
606 3109 671 3158 quse
683 3095 764 3160 capite
777 3101 888 3145 extremo
901 3094 1030 3162 leguntur,
1047 3109 1108 3144 vers

127 3174 183 3209 esse
207 3175 258 3210 non
279 3168 400 3226 possunt,
426 3161 459 3213 ci.
477 3162 564 3228 Polyb.
587 3162 627 3224 10,
644 3160 678 3216 37
696 3178 735 3226 sq.
769 3163 805 3213 ih.
828 3171 950 3228 tomqwu
968 3166 1000 3215 ab
1018 3163 1107 3216 Alsch.

127 3237 180 3291 cst;
197 3229 274 3296 vulgo
293 3236 327 3279 ut.
354 3231 422 3279 idem
439 3233 589 3282 verecundia
603 3249 634 3283 αα
652 3233 731 3290 dedit,
747 3246 805 3280 cum
821 3231 875 3284 AD.
893 3233 1045 3283 verecumdia
1061 3232 1108 3282 hs-

126 3298 223 3348 berent.
255 3298 289 3349 ib.
307 3313 365 3347 cum
385 3300 411 3348 in
436 3307 498 3364 optt.
521 3301 581 3353 cdd.
604 3310 671 3351 esset
688 3316 720 3350 ea
735 3302 801 3350 reiut
819 3301 894 3350 etiem
912 3309 989 3365 rapta
1007 3301 1107 3367 scripsi,

126 3365 163 3415 ad
176 3366 202 3416 in
224 3367 327 3418 Hecmii
343 3367 365 3416 D
381 3367 496 3416 additum
520 3375 565 3418 est.
604 3369 631 3421 0.
650 3365 691 3420 18.
711 3369 980 3434 „ottera-sactiior“
997 3371 1106 3430 servavi,

126 3438 154 3482 nt
168 3435 245 3499 paulo
262 3443 321 3486 ente
335 3438 418 3486 altero
432 3436 554 3500 inferior,-
570 3439 596 3487 iu
613 3438 634 3487 D
647 3445 685 3489 est
701 3438 793 3503 nitere,
812 3447 837 3488 et
854 3439 881 3488 id
891 3438 1011 3503 praetulit
1019 3437 1105 3490 Alsch.

126 3515 179 3552 tum
202 3507 427 3569 ‚porta—clauso
449 3503 526 3556 erci‘
550 3508 664 3576 scripsit,
694 3507 801 3558 iortssse
823 3508 847 3557 A
864 3513 976 3560 secutus.
1015 3503 1105 3561 (1.19.
