2434 3902
171 208 234 272 elo
341 189 455 268 alesta
468 207 588 266 xnvu.
611 206 979 281 caesaraeam]

172 364 229 424 sed
243 362 295 424 ubl
315 377 424 424 omnes
439 361 547 438 copias
562 361 786 423 conimrxerunt
800 361 976 437 directaque
997 361 1085 420 acies
1100 371 1156 434 eat,

172 447 316 510 Claudius
338 447 447 507 dextro
467 446 498 506 in
513 461 623 522 cornu,
643 445 748 506 Livius
764 445 802 504 ab
817 446 942 506 sinistro
956 459 1099 521 pugnam
1113 445 1156 504 in-

172 532 273 603 struit;
286 530 388 592 media
399 531 482 591 acies
489 530 623 606 praetori
631 530 744 591 tuenda
750 530 830 591 data.
851 529 1026 591 Hasdrubal
1037 528 1158 589 omissa

172 615 338 677 munitione
350 620 520 675 castrorum
531 621 695 691 postquam
707 615 904 690 pugnandum
918 614 1000 689 vidit,
1011 613 1045 674 in
1058 615 1159 689 prima

172 701 238 761 acie
258 704 329 759 ante
349 698 440 773 signa
459 698 640 773 elephantos
663 699 808 774 collocet,
832 699 913 760 cirea
933 714 990 759 eos
1011 699 1108 760 laevo
1130 699 1158 756 in

170 798 268 846 cornu
281 784 431 844 adversus
444 783 601 846 Claudium
616 784 720 844 Gallos
734 783 870 859 opponit,
887 783 969 844 haud
984 783 1158 842 lautumiis
1208 777 1209 828 l

171 868 287 943 fidens,
309 874 455 942 quantum
469 866 508 928 ab
523 868 612 929 hoste
627 868 724 928 timeri
738 883 793 928 eos
809 867 961 928 credebat.
986 867 1067 948 ipse
1083 868 1158 927 dex-

172 960 251 1014 trum
265 967 361 1012 cornu
374 953 524 1012 adversus
538 953 578 1013 M.
592 952 710 1013 Livium
726 951 785 1014 sibi
798 958 890 1028 atque
904 951 1054 1027 Hispanis
1070 983 1117 996 -—
1131 959 1160 1010 et

171 1037 213 1098 ibi
228 1036 360 1096 maxime
372 1035 404 1094 in
415 1042 519 1097 vetere
532 1037 625 1097 milite
636 1051 725 1112 spem
738 1036 871 1096 habebat
883 1067 926 1081 -
940 1036 1090 1111 sumpsit.
1112 1035 1159 1096 Li-

170 1136 262 1197 gures
277 1119 308 1180 in
323 1119 424 1180 medio
440 1127 513 1196 post
525 1121 708 1197 elephantos
722 1121 825 1198 positi.
853 1120 910 1180 sed
923 1120 1049 1195 longior
1066 1138 1159 1196 quam

171 1205 261 1266 letior
271 1203 355 1264 acies
365 1210 445 1264 erat=
458 1204 563 1266 Gallos
571 1206 749 1282 prominens
761 1205 848 1268 collis
860 1203 990 1279 tegebat.
1006 1220 1047 1264 ea
1060 1205 1159 1279 frons,
1209 1271 1210 1284 χ

173 1305 264 1366 quam
278 1288 407 1364 Hispani
420 1289 579 1364 tenebant,
602 1306 671 1350 oum
686 1290 810 1352 sinistro
825 1291 1033 1352 Romanorum
1059 1305 1160 1350 cornu

171 1372 337 1434 concurrit=
367 1373 476 1434 dextra
497 1375 595 1436 omnis
621 1374 703 1436 acies
729 1381 815 1435 extra
838 1373 988 1451 proelium
1013 1375 1159 1434 eminens

171 1459 328 1528 cessabat;
353 1457 441 1518 collis
456 1458 618 1536 oppositus
633 1459 764 1533 arcebat,
780 1475 819 1519 ne
833 1466 886 1519 aut
899 1474 917 1517 a
931 1460 1030 1518 lronte
1048 1465 1108 1520 aut
1121 1458 1158 1517 ab

170 1543 266 1603 latere
285 1541 532 1618 adgrederentur.
561 1543 638 1603 inter
657 1544 776 1605 Livium
797 1543 1093 1617 Hasdrubalemque
1115 1544 1156 1601 in

170 1642 247 1703 gens
268 1631 455 1687 conbustum
476 1635 628 1688 certamen
649 1637 727 1704 erat,
750 1637 900 1704 atroxque
913 1628 1028 1688 caedes
1053 1630 1157 1688 utrim-

172 1725 232 1787 que
252 1709 409 1772 edebatur.
441 1711 483 1772 ibi
505 1714 601 1773 duces
622 1713 728 1788 ambo,
751 1713 793 1773 ibi
808 1729 881 1789 pars
902 1711 1000 1772 maior
1014 1713 1157 1788 peditum

99 1860 103 1866 ,
171 1793 369 1870 equitumque
383 1794 607 1873 Romanorum,
629 1798 671 1859 ibi
687 1797 830 1876 Hispani,
854 1803 941 1858 velus
961 1797 1054 1856 miles
1077 1796 1145 1873 peri

171 1885 281 1954 tusque
294 1879 452 1940 Romanae
466 1897 597 1957 pugnae,
618 1889 648 1942 et
661 1883 797 1958 Ligures,
821 1883 929 1943 durum
944 1882 974 1941 in
991 1881 1090 1942 armis
1106 1897 1157 1956 ge

171 1979 239 2025 nus.
263 1964 373 2025 eodem
384 1964 467 2024 versi
479 1965 640 2041 elephanti,
657 1967 709 2041 qui
721 1967 818 2042 primo
829 1967 944 2042 impetu
956 1965 1158 2026 turbaverant

171 2047 404 2124 antesignanos,
430 2055 460 2110 et
480 2049 542 2108 iam
556 2049 645 2125 signa
663 2053 921 2121 moverantloco;
952 2049 1071 2110 deinde
1091 2065 1157 2109 cre·

170 2140 275 2194 scente
291 2133 455 2194 certamine
472 2140 502 2194 et
515 2137 649 2194 clamore
663 2133 859 2212 impotentius
873 2134 934 2195 iam
947 2136 1015 2210 regi
1030 2141 1064 2194 el
1079 2135 1158 2193 inter

170 2218 248 2278 duas
270 2217 353 2277 acies
376 2219 507 2294 versari,
530 2219 614 2280 velut
633 2219 752 2292 incerti,
777 2235 906 2295 quorum
925 2225 1049 2291 essent,
1073 2218 1158 2278 haud
1211 2267 1212 2276 ,

170 2301 357 2362 dissimiliter
385 2302 514 2363 navibus
543 2303 611 2363 sine
638 2303 845 2378 gubernaculo
873 2304 971 2377 vagis.
1008 2301 1156 2363 Claudius

170 2386 267 2461 „quid
289 2401 363 2461 ergo
385 2386 545 2461 praecipiti
560 2402 653 2450 cursu
666 2395 728 2448 tum
742 2389 866 2462 longum
886 2388 941 2447 iter
963 2387 1084 2447 emensi
1108 2404 1157 2446 su-

170 2474 287 2531 mus“i
308 2470 465 2531 clamitans
481 2471 634 2548 militibus
657 2487 726 2533 cum
740 2472 770 2531 in
786 2472 951 2531 adversum
965 2471 1079 2531 collem
1094 2471 1157 2530 iru-

171 2560 235 2614 stra
245 2555 334 2630 signa
347 2555 466 2629 erigere
481 2563 608 2616 conatus
623 2563 715 2630 esset,
730 2563 895 2632 postquam
909 2571 947 2616 ea
961 2555 1091 2630 regione
1103 2571 1157 2630 pe-

170 2637 283 2699 netrari
302 2638 344 2697 ad
364 2639 484 2698 hostem
505 2655 567 2700 non
588 2639 712 2701 videbat
732 2655 843 2716 posse,
869 2639 1015 2701 cohortes
1036 2641 1156 2714 aliquot

171 2720 341 2782 subductas
363 2737 381 2780 e
401 2722 510 2784 dextro
531 2738 641 2801 cornu,
664 2725 715 2785 ubi
737 2725 898 2786 stationem
912 2725 1011 2800 magis
1026 2739 1155 2798 segnem

172 2821 263 2881 quam
279 2820 413 2880 pugnam
429 2806 558 2867 loturam
574 2808 731 2886 (emebat,
753 2816 827 2885 post
840 2810 939 2870 aciem
954 2807 1155 2868 circumducit

171 2896 201 2950 et
221 2905 281 2950 non
303 2888 443 2951 hostibus
465 2894 557 2955 modo
581 2895 638 2954 sed
658 2895 748 2954 etiam
763 2894 828 2954 suis
849 2892 1081 2970 inopinantibus
1101 2892 1153 2950 ho-

171 2973 261 3034 stium
275 2976 355 3034 totus
370 2975 510 3047 incurrit;
526 2984 671 3054 tantaque
686 2979 825 3039 celeritas
840 2978 903 3053 luit,
918 2984 951 3037 ut
966 2991 1037 3038 cum
1052 2983 1153 3037 osten-

171 3059 290 3120 dIssent
304 3074 339 3118 se
354 3059 392 3120 ab
408 3061 515 3136 latere,
536 3079 609 3123 mox
623 3063 654 3122 in
670 3071 754 3140 terga
767 3063 827 3123 iam
842 3069 1024 3139 pugnarent.
1059 3061 1102 3120 ita
1116 3075 1153 3118 ex

171 3143 313 3206 omuibus
330 3145 483 3219 partibus,
505 3146 544 3206 ab
560 3149 674 3220 lronte,
698 3149 736 3208 ub
751 3149 858 3222 latare,
882 3146 920 3206 ab
936 3152 1040 3220 tergo,
1064 3143 1151 3205 truci·

120 3247 125 3250 ·
172 3227 282 3289 dantur
295 3228 423 3303 Hispani
438 3230 643 3305 liguresque3
666 3239 696 3290 et
712 3232 863 3292 adGallos
881 3231 941 3290 iam
956 3230 1070 3290 caedes
1084 3244 1151 3304 per-

173 3319 305 3371 venerat.
327 3311 369 3370 ibi
383 3314 539 3374 minimum
555 3315 726 3374 certaminis
742 3315 810 3375 luit:
825 3330 896 3374 nam
911 3321 941 3374 et
955 3329 1029 3389 pars
1043 3326 1150 3386 magna

172 3393 210 3452 ab
232 3395 328 3469 signis
350 3395 489 3468 aberant,
513 3403 603 3456 nocte
618 3396 729 3471 dilapsi
750 3399 897 3472 stratique
911 3411 1022 3458 somno
1037 3395 1149 3471 passim

174 3489 229 3548 per
242 3492 344 3551 agros,
366 3485 396 3538 et
411 3481 463 3552 qui
481 3479 616 3551 aderant,
638 3479 746 3539 itinere
760 3496 797 3540 ao
813 3479 923 3556 vigiliis
939 3479 1025 3556 lessi,
1047 3478 1148 3539 intole
