2466 3900
180 201 220 269 oo
329 203 442 266 umen
456 202 563 262 xxxx.
588 201 672 262 cxx.
688 209 791 265 mm.
814 207 844 275 [ι
867 205 1024 275 usam]

181 356 317 421 Numidis
339 360 467 430 coeptae
480 351 556 414 lieri.
583 352 625 413 ita
640 368 710 413 cum
726 351 879 429 Syphace
894 354 1048 416 Rornanis
1064 361 1162 432 coepta

182 440 310 505 amicilia
325 443 380 499 cst.

268 521 355 596 Quod
374 519 426 580 ubi
441 518 706 594 Cmtlragiuienses
728 528 940 608 acceperunt,
964 523 1118 598 extemplo
1131 523 1162 582 ad

185 608 289 669 Galam
303 605 332 664 in
347 609 435 680 parte
449 603 542 664 altera
549 601 711 663 Numidiae
721 603 922 666 -Mae'sulii
940 620 980 665 ea
994 620 1073 680 gens
1083 621 1162 666 voca·

184 699 285 752 tur—
295 695 471 763 regnantem
488 688 605 762 legatos
619 687 750 748 mittunt.
777 687 883 748 XLIX.
908 689 1009 749 lilium
1026 690 1100 749 Gala
1111 689 1154 747 lla

185 772 327 835 sinissam
348 770 480 832 habebat
503 771 731 847 septemdecem
755 787 857 832 annos
884 779 1012 845 natum,
1044 779 1165 832 ceterum

185 859 324 918 iuvenem
345 871 382 916 ea
402 855 520 930 indole,
540 861 573 914 ut
593 855 652 914 iarn
667 860 729 914 tum
745 863 917 930 appareret
932 857 1036 916 maius
1051 871 1165 931 regnum

156 997 161 1005 .
186 940 423 1026 opulentiusque
448 955 538 1014 quarn
564 937 647 1014 quod
671 939 849 1013 accepisset
874 940 1045 1001 iacturum.
1077 938 1165 1014 legati,
1202 939 1203 960 ³

187 1025 330 1101 quoniam
345 1021 473 1103 Syphax
494 1038 530 1082 sc
543 1021 689 1083 Romanis
710 1021 880 1096 iunxisset,
903 1031 941 1084 ut
956 1023 1112 1100 potentior
1124 1038 1165 1082 so-

187 1109 295 1170 ciente
315 1123 421 1169 eorum
441 1106 591 1168 adversus
612 1121 701 1180 reges
720 1107 926 1184 populosque
941 1108 1071 1168 Africae
1085 1111 1163 1180 esset

188 1193 299 1253 docent
312 1191 420 1252 melius
435 1192 501 1251 lore
517 1190 608 1252 Galae
624 1206 749 1266 quoquc
765 1191 1080 1268 carthaginiensibus
1094 1187 1165 1262 iungi

189 1292 279 1354 quarn
299 1276 436 1352 primunr¹
451 1279 612 1349 antequam
633 1273 764 1351 Syphax
785 1275 816 1334 in
837 1275 1028 1352 Hispaniam
1051 1274 1164 1335 autlio-

188 1360 269 1422 mani
289 1361 320 1420 in
334 1360 468 1420 Africam
487 1364 658 1430 transeant,
681 1358 811 1434 opprimi
827 1357 1014 1438 Syphacem
1032 1357 1165 1419 nihildun

190 1452 309 1521 praetor
329 1459 440 1504 nornen
461 1457 501 1502 cx
520 1442 645 1503 foedere
658 1441 798 1504 Romano
820 1442 991 1505 habentem
1006 1457 1110 1520 posse.
1130 1440 1163 1498 la-

190 1529 247 1590 cile
261 1543 444 1602 persuasum
459 1527 567 1600 Galae,
582 1523 644 1584 lilio
660 1525 853 1600 deposcente
867 1527 900 1588 id
916 1529 1051 1604 bellum,
1066 1531 1099 1586 ut
1110 1522 1165 1583 mil·

192 1617 265 1673 leret
289 1611 470 1685 exercitum,
497 1609 549 1684 qui
570 1608 871 1684 Carthaginiensibus
899 1613 1080 1688 legionibus
1104 1622 1165 1668 con-
1204 1596 1205 1636 ¹

190 1697 311 1758 iunctus
331 1710 441 1770 magno
462 1693 579 1770 proelio
595 1692 772 1771 Syphacem
793 1693 917 1757 dcvicia
952 1695 1078 1772 triginta
1096 1689 1165 1750 mila

191 1796 229 1841 eo
244 1779 360 1855 proelio
374 1778 529 1839 hominum
544 1794 636 1838 caesa
650 1776 801 1838 dicuntur.
830 1779 968 1859 Syphax
984 1795 1056 1842 cum
1070 1771 1165 1854 paucis

192 1862 344 1940 equitibus
360 1863 391 1923 in
402 1862 574 1924 Maurusios
589 1878 628 1922 cx
643 1861 709 1923 acie
718 1862 865 1931 Numidas
878 1895 920 1904 -—
931 1862 1065 1927 extremi
1079 1870 1166 1937 propo

194 1948 347 2009 Oceanum
361 1948 511 2008 adversus
528 1947 629 2008 Gades
645 1946 748 2008 colunt
760 1981 798 1992 -
809 1947 931 2024 refugia
953 1943 1165 2010 adfluentibus·
1205 1979 1206 2006 l

194 2049 254 2110 quc
274 2033 314 2094 ad
332 2034 443 2093 lanam
464 2031 529 2093 eius
549 2029 685 2106 undique
704 2030 845 2092 barbaris
861 2033 1007 2108 ingentes
1023 2029 1108 2092 brevi
1121 2039 1164 2085 co·

193 2118 261 2194 pias
282 2117 417 2178 armavit.
451 2133 520 2178 cum
541 2114 653 2192 quibus
676 2115 857 2192 priusquam
877 2116 909 2176 in
923 2115 1107 2194 Hispaniam
1120 2125 1164 2168 an·

195 2209 285 2280 gusto
310 2203 490 2278 diremptam
510 2202 587 2262 lrelo
609 2198 763 2274 traiceret,
784 2199 953 2264 Masinissa
976 2218 1047 2264 cum
1060 2199 1165 2259 victore

195 2287 331 2348 exercitu
351 2286 488 2356 advenil;
510 2285 600 2362 isque
619 2283 661 2344 ibi
682 2299 752 2345 cum
773 2283 920 2364 Syphace
942 2284 1060 2363 ingenti
1080 2275 1165 2358 gloria

196 2389 251 2448 per
265 2387 300 2432 se
314 2371 381 2433 sine
395 2370 464 2431 ullis
480 2367 772 2444 cmmaginiensium
787 2369 899 2444 opibus
913 2371 1015 2446 gessit
1028 2366 1144 2430 bellum.

279 2457 312 2516 ln
332 2454 481 2531 Hispania
500 2454 573 2516 nihil
597 2452 792 2514 memorabile
813 2461 933 2529 gestum
959 2458 1165 2531 praeterquam

198 2543 281 2619 quod
297 2539 477 2602 Celtiberum
497 2539 682 2600 iuventutem
702 2537 811 2598 eadem
825 2540 985 2616 mercede,
1010 2553 1072 2615 qua
1085 2535 1165 2610 pacta

198 2643 266 2687 cunr
288 2621 584 2700 Carthaginiensibus
605 2629 684 2700 crat,
705 2623 908 2697 imperatores
927 2619 1061 2685 Romani
1081 2615 1118 2678 ad
1136 2625 1164 2670 sc

198 2711 418 2787 perduxerunt,
446 2715 475 2768 et
498 2707 706 2769 nobilissimos
726 2706 883 2783 Hispanos
905 2725 1002 2784 supra
1022 2703 1164 2794 trecentos

198 2796 228 2855 in
248 2795 362 2856 ltaliam
389 2795 429 2854 ad
454 2793 663 2855 sollicitandos
683 2793 864 2869 populares,
891 2793 944 2869 qui
964 2793 1044 2854 inter
1064 2781 1165 2876 auxillo

200 2879 374 2942 Hannibalis
391 2883 484 2952 crant,
499 2877 655 2939 miserunt.
677 2877 708 2939 id
721 2877 811 2939 modo
824 2876 890 2939 eius
902 2877 973 2937 anni
985 2877 1015 2937 in
1027 2872 1165 2946 Hispattla

201 2965 239 3025 ad
260 2967 435 3026 memoriam
459 2960 578 3038 insigne
599 2968 661 3037 est,
687 2962 771 3040 quod
791 2961 1033 3022 mercennarium
1053 2953 1165 3038 militem

199 3048 230 3110 in
256 3050 364 3112 castris
390 3046 540 3112 neminem
565 3052 636 3107 ante
660 3053 837 3124 quamtum
858 3045 1026 3108 t‘eltiberos
1047 3043 1163 3104 Romam

199 3132 377 3198 'cubuerunt¹

588 3304 649 3314 σοι-η
655 3305 776 3322 ω.,ω
