2466 3900
163 201 207 266 ιε
267 199 276 208 ·
310 201 425 262 amna
438 199 544 261 xxiv.
567 196 765 260 canan.
789 196 827 274 [ι.
845 201 880 259 u.
897 219 923 256 t.
940 203 1008 272 aaa]

165 352 234 428 ipse
246 367 318 425 rex,
340 349 418 411 sicut
432 362 541 408 somno
557 345 676 407 excitus
692 352 767 419 crat,
791 361 895 423 prope
911 349 1109 412 seminudus
1124 352 1171 414 iu-

163 435 252 510 giens
266 432 351 495 militi
363 446 487 508 quoque
502 430 615 490 nedum
629 430 695 505 regi
706 429 761 490 vix
776 429 896 492 decoro
912 431 1034 506 habitu,
1051 435 1097 498 ad
1112 433 1170 498 ilu-
1223 443 1224 480 i

164 533 233 578 men
247 530 406 591 navesque
420 513 594 591 perfugerit
623 513 735 574 eodem
750 520 781 574 et
796 513 858 597 alia
873 515 968 577 turba
984 516 1095 578 effusa
1110 527 1169 581 est
1223 525 1224 592 t

164 601 258 677 paulo
279 599 379 660 minus
399 599 458 660 tria
477 597 559 657 milia
579 596 706 658 militum
727 596 759 658 in
782 599 896 660 casuis
918 607 975 662 aut
996 608 1097 679 capta
1118 610 1170 664 aut

165 683 279 745 occisa.
302 683 372 759 plus
384 687 484 742 tamen
496 681 652 741 hominum
667 680 827 756 aliquanto
842 689 971 758 captum
984 701 1084 761 quarn
1097 701 1169 748 eae-

166 784 233 828 sum
247 774 304 827 est.
326 766 434 828 castris
449 764 576 840 direptis
590 763 807 839 Apolloniatae
823 769 1003 843 catapultas
1014 768 1167 832 ballistas

164 858 375 925 tonnentaque
384 850 452 920 alia,
466 862 545 923 quae
552 848 782 924 oppugnandae
793 848 864 910 urbi
870 860 1059 927 comparata
1066 863 1167 931 erant,

87 997 90 1004 Ι
166 935 206 994 ad
227 935 340 996 tuenda
359 932 496 1006 moenia,
528 931 555 992 si
576 931 699 1007 quando
712 931 832 993 'similis
860 935 988 996 lortuoa
1008 938 1166 1013 venisset,

166 1018 361 1092 Apolloniam
385 1017 551 1087 devexere3
585 1021 687 1075 cetera
711 1017 813 1076 omnis
837 1019 959 1092 praeda
983 1027 1166 1086 castrorum

166 1102 311 1163 Romanis
327 1115 477 1162 concessa
491 1105 546 1160 est
568 1098 645 1159 haec
660 1113 729 1159 cum
744 1098 869 1162 Oricum
884 1111 995 1165 essent
1008 1106 1165 1181 nuntiata,

166 1183 206 1244 Μ.
221 1185 361 1246 Valerius
381 1186 512 1247 classem
532 1183 685 1259 extemplo
707 1184 747 1244 ad
767 1184 882 1246 ostium
898 1185 1039 1248 fluminis
1062 1190 1165 1265 duxit,

167 1284 205 1329 ne
220 1270 350 1333 natibus
365 1283 529 1345 capessere
543 1268 645 1342 fugam
658 1283 715 1326 rex
725 1275 846 1342 posset.
868 1269 1163 1351 itaquePbiiippus‚

167 1369 268 1428 neque
287 1353 422 1417 terrestri
444 1368 545 1429 neque
565 1350 665 1412 navali
683 1351 841 1413 certamini
862 1355 940 1416 satis
963 1356 1034 1418 iore
1051 1374 1162 1434 parem

167 1437 332 1510 candens,
356 1435 513 1498 subductis
528 1434 657 1496 navibus
678 1442 731 1496 aut
750 1435 888 1498 incensis
909 1445 994 1502 terra
1008 1441 1161 1504 Macedo-

168 1521 247 1581 niam
268 1521 342 1598 petit
362 1537 471 1595 magna
491 1534 530 1579 ex
551 1525 636 1594 parte
655 1517 762 1579 inermi
783 1521 922 1584 exercitu
943 1525 1159 1603 spoliatoque.

168 1604 305 1665 Romana
320 1605 429 1665 classis
444 1619 511 1665 cum
527 1601 567 1662 Μ.
580 1601 705 1663 Valerio
721 1600 803 1664 Orici
818 1604 1003 1668 hibernavit
1075 1681 1079 1688 ⁸

253 1688 327 1748 XLI.
349 1688 464 1748 Eodem
479 1702 559 1747 anno
574 1686 603 1746 in
611 1685 760 1762 Hispania
773 1688 859 1750 varie
873 1705 926 1750 res
940 1699 1063 1765 gestae.
1086 1710 1160 1756 narn

169 1772 348 1849 prinsquam
361 1771 489 1832 Romani
509 1785 627 1831 amnem
640 1769 787 1834 Hiberum
808 1773 989 1850 transirent,
1012 1776 1160 1852 ingentes

168 1857 275 1931 copias
286 1857 491 1931 Hispanorum
505 1855 595 1931 Mago
610 1860 640 1914 et
653 1855 828 1917 Hasdrubal
842 1856 996 1920 fuderunt.
1019 1860 1159 1924 delecis-

167 1948 277 2016 satque
292 1941 330 2001 ab
344 1940 489 2002 Romanis
505 1940 629 2001 ulterior
642 1937 807 2015 Hispania,
829 1940 860 2001 ni
873 1939 906 2002 P.
923 1941 1090 2007 cornelius
1107 1963 1159 2008 re-

169 2025 242 2103 ptim
264 2026 402 2086 traducto
424 2023 558 2085 exercitu
570 2020 715 2084 Hiberum
737 2021 839 2085 dubiis
861 2025 1020 2088 sociorum
1040 2029 1158 2092 animis

169 2111 199 2172 in
213 2117 349 2186 tempore
363 2108 547 2170 a‘dvenisset.
571 2107 668 2182 primo
683 2106 724 2167 ad
731 2105 870 2170 castrum
878 2109 993 2170 Album
1006 2143 1053 2156 -
1063 2114 1157 2176 locus

168 2203 216 2257 est
230 2194 357 2270 insignis
369 2194 464 2255 caede
478 2192 579 2268 magni
589 2189 768 2252 Hamilcaris
782 2223 825 2236 -
839 2198 941 2255 casira
951 2194 1086 2258 nonani
1100 2198 1156 2258 ha-

65 2293 71 2308 ·
169 2279 272 2341 buere.
304 2295 361 2339 arx
375 2284 439 2338 erat
453 2277 575 2352 munita,
597 2283 627 2336 et
642 2281 849 2338 convexerant
864 2283 934 2338 ante
949 2279 1156 2344 frumentuma

168 2371 277 2437 tamen
301 2363 374 2440 quia
387 2363 490 2422 amnia
504 2362 586 2423 circa
599 2359 733 2421 hostium
748 2358 840 2435 plena
856 2367 952 2436 erant,
975 2378 1158 2442 agmenque

168 2449 338 2509 Romanum
352 2447 476 2522 impune
490 2446 675 2506 incursatmn
688 2441 726 2504 ab
738 2442 892 2518 equitibus
903 2444 1040 2508 hostium
1052 2450 1158 2512 iuerat

167 2538 199 2592 et
218 2532 259 2592 ad
274 2532 335 2593 duo
350 2531 432 2592 milia
451 2536 503 2590 aut
522 2534 707 2591 moratorum
727 2533 779 2590 aut
792 2528 959 2604 palantium
976 2547 1034 2607 per
1056 2549 1157 2610 agros

168 2615 340 2688 interiecta,
364 2629 487 2675 cessere
503 2613 574 2672 inde
588 2611 716 2672 Romani
738 2612 866 2689 propius
881 2622 991 2690 pacata
1011 2616 1100 2693 loca,
1125 2627 1158 2680 ct

169 2700 209 2761 ad
223 2707 356 2762 montem
370 2697 523 2759 Victoriae
538 2695 889 2758 casiracommunivcre.
922 2713 960 2759 eo
976 2699 1029 2760 Cn.
1042 2699 1156 2779 Scipio

166 2801 237 2846 cum
253 2783 392 2847 omnibus
408 2782 506 2859 copiis
520 2786 550 2842 et
563 2778 737 2840 Hasdrubal
752 2779 898 2856 Gisgonis
920 2783 1017 2860 lilius,
1040 2786 1156 2848 tertius

166 2867 459 2947 carthaginiensium
474 2868 552 2940 dux,
575 2880 644 2925 cum
658 2863 795 2928 exercitu
812 2864 893 2926 iusto
909 2867 1050 2938 advenit;
1075 2886 1158 2934 cou-v

167 2962 274 3032 traque
299 2961 400 3016 castra
420 2954 559 3014 Romana
579 2956 662 3008 trans
683 2946 809 3009 fluvium
835 2965 943 3014 omncs
964 2954 1157 3016 consedere.

167 3039 197 3099 P·
215 3039 318 3120 Scipio
341 3056 410 3102 cum
431 3033 583 3113 expeditis
598 3032 676 3092 clam
691 3032 848 3107 proiectus
865 3035 906 3096 ad
921 3036 990 3098 loca
1004 3037 1090 3100 circa
1108 3039 1158 3100 vi-

166 3127 266 3190 senda
285 3126 369 3188 haud
384 3121 489 3185 ieiellit
503 3115 624 3188 hostes,
647 3116 940 3210 oppressissentque
960 3138 1030 3208 eum
1044 3122 1076 3183 in
1094 3141 1156 3202 pa.

164 3213 297 3278 tentibus
318 3209 451 3286 campis,
473 3205 505 3266 ni
517 3199 665 3266 tumulum
683 3213 715 3256 m
729 3201 904 3279 propinquo
926 3205 1073 3280 cepisset,
1109 3208 1157 3270 ib!

167 3311 291 3374 quoque
306 3299 531 3360 circumsessus
551 3283 685 3375 adventu
698 3280 801 3346 fratris
816 3285 978 3350 obsidione
993 3289 1155 3353 eximitur.

164 3379 286 3446 castule
306 3383 388 3444 urbs
402 3372 569 3448 Hispaniae
589 3361 693 3422 valida
712 3378 750 3460 ac
771 3368 898 3445 nobilis,
920 3379 950 3432 et
970 3372 1050 3434 adeo
1072 3389 1138 3436 con

164 3462 267 3528 iuncta
281 3465 430 3529 societate
442 3453 562 3526 Poenis,
582 3452 616 3508 ut
629 3459 708 3506 uxor
722 3450 794 3511 rude
808 3452 968 3517 Hannibali
982 3465 1084 3536 esset,
1107 3459 1155 3522 ad
