2434 3902
197 244 262 312 elo
345 242 1051 315 amaaxxvrn.car.1a1aau.e⁵rer

199 397 391 462 Hasdrubale
412 395 542 456 navibus
561 394 665 455 Gades
685 393 775 468 petil:
802 394 895 454 ceteri
910 394 1028 456 deserti
1043 394 1084 455 alr
1099 396 1177 458 ducl-

199 484 266 555 bus,
282 497 355 558 pars
370 479 556 552 transitione,
568 480 645 553 ,luga
656 477 796 554 dissipati
807 493 863 552 pcr
874 479 1034 554 proximas
1046 480 1177 541 civitates

200 574 279 641 sunt,
295 567 380 626 nulla
391 579 519 625 numero
534 569 588 623 aul
600 561 717 623 viribus
730 577 842 624 manas
853 562 995 639 insignis.

283 651 353 712 lloc
365 647 499 708 mariale
510 647 604 707 morlo
620 646 713 707 docta
725 649 818 722 elque
829 645 968 722 auspicio
979 646 1014 707 P.
1028 645 1179 724 Scipionis

199 734 280 810 palai
293 732 442 808 Hisponia
457 729 724 806 magimenses
738 737 819 806 sant,
838 737 950 807 amalo
963 731 1094 794 decimo
1105 747 1179 795 anna

199 824 273 894 post
286 817 399 877 belum
413 815 528 891 initum,
551 815 656 891 qainlo
671 829 766 891 qnam
778 813 810 873 P.
826 812 931 890 Scipio
946 817 1145 891 provinciam
1157 827 1181 878 el

200 901 367 964 exercitam
388 900 517 976 accepit.
553 899 638 960 haud
657 899 752 959 mallo
771 905 846 975 post
858 898 1182 962 Silanasdeocllatan

199 987 338 1047 reterens
351 984 555 1046 Tarraconem
569 984 610 1044 ad
624 981 801 1059 Scipionem
814 983 914 1044 rediit
948 981 1046 1045 xva.
1071 986 1110 1046 L.
1126 985 1181 1046 Sci·

199 1072 251 1147 pio
267 1085 337 1131 cum
351 1069 453 1130 inullis
467 1067 623 1130 mallibus
637 1067 767 1144 captivis
781 1067 905 1129 manas
916 1077 1064 1145 recepmc
1076 1067 1181 1147 Hispa-

199 1155 268 1216 niae
281 1155 411 1216 Romam
431 1159 480 1214 esl
497 1153 624 1214 mena
658 1159 689 1213 cl
703 1167 774 1213 can
788 1151 881 1212 celeri
895 1151 1014 1214 laatlao
1023 1155 1183 1230 gloriaque

199 1239 315 1315 ingenti
328 1253 397 1299 cam
412 1251 478 1299 rem
491 1238 585 1312 malac
601 1237 730 1310 tament,
751 1252 848 1312 unas,
865 1237 916 1312 qai
930 1244 1091 1312 acescant
1104 1240 1182 1300 inen-

199 1323 322 1400 plebilis
342 1322 462 1384 manas
481 1335 639 1397 vaneque
659 1320 774 1396 londa,
797 1335 929 1398 parvm
947 1323 1049 1384 instar
1070 1339 1183 1398 earum,

200 1423 279 1483 qaae
308 1421 366 1482 spa
392 1421 429 1468 ac
453 1405 661 1482 magnauram
686 1405 779 1465 animi
804 1405 1013 1482 concepisset,
1041 1417 1184 1485 receptas

198 1491 367 1567 Hispaniae
377 1491 518 1552 ducebat
538 1489 743 1551 tamniticam
754 1503 961 1567 magnamque
971 1491 1185 1568 carmem
1210 1507 1211 1570 l

199 1582 230 1636 el
253 1577 396 1637 insuam
420 1576 516 1636 decas
542 1589 719 1651 nomenqrre
741 1577 827 1638 velat
850 1583 1100 1638 consmnmatam
1124 1581 1185 1638 cius
1210 1573 1211 1656 l

199 1659 270 1719 belli
286 1659 414 1735 gloriam
429 1657 597 1735 spectabat.
628 1659 733 1736 ltaque
747 1659 1011 1735 pmmaallendam
1025 1659 1185 1723 slat-ratus
1210 1661 1211 1684 ³

200 1743 261 1802 iam
274 1759 340 1804 rem
354 1743 626 1822 conciliandosque
640 1758 749 1819 regum
762 1746 964 1820 genuumque
972 1745 1109 1822 anim,
1133 1747 1184 1825 Sy-

199 1825 328 1902 phacem
349 1827 481 1904 primurn
493 1844 599 1906 regem
613 1827 719 1890 statuit
732 1835 891 1904 templana
926 1825 1185 1892 moeoticum

199 1912 227 1973 is
241 1927 297 1972 rex
312 1918 392 1974 erata
413 1911 601 1986 Masaesulii,
620 1928 697 1987 gens
712 1912 823 1974 adflnle
838 1912 963 1990 Macris,
977 1914 1009 1974 ln
1025 1916 1185 1991 reglonen

199 1995 367 2072 Hispaniae
387 1997 519 2058 maxiano
540 2014 603 2073 qua
622 1997 683 2059 sita
702 2011 785 2058 nova
798 1996 951 2072 Carthago
970 2005 1020 2060 eal
1033 2007 1184 2075 spectant

200 2081 310 2144 laedae
336 2096 375 2142 ea
393 2087 576 2158 tempestate
599 2082 665 2157 rogi
687 2097 757 2142 cum
777 2080 1085 2156 cartaginensibus
1108 2093 1186 2154 eran
1211 2085 1212 2124 l

201 2166 286 2242 qaod
305 2165 390 2226 haud
409 2166 536 2242 mamus
556 2167 585 2226 ei
605 2165 805 2242 sanctiusque
819 2179 913 2241 quan
926 2166 1183 2242 volgabarbaris,

203 2250 313 2326 quibas
334 2265 375 2310 ex
387 2251 510 2312 lemano
523 2250 639 2326 pendet
652 2249 748 2325 lidae,
772 2257 857 2311 ratae
873 2250 953 2324 lore,
977 2259 1142 2314 oratorem
1154 2254 1186 2314 ad

200 2351 269 2396 eum
282 2335 313 2396 (t.
325 2334 460 2396 Laelium
475 2351 545 2396 cunr
560 2334 650 2396 donia
664 2335 761 2396 taillia
783 2334 896 2410 quibas
910 2333 1068 2398 barbam
1080 2338 1185 2408 laetus,

202 2424 232 2480 et
245 2419 318 2495 qnia
330 2433 382 2480 res
396 2424 459 2483 tuln
472 2433 646 2496 prosperae
658 2418 774 2496 oblano
786 2419 943 2494 Romame,
955 2419 1074 2482 Poenis
1090 2431 1187 2483 aulen

201 2502 328 2565 initalia
341 2504 502 2579 adversae,
516 2504 547 2564 in
560 2503 710 2579 Hispania
725 2504 827 2564 nullae
841 2503 901 2564 ianr
913 2511 1007 2581 erant,
1025 2506 1186 2567 arnicitian

201 2603 237 2648 sc
256 2588 464 2649 Romanorum
490 2589 633 2664 accipere
658 2587 781 2659 adnuit;
813 2588 983 2648 firmandae
1004 2589 1076 2650 elus
1099 2591 1186 2651 llden

201 2686 259 2731 nec
274 2670 349 2732 dore
363 2686 421 2732 nec
436 2673 578 2748 accipere
591 2671 650 2733 nisi
662 2688 732 2732 cam
745 2673 815 2748 ipso
828 2686 932 2734 coram
943 2673 1025 2734 doce
1035 2674 1186 2735 Romano.

201 2755 243 2815 ita
255 2754 379 2816 Laelius
400 2756 431 2816 in
456 2755 488 2817 id
509 2757 602 2817 modo
623 2757 685 2817 fide
707 2757 746 2818 ab
766 2771 841 2833 rege
856 2762 997 2833 accepta,
1021 2765 1125 2820 latam
1140 2759 1185 2818 ad-

201 2843 326 2900 ventum
339 2839 415 2915 lore,
431 2841 472 2900 ad
488 2839 665 2916 Scipionem
679 2841 768 2902 rodit.
800 2855 943 2917 magnum
958 2842 989 2901 in
1004 2844 1113 2904 omnia
1128 2859 1184 2903 mo-

203 2930 337 2984 mentum
350 2923 482 3004 Syphax
502 2924 667 2986 adfectanti
681 2941 733 2986 res
748 2931 814 2986 erat
826 2926 966 2999 Alrlcae,
990 2927 1184 3003 opulentissi-

202 3023 271 3068 mas
292 3007 359 3070 elus
378 3015 480 3070 terrae
499 3025 571 3083 rex,
591 3008 673 3072 bello
688 3010 749 3070 iam
764 3016 911 3086 expertae
926 3010 1016 3085 ipsos
1032 3010 1184 3086 managa

203 3091 346 3168 aienses,
371 3093 484 3154 finibus
506 3092 595 3155 etiam
615 3094 703 3169 regni
725 3099 797 3171 apte
818 3094 859 3154 ad
879 3094 1082 3172 Hispaniam,
1106 3093 1183 3172 qaod

204 3178 281 3238 lreto
298 3177 411 3253 exiguo
427 3177 616 3260 dirimunlar,
632 3178 751 3253 positis.
786 3177 908 3254 dignam
922 3178 1030 3255 itaque
1041 3194 1109 3240 rem
1126 3179 1182 3241 Sci·

206 3259 256 3334 pio
271 3267 365 3321 ratas
378 3275 473 3336 quae,
496 3261 640 3335 qnoniam
654 3277 715 3322 non
732 3262 819 3323 aliter
833 3271 956 3338 posset,
979 3279 1095 3340 niagno
1109 3262 1182 3341 peri·

205 3344 274 3402 calc
290 3350 452 3418 peteretur,
467 3343 500 3402 t.
511 3343 627 3405 Marcio
638 3347 819 3420 Tarracone,
834 3346 875 3406 ll.
888 3346 993 3409 Silano
1007 3348 1182 3424 Camhagine

207 3439 302 3496 nova,
324 3443 386 3500 quo
408 3426 540 3502 pedibas
556 3428 595 3487 ab
608 3427 781 3490 Tarracone
793 3429 951 3492 itineribus
966 3433 1089 3508 magnis
1104 3432 1183 3502 ierat,

8 3511 9 3544 l
77 3585 79 3590 Ι
206 3506 246 3564 ad
271 3508 459 3582 praesidium
485 3509 653 3586 Hispaniae
677 3511 804 3586 relictis,
834 3513 904 3589 ipsc
929 3531 999 3576 cnm
1026 3515 1058 3576 0.
1078 3515 1183 3606 ¹laelio
