2434 3902
174 183 238 249 242
314 181 575 280 tltltEttxttvtlt.
599 181 681 240 cnr.
697 188 741 244 rs.
757 189 799 244 19.
823 187 859 254 [ι.
871 186 906 238 υ.
918 204 943 239 e.
953 185 1017 254 eto]

173 337 326 399 retineant
340 335 546 411 cogitandum.
568 349 631 394 non
647 332 944 410 peregrinabundum
958 349 1061 409 neque
1077 333 1167 395 circa

172 436 320 483 amoenas
341 436 413 480 oras
427 424 590 494 vagantem
610 424 725 479 tantum
740 417 851 477 ducem
866 418 1037 478 Romanum
1050 419 1168 478 relicta

172 505 332 582 provincia
345 518 446 564 novae
462 501 601 574 dicionis,
620 501 734 562 relictis
750 501 943 575 exercitibus,
965 500 1093 563 duabus
1110 521 1167 562 na·

172 588 262 649 vibus
275 587 446 647 indificam
458 579 616 647 traiecisse
627 602 699 646 sese
709 586 740 644 in
753 585 893 646 hostilem
906 592 1025 660 terram,
1039 586 1167 662 regiam

171 674 202 733 in
224 672 318 731 iidem
345 671 550 746 inexpertam,
580 669 638 729 sed
662 669 828 746 potiundae
846 669 970 730 Africae
991 686 1086 747 spem
1110 674 1166 730 ad-

171 757 343 816 lectantem.
375 755 435 814 hoc
456 771 526 815 eum
540 754 732 830 iampridem
747 755 886 815 volutare
901 754 932 813 in
955 754 1079 830 animo,
1103 756 1166 817 hoc

172 839 272 916 palam
288 840 432 912 fremere,
454 837 537 914 quod
551 853 628 913 non,
652 855 743 913 quem
764 837 804 898 ad
818 839 943 898 modum
956 837 1120 899 Hannibal
1137 841 1167 899 in

171 923 265 997 italia,
281 923 327 983 sic
346 921 450 997 Scipio
467 923 496 981 in
511 922 617 981 Airica
630 920 743 983 beilum
757 929 884 997 gereret.
908 921 1013 998 Scipio
1029 924 1167 984 loedere

170 1009 230 1068 icto
247 1023 315 1067 curn
330 1005 475 1083 Syphace
489 1006 647 1082 proiectus
663 1022 702 1065 ex
716 1006 835 1079 Africa,
860 1005 1026 1083 dubiisque
1048 1015 1083 1068 et
1098 1010 1166 1084 ple-

170 1107 299 1168 rumque
320 1090 423 1150 saevis
444 1090 474 1149 in
496 1090 556 1151 aito
580 1090 711 1152 iactatus
731 1091 830 1151 ventis
854 1091 903 1150 die
925 1099 1033 1166 quarto
1058 1108 1167 1152 novae

171 1175 358 1250 Carthaginb
374 1180 494 1250 portum
510 1173 613 1234 tenuit.

255 1259 333 1318 XIX.
360 1257 527 1335 Hispaniae
548 1257 628 1318 sicut
648 1274 667 1316 a
688 1257 767 1317 bello
782 1257 895 1318 Punico
918 1259 1041 1334 quietae
1066 1271 1165 1335 erant,

170 1343 211 1403 ita
233 1343 383 1418 quasdam
405 1343 542 1402 civitates
564 1348 690 1418 propter
709 1342 928 1402 conscientiam
946 1344 1062 1419 culpae
1078 1356 1165 1406 metu

170 1425 266 1502 magis
284 1442 374 1504 quarn
385 1426 447 1486 ilde
464 1426 581 1501 quietas
598 1442 669 1485 csse
684 1427 861 1502 apparebat,
877 1443 1008 1503 quarum
1022 1429 1164 1487 maxime

169 1511 305 1586 insignes
321 1518 351 1571 et
370 1509 577 1586 magnitudine
592 1516 622 1570 et
642 1526 724 1570 noxa
738 1510 851 1586 iliturgi
867 1517 896 1571 et
911 1511 1034 1572 Castulo
1061 1520 1162 1572 erant.

170 1594 292 1656 Castulo
315 1610 383 1653 cum
399 1596 557 1669 prosperis
575 1593 669 1655 rebus
685 1595 762 1654 socii
785 1594 928 1671 luissent,
946 1601 1021 1671 post
1044 1611 1162 1656 caesos

171 1696 238 1739 cum
258 1677 442 1739 exercitibus
458 1678 620 1756 Scipiones
644 1679 819 1739 deiecerant
839 1681 881 1739 ad
894 1680 1035 1750 Poenos;
1060 1680 1161 1741 ilitur·
1211 1749 1212 1762 ἶ

169 1763 262 1837 gitani
285 1763 469 1840 prodendis,
499 1764 551 1841 qui
571 1780 610 1823 ex
631 1763 682 1822 ilia
704 1763 791 1823 clade
806 1763 847 1824 ad
867 1779 922 1825 eos
944 1765 1160 1840 perfugerant,
1211 1781 1212 1800 ¹

169 1846 449 1923 interficiendisque
470 1849 572 1909 scelus
595 1847 684 1908 etiam
705 1847 869 1909 defectioni
890 1848 1088 1909 addiderant.
1130 1850 1160 1908 in

170 1947 224 1992 eos
238 1933 372 2008 populos
384 1931 481 2008 primo
498 1932 641 2006 adventu,
657 1947 724 1991 cum
737 1932 847 1992 dubiae
855 1932 1024 2008 Hispaniae
1040 1940 1158 2007 essent

170 2015 275 2076 merito
291 2016 388 2093 magis
405 2033 496 2093 quam
511 2017 623 2077 utiliter
636 2017 786 2077 saevitum
801 2019 893 2088 ioret;
911 2023 982 2078 tunc
997 2018 1061 2077 iam
1076 2024 1159 2077 tran·

170 2101 271 2176 quillis
292 2100 384 2161 rebus
401 2101 474 2177 quia
494 2109 614 2177 tempus
637 2101 830 2177 expetendae
850 2117 970 2178 poenae
990 2101 1160 2162 uidebatur

169 2185 308 2259 venisse,
337 2185 466 2246 accitum
495 2186 532 2246 ab
553 2187 725 2246 Tarracone
745 2186 778 2245 L.
799 2185 946 2246 Marcium
973 2201 1045 2246 cum
1066 2187 1159 2247 tertia
1210 2207 1211 2273 l

170 2275 256 2346 parte
271 2269 429 2345 copiarum
444 2268 484 2329 ad
500 2269 693 2331 Castulonem
710 2271 950 2346 oppugnandum
965 2270 1063 2346 mittit,
1084 2271 1159 2346 ipse

169 2370 236 2415 cum
252 2360 353 2414 cetero
369 2355 504 2415 exercitu
520 2355 634 2431 quintis
650 2356 744 2414 ierme
759 2354 941 2431 adiiiturgin
957 2355 1068 2416 castris
1079 2371 1157 2430 per-

171 2437 261 2498 venit.
294 2435 418 2498 clausae
433 2445 519 2499 erant
529 2445 645 2516 portae,
661 2438 824 2514 omniaque
837 2439 985 2500 instructa
1000 2447 1031 2500 et
1045 2446 1157 2515 parata

169 2524 210 2583 ad
225 2523 485 2598 oppugnationem
501 2524 681 2592 arcendam;
703 2522 782 2583 adeo
799 2523 1001 2598 conscientia,
1025 2524 1103 2598 quid
1120 2539 1156 2584 se

169 2607 293 2666 meritos
308 2608 430 2681 scirent,
453 2622 508 2684 pro
523 2608 636 2669 indicto
653 2607 698 2668 eis
712 2607 792 2667 bello
809 2609 914 2668 inierat.
948 2608 1019 2668 hinc
1037 2615 1067 2668 et
1080 2607 1154 2668 hor-

168 2687 225 2750 tari
245 2690 353 2751 milites
370 2690 474 2767 Scipio
498 2708 588 2753 orsus
609 2698 670 2753 este
693 2691 780 2768 ipsos
795 2692 965 2752 claudendo
982 2698 1091 2768 portas
1109 2692 1154 2751 in·

168 2774 293 2835 dicasse
306 2774 472 2851 Hispanos,
497 2777 569 2851 quid
584 2784 617 2836 ut
632 2777 771 2836 timerent
785 2776 882 2837 meriti
896 2784 1009 2836 essent.
1048 2776 1154 2852 itaque
1208 2841 1209 2854 χ

168 2859 262 2919 multo
284 2859 493 2921 infestioribus
513 2860 623 2921 animis
645 2877 713 2921 cum
735 2861 780 2921 eis
797 2877 887 2937 quam
910 2877 977 2920 cum
994 2860 1152 2934 Carthagi·

168 2941 328 3004 aiensibus
343 2943 456 3006 bellum
471 2946 637 3022 gerendum
653 2961 739 3006 essee
763 2946 877 3021 quippe
893 2960 960 3005 cum
976 2945 1036 3005 iliis
1052 2959 1152 3021 prope

168 3027 236 3088 sine
257 3028 302 3088 ira
318 3029 357 3089 de
378 3030 506 3106 imperio
529 3037 558 3090 et
571 3029 668 3105 gloria
687 3030 809 3100 certari,
833 3029 871 3088 ab
885 3029 933 3088 his
949 3029 1100 3104 perfidiae
1123 3033 1151 3086 et

168 3113 357 3174 crudelitatis
372 3122 402 3174 et
416 3114 544 3175 sceleris
559 3129 675 3190 poenas
698 3113 887 3190 expetendos
910 3129 990 3174 esse.
1024 3113 1150 3173 venisse

168 3205 298 3272 tempus
316 3214 376 3272 quo
389 3205 418 3258 ct
428 3199 591 3258 nefandam
603 3197 839 3259 commilitonum
851 3213 958 3257 necem
970 3204 1000 3258 ct
1010 3197 1041 3256 in
1053 3202 1149 3256 semet
1207 3213 1208 3232 ¹

169 3280 270 3355 ipsos,
298 3282 325 3340 si
348 3283 456 3341 eodem
479 3283 550 3356 luga
571 3281 661 3340 delati
685 3283 795 3356 lorent,
818 3282 995 3342 instmctam
1012 3279 1147 3340 fraudem

147 3435 151 3442 Ι
168 3363 395 3436 ulciscerentur,
419 3365 493 3425 etin
509 3380 599 3423 otnne
612 3371 734 3440 tempus
749 3367 834 3440 gravi
850 3366 1033 3426 documento
1050 3362 1146 3424 sanci-

167 3451 244 3519 rent,
267 3462 306 3506 ne
322 3448 391 3521 quis
407 3463 553 3524 umquam
568 3448 737 3507 Romanum
753 3449 851 3508 civem
865 3448 1029 3509 militemve
1043 3447 1074 3507 in
1087 3445 1146 3506 ulia
1206 3465 1207 3470 ¹
