2428 3892
260 243 376 326 tllldlt
389 265 481 330 xxv.
505 273 643 340 caasa.
667 283 703 351 [ι.
716 285 823 359 cmm]
990 287 1032 352 aa

60 418 114 466 nnn
128 406 248 482 quidem
265 414 340 474 satis
353 423 459 494 tutum,
474 427 654 497 praesertim
669 431 781 506 agmini
796 435 958 509 perculso,
974 441 1029 502 sed

58 487 204 552 editiorem
231 499 335 558 tamen
361 517 453 576 quam
474 513 576 568 cetera
595 511 678 573 cirea
697 523 783 577 erant
804 519 956 581 subducit.
989 524 1029 584 ibi

53 572 142 645 primo
161 575 389 652 impedimentis
411 595 442 647 et
463 589 599 666 equitatu
620 594 649 656 in
669 599 802 661 medium
819 605 953 680 receptis
971 607 1026 668 cir-

52 657 174 718 cumdati
204 662 329 735 pedites
355 666 437 731 haud
463 673 627 738 diliieulter
649 680 782 758 impetus
808 683 1029 750 incursantium

50 738 237 804 Numidarum
260 751 423 823 arcebant;
453 755 538 834 dein,
560 771 726 839 postquam
747 774 811 830 toto
831 771 952 846 agmine
965 781 1028 834 tres

49 821 239 898 imperatores
262 846 333 893 cum
355 836 450 900 tribus
465 840 555 903 iustis
569 848 753 911 exercitibus
768 853 909 928 aderant,
932 872 1027 933 appa·

50 906 127 968 rebat
149 927 260 986 parum
288 919 381 982 armis
402 923 442 983 ad
466 926 612 990 tuendum
634 933 733 994 locum
754 936 821 997 sine
841 939 1026 1001 munimenta

52 990 182 1055 valituros
204 1012 295 1076 esse,
320 1003 578 1084 circumspectare
600 1021 692 1090 atque
706 1019 821 1094 agitare
837 1021 899 1082 dux
915 1025 1025 1099 coepit

51 1072 74 1131 si
87 1091 142 1150 quo
156 1080 251 1144 modo
268 1095 379 1159 posset
392 1091 506 1152 vallum
522 1096 758 1162 circuminieere.
795 1105 852 1165 sed
868 1113 932 1167 erat
946 1108 1026 1168 adeo

50 1158 137 1220 nudus
157 1167 297 1230 tumulus
319 1178 349 1233 et
369 1175 473 1250 asperi
495 1179 569 1253 soli,
590 1188 624 1242 ut
644 1199 701 1246 nee
715 1185 847 1260 virgulta
859 1190 941 1250 vallo
957 1205 1025 1250 eae-

51 1241 137 1307 dendn
151 1263 210 1310 nec
224 1257 313 1313 terra
328 1259 437 1334 cespiti
453 1261 595 1326 iaciendo
610 1275 662 1327 aul
673 1267 833 1330 ducendae
845 1272 948 1333 iassae
961 1274 1025 1333 alii·-

53 1339 85 1384 re
97 1330 142 1390 ulli
162 1337 252 1410 operi
278 1345 350 1414 apta
369 1341 498 1406 inveniri
520 1359 642 1423 possen
664 1367 723 1413 nec
737 1359 846 1414 natura
860 1356 1024 1431 quicquam

53 1411 113 1470 satis
125 1417 255 1480 arduum
274 1432 327 1486 aut
340 1425 498 1489 abscisum
513 1440 586 1508 erat,
603 1437 686 1511 quod
699 1436 779 1497 hosti
791 1437 904 1498 aditum
916 1453 1022 1528 ascen·

52 1507 144 1558 sumre
157 1501 320 1568 dillicilem
343 1511 523 1585 praeterea
542 1519 646 1579 omnia
660 1520 782 1596 lastigie
798 1521 857 1582 leni
873 1522 1022 1583 subvexa.

49 1583 75 1636 tl
92 1587 185 1644 tamen
207 1589 348 1666 aliquam
368 1596 530 1671 imaginem
545 1603 615 1663 vam
631 1603 802 1677 obicerent,
825 1606 952 1667 clitellas
967 1606 1022 1666 illi-

49 1669 122 1733 gatas
135 1671 285 1735 oneribus
306 1679 390 1740 velut
404 1686 559 1745 struentes
574 1686 614 1746 ad
629 1688 815 1749 altitudinem
830 1689 950 1750 solitam
966 1689 1020 1749 cir·

48 1749 230 1829 cumdabanl,
262 1763 384 1824 cumulo
411 1767 600 1830 sarcinarum
626 1771 724 1832 omnis
746 1775 868 1848 generis
890 1773 1021 1845 obiecto,

49 1828 92 1888 ubi
110 1835 146 1895 ad
167 1841 358 1907 moliendum
381 1848 512 1912 clitellae
536 1853 706 1915 defuerant.
741 1855 845 1917 Punici
867 1857 1020 1917 exercitus

49 1921 195 1995 postquam
211 1927 386 2007 advenere,
402 1931 432 1992 in
449 1937 597 1998 tumulum
613 1940 735 2015 quidem
751 1940 897 2016 perfacile
911 1955 1019 2014 agmen

47 2011 172 2064 erexere:
194 2011 377 2076 munitionis
392 2016 487 2079 iacies
502 2037 584 2082 nova
599 2024 697 2097 prime
710 2040 765 2085 eos
779 2023 863 2082 velut
872 2022 1018 2115 miraculo
1077 2081 1079 2086 .

49 2084 164 2153 quodam
179 2095 295 2172 tenuit,
318 2113 387 2159 cum
402 2100 500 2162 duces
514 2104 652 2181 undique
666 2107 921 2201 vociferarentur,
944 2106 1017 2178 quid

47 2171 146 2230 starent
165 2183 195 2236 et
215 2195 282 2240 non
304 2183 467 2244 ludibrium
489 2187 564 2248 illud
585 2191 637 2249 vix
659 2191 779 2250 ienrinls
794 2203 939 2264 puemsve
954 2202 1015 2246 mo·

47 2252 135 2314 randis
156 2262 231 2322 satis
251 2266 389 2328 validum
404 2268 611 2332 distraherent
625 2273 874 2349 diriperentquer
895 2275 1015 2366 captam

46 2327 148 2398 lesem
167 2347 268 2408 teneri
288 2351 433 2412 latentem
453 2360 527 2429 post
547 2357 694 2418 sarcinas.
731 2357 807 2417 haec
822 2359 1016 2450 contemptun

47 2413 126 2481 luces
144 2425 358 2508 increpabant.
391 2443 526 2498 ceterum
547 2453 650 2515 neque
669 2440 821 2501 transilire
841 2453 899 2534 nec
918 2437 1014 2497 molm

48 2511 125 2565 onera
145 2511 269 2578 obieeta
290 2533 348 2578 nce
370 2521 504 2582 caedere
518 2522 648 2598 stipatas
664 2523 789 2584 clitellas
806 2523 946 2619 ipsisque
961 2521 1014 2582 ob-

45 2592 114 2647 mus
128 2597 258 2662 sarcinis
273 2602 366 2662 lacile
381 2611 455 2665 erat.
478 2605 604 2667 tardatis
621 2607 673 2669 diu
688 2623 756 2667 curn
771 2605 884 2665 amoliti
896 2605 1015 2704 obtecta

46 2678 124 2732 onera
137 2685 260 2746 armatis
276 2685 441 2748 dedissent
454 2689 544 2764 viam,
563 2690 766 2766 pluribusque
780 2690 862 2750 idem
875 2689 1013 2786 partibus

45 2746 129 2832 lieret,
157 2774 249 2842 capta
273 2769 334 2830 lam
355 2771 494 2847 undique
516 2781 617 2835 eastra
636 2779 738 2844 erant3
761 2773 852 2850 pauci
874 2773 1012 2834 emulus

46 2843 225 2922 lercmsique
236 2869 255 2912 a
266 2853 438 2916 victoribus
450 2857 567 2931 passim
580 2857 794 2918 caedebantur.
816 2871 929 2953 magna
939 2871 1011 2954 pars

46 2918 127 2984 tamen
151 2934 279 2997 militum
302 2953 372 2998 cum
394 2940 424 3000 in
445 2939 639 3017 propinquas
660 2940 827 3016 retugisset
847 2941 956 3014 silvas,
981 2957 1009 2999 m

46 3011 130 3069 castra
142 3011 173 3073 P.
190 3018 365 3099 scipionis,
382 3023 494 3100 quibus
509 3025 552 3084 li.
567 3024 713 3094 Fonteius
727 3026 847 3100 legatus
862 3031 1010 3120 praeerat,

46 3088 233 3168 beringerum,
271 3105 325 3166 Cn.
341 3105 518 3183 Scipionem
538 3108 589 3169 alii
604 3107 634 3168 in
648 3107 764 3169 tumulo
784 3107 1009 3203 primoqrml)ctu

46 3159 155 3240 hosium
176 3201 303 3250 caesum
324 3193 462 3264 tradunt,
488 3191 538 3252 alii
553 3207 622 3252 cum
636 3191 744 3267 paucis
759 3191 789 3249 in
804 3201 1007 3264 propinquam

48 3257 134 3342 tutus
154 3272 260 3334 turrim
279 3275 473 3350 perfugisse3
502 3275 582 3336 lianc
602 3275 664 3350 igni
686 3273 899 3366 circumdatam
914 3275 1006 3344 atque

47 3335 77 3394 lla
86 3353 191 3416 exustis
203 3357 336 3433 taribus,
352 3375 431 3434 quas
442 3359 526 3419 nulla
536 3357 634 3420 moliri
646 3363 809 3434 potuerant
819 3369 859 3428 vr,
875 3357 1004 3428 captam,

50 3423 184 3510 annisque
193 3440 279 3504 intus
292 3445 445 3519 cumipse
457 3443 641 3518 imperatore
654 3440 786 3503 occisos.
801 3440 1003 3534 muscetano

50 3510 186 3587 post‘itam
206 3525 238 3586 in
253 3524 438 3602 Hispaniam
458 3531 585 3586 venerat
599 3524 651 3585 cn.
668 3522 788 3598 Scipio,
803 3517 998 3581 undeuicesi-
