2448 3900
251 205 367 266 traua
380 207 471 268 xiix.
494 207 576 266 aar.
588 219 614 270 1.
626 218 652 270 a.
669 215 706 284 [a.
720 214 752 267 e.
764 215 826 282 noa]
960 209 1023 272 aaa

23 359 124 438 pioni
140 375 204 443 non
220 359 367 435 temporis
381 360 439 420 sad
452 360 497 420 rei
511 358 665 435 gerendae
679 361 754 436 tine,
776 361 876 421 donec
891 362 1025 424 debella-

23 453 99 505 tum
115 440 271 504 ia‘Airica
285 443 377 518 ieret,
394 448 589 519 prorogatum
602 443 762 519 imperium
778 450 840 520 est,
856 444 1024 508 decretum·

26 545 108 604 que,
126 533 163 588 ut
177 525 361 602 supplicatio
376 527 477 600 fieret,
495 527 620 603 quadis
635 527 666 588 in
680 526 818 589 Airioam
832 528 1024 604 provinciam

25 611 229 686 traiecisset,
254 617 287 671 ut
307 625 416 672 cares
436 610 577 672 salutaris
604 611 720 688 populo
741 612 881 673 Romano
902 612 1025 690 ipsique

28 695 110 756 duci
126 701 221 772 atque
235 695 383 756 exercitui
398 703 489 756 esset.
522 695 558 754 ΙΙ.
582 696 616 755 ln
631 694 765 756 Siciliam
779 697 837 756 tria
852 695 934 758 milia
947 697 1023 757 mili-

28 788 102 842 tum
118 786 193 839 sunt
207 777 336 854 scripta,
358 786 389 840 ct
403 779 491 855 quia,
510 779 594 854 quod
607 779 729 840 roboris
745 795 782 840 ea
796 779 957 855 provincia
971 781 1024 842 ha·

28 865 158 937 buerat,
176 863 207 922 in
222 861 357 922 Africam
371 869 579 923 transvectum
594 863 701 938 iuerat,
717 871 747 924 et
763 863 844 940 atria,
859 871 1025 940 antequam

30 947 153 1008 classis
170 962 209 1007 ex
223 946 329 1007 Alriea
341 947 491 1022 traiceret,
514 947 714 1024 quadraginta
729 947 859 1008 navibus
876 947 1024 1008 custodiri

31 1033 202 1108 placuerat
212 1029 334 1091 Siciliae
348 1030 526 1091 maritimam
540 1047 635 1092 oram.
656 1031 802 1092 tredecim
816 1048 915 1093 novas
927 1048 1024 1092 naves

29 1115 150 1174 Villius
166 1129 271 1176 secum
287 1115 318 1174 in
333 1113 472 1176 Siciliam
484 1115 583 1186 duxit,
601 1122 722 1176 ceterae
737 1116 768 1175 in
783 1114 888 1177 Sicilia
901 1123 1022 1176 veteres

32 1201 186 1260 relectae.
213 1198 285 1259 huic
300 1198 393 1260 classi
406 1198 447 1260 Μ.
461 1197 659 1276 Pomponius,
675 1199 787 1276 prioris
803 1199 875 1258 anni
888 1205 1022 1275 praetor,

32 1289 208 1360 prorogato
223 1283 351 1358 imperio
366 1283 563 1358 praepositus
579 1299 679 1344 novos
694 1284 803 1345 milites
819 1299 859 1343 ex
870 1284 956 1344 ltalia
970 1283 1024 1344 ad·

34 1374 150 1429 vectos
171 1367 203 1427 in
223 1383 319 1428 naves
340 1367 496 1442 imposuit
532 1383 638 1443 parem
658 1369 780 1429 navium
795 1382 954 1429 numerum
970 1367 1023 1428 Cn.

35 1451 179 1526 Octavio,
200 1451 334 1527 praetori
348 1451 419 1513 item
433 1452 546 1527 prioris
560 1451 640 1526 anni,
661 1466 731 1512 cum
745 1451 812 1528 pari
825 1451 891 1512 iure
905 1451 1022 1526 imperii

37 1537 82 1596 ad
96 1533 410 1596 tuendamSardiniac
425 1551 510 1597 oram
526 1540 627 1611 patres
644 1536 862 1597 decreverunt:
876 1535 1023 1595 Lentulus

37 1626 167 1696 praetor
182 1620 243 1680 duo
259 1619 342 1680 milia
355 1619 481 1680 militum
496 1621 570 1681 dare
584 1620 615 1678 in
630 1635 726 1680 naves
741 1619 855 1680 iussus.
879 1625 910 1679 ct
920 1618 1023 1680 ltaliae

38 1721 112 1779 ora,
135 1703 208 1780 quia
227 1703 376 1765 incertum
397 1710 478 1779 erat,
499 1719 561 1780 quo
580 1703 705 1764 missuri
720 1705 853 1764 classem
868 1701 1023 1778 Carthagi·

41 1790 166 1850 aienses
182 1788 289 1860 tarent,
304 1787 486 1848 videbantur
500 1793 601 1848 autem
613 1787 763 1863 quidquid
775 1787 922 1848 nudatum
933 1801 1022 1863 prae-

39 1873 128 1934 sidiis
145 1877 229 1932 esset
244 1871 372 1946 petituri,
386 1871 427 1931 M.
439 1870 564 1946 Marcio,
580 1870 715 1947 praetori
731 1869 842 1946 prioris
857 1871 937 1944 anni,
954 1886 1021 1930 cum

38 1956 168 2018 totidem
192 1955 320 2015 navibus
346 1954 461 2015 tuenda
481 1956 553 2014 data
574 1961 630 2014 est.
666 1952 724 2013 tria
745 1954 826 2013 milia
847 1953 972 2014 militum
991 1953 1023 2012 in

39 2057 109 2100 eam
132 2039 264 2098 classem
285 2053 324 2098 ex
339 2039 462 2098 decreto
484 2046 604 2114 patrum
626 2038 771 2098 consides
787 2036 979 2113 seripserunt
994 2043 1024 2097 et

40 2125 121 2184 duas
143 2121 280 2197 legiones
300 2123 434 2182 urbanas
457 2122 497 2182 ad
518 2123 634 2182 incerta
653 2121 735 2181 belli.
769 2121 937 2197 Hispaniae
953 2137 1022 2181 cum

40 2205 228 2268 exercitibus¹
249 2205 440 2282 imperioque
455 2206 610 2267 veteribus
625 2205 876 2280 imperatoribus,
896 2203 929 2263 L.
943 2205 1022 2264 Len·

41 2293 105 2352 tuto
121 2297 151 2350 et
162 2290 195 2348 L.
210 2289 322 2350 Manlio
337 2290 477 2364 Acidino,
493 2290 645 2350 decretae.
667 2288 774 2364 viginti
789 2289 911 2349 omnino
928 2289 1021 2363 legio-

41 2375 133 2435 nibus
148 2379 311 2435 etcertum
327 2373 488 2448 sexaginta
502 2373 633 2434 navibus
648 2373 749 2448 longis
764 2387 815 2432 res
829 2373 969 2434 Romana
984 2388 1021 2432 eo

41 2474 123 2518 anno
141 2465 237 2531 gesta.

125 2541 285 2602 Praetores
299 2541 331 2600 in
352 2540 525 2616 provincias
547 2540 592 2600 ire
606 2540 693 2601 iussi.
731 2538 911 2601 consulibus
926 2539 1019 2614 impe-

41 2633 148 2697 ratum,
165 2624 343 2700 priusquam
358 2624 397 2684 ab
408 2623 484 2684 urbe
495 2623 774 2698 proficiscerentur,
788 2624 880 2686 ludos
892 2638 1021 2698 magnos

44 2711 192 2782 tacerent,
215 2723 294 2784 quos
309 2709 342 2768 T.
356 2705 487 2769 Manlius
502 2707 676 2783 Torquatus
692 2707 822 2768 dictator
835 2707 867 2766 in
883 2708 1020 2782 quintum

43 2809 154 2853 annum
167 2792 313 2867 vovisset,
330 2791 358 2852 si
373 2792 483 2853 eodem
498 2797 580 2852 statu
592 2807 643 2850 res
661 2791 784 2866 publica
797 2795 900 2852 staret.
924 2799 956 2851 et
966 2809 1025 2852 no··

42 2893 98 2937 vas
113 2875 275 2950 religiones
298 2875 471 2936 excitabant
484 2873 514 2934 in
530 2873 639 2935 animis
654 2874 809 2936 hominum
824 2875 968 2950 prodigia
982 2891 1020 2935 ex

44 2960 177 3036 pluribus
199 2959 276 3020 loeis
291 2959 436 3020 nuntiata.
471 2974 579 3018 aumm
592 2959 624 3018 in
636 2957 785 3033 Capitolio
802 2959 887 3020 corvi
902 2975 963 3019 non
978 2961 1020 3018 la-

45 3059 165 3104 cerasse
185 3049 300 3104 tantum
319 3044 428 3105 rostris
451 3041 557 3102 crediti
579 3042 636 3103 sed
657 3043 748 3102 etiam
769 3042 888 3102 edisse:
918 3057 1021 3101 mures

45 3127 124 3187 Antii
144 3142 288 3208 coronam
308 3142 433 3188 auream
453 3127 608 3188 adrosere.
642 3125 724 3186 circa
745 3125 880 3199 Capuam
901 3140 1021 3184 omnem

45 3227 147 3287 agmm
156 3211 343 3272 locustarum
357 3209 406 3270 vis
420 3211 539 3285 ingens,
553 3210 596 3270 ita
608 3216 643 3270 ut
655 3210 739 3270 unde
754 3207 953 3268 advenissent
967 3223 1019 3282 pa-

46 3312 109 3355 rum
129 3300 296 3369 constaret,
318 3294 491 3368 compleuit.
528 3295 655 3354 eculeus
675 3288 775 3372 Reate
794 3305 862 3351 eum
885 3291 1022 3367 quinque

48 3378 172 3454 pedibus
192 3387 290 3440 natus.
328 3377 488 3452 Anagniae
509 3377 611 3458 sparsi
632 3376 763 3452 primum
776 3373 864 3450 ignes
879 3375 910 3442 in
925 3375 1021 3449 caelo,

49 3463 114 3523 dein
129 3464 178 3523 tax
199 3462 309 3539 ingens
326 3461 415 3522 arsita
437 3459 609 3521 Frusinone
624 3475 715 3520 arcus
731 3458 829 3581 solem
844 3458 926 3520 tenui
941 3457 1020 3520 linea
1115 3485 1117 3490 ·

759 3549 791 3602 at
