2466 3900
207 205 438 266 tunaxxrv.
461 165 544 266 cAr.
559 213 660 269 mis.
683 207 719 285 [a.
734 212 766 264 c.
781 213 845 282 ns]
969 185 1011 274 ic

54 362 105 422 tori
118 359 223 420 urbano
238 357 380 419 mandata
394 359 551 422 Luceriam
573 360 762 436 provinciam
776 362 904 424 baberet
917 364 1011 440 legle-

54 459 156 519 ncsque
166 443 249 515 duas,
265 441 377 518 quibus
389 442 423 517 Q.
434 441 555 518 Fabius,
570 443 697 520 quitum
711 446 907 520 consuleret,
923 463 1011 523 proc·

51 537 91 588 lor
108 528 282 604 praefuerat
316 526 348 586 P.
369 525 552 602 Sempronio
573 529 733 604 provincia
751 531 934 606 Ariminum,
957 533 1011 594 cn.

48 611 144 672 Fulvio
159 609 306 671 Suessula
320 626 389 672 cum
402 610 483 671 binis
497 611 568 671 item
583 612 755 688 legionibus
776 623 957 690 evenerunt,
980 624 1012 678 ut

47 693 158 757 Fulvius
171 694 304 755 urbanas
319 697 457 770 legiones
469 695 603 772 duceret,
616 696 782 758 lusitanus
795 697 872 759 ubl’.
880 698 1010 777 Pompo-

48 781 93 839 nio
105 778 257 854 acciperet.
287 787 455 856 prorogata
466 780 594 857 imperia
605 781 853 857 provinciaeque,
868 782 908 844 ll.
921 782 1010 845 Glau-

48 864 92 924 dio
103 862 198 924 Sicilia
207 862 322 925 finibus
333 864 379 924 eis
391 865 503 939 quibus
515 879 641 940 regnum
647 864 789 925 Hieronis
802 867 918 942 linisset,
932 867 1007 928 Len·

49 948 104 1007 tulo
115 948 299 1024 propraetori
314 949 474 1025 provincia
485 956 582 1023 vetus,
596 949 628 1007 Τ.
641 948 768 1010 Otacilio
780 950 906 1023 classis;
922 967 1010 1012 exer·

49 1032 115 1091 citus
127 1032 193 1092 nulli
208 1033 305 1093 additi
321 1033 405 1094 novi.
436 1032 478 1093 Μ.
484 1033 609 1093 Valerio
625 1031 753 1094 Graecia
766 1033 1009 1111 Macedoniaque

50 1131 108 1175 cum
120 1116 232 1191 legione
245 1124 277 1177 ct
289 1117 392 1177 classe
405 1132 496 1191 quum
507 1116 649 1188 haberem
665 1117 807 1191 Q.Mucic
823 1133 891 1178 cum
905 1127 1009 1180 vetere

52 1199 166 1260 encrdtu
175 1233 216 1244 -
226 1203 311 1262 duae
325 1208 426 1261 autem
437 1201 575 1276 legiones
591 1210 728 1262 erant-
743 1201 899 1271 Sardiniu;
914 1203 1013 1263 ΗΘ·-

54 1283 136 1342 renlio
152 1285 223 1361 legio
244 1303 326 1359 una,
349 1285 398 1345 cui
420 1285 480 1344 iam
500 1293 654 1361 praeerat,
676 1301 712 1345 ac
732 1284 884 1345 Picenum.
917 1286 1007 1346 scribi

55 1375 186 1440 praetcrea
204 1371 289 1430 duae
311 1369 448 1430 urbanae
467 1369 604 1444 legiones
628 1371 733 1431 iussae
752 1377 782 1430 et
802 1369 907 1445 viginti
928 1369 1009 1428 milia

54 1451 191 1512 socicmm.
220 1455 271 1514 bis
295 1453 441 1529 ducibus,
464 1453 511 1512 liis
527 1453 625 1528 copiis
646 1455 797 1514 adversus
812 1453 905 1514 multa
920 1453 1007 1516 simul

52 1543 93 1594 aul
110 1545 182 1598 mota
201 1548 255 1599 aut
278 1545 428 1614 suspecta
446 1537 527 1596 bella
548 1538 740 1598 muniverunt
760 1538 930 1598 Romanum
955 1537 1008 1597 im·

51 1633 157 1692 penum.

120 1704 263 1768 Consules
280 1705 402 1767 duabus
417 1705 543 1766 urbanis
559 1705 730 1780 legionibus
746 1706 868 1782 scriptis
883 1707 1008 1782 supple·

52 1796 193 1864 mentoque
211 1792 243 1851 in
266 1791 344 1850 alias
364 1791 459 1865 lecto,
489 1789 668 1866 priusquam
688 1790 727 1848 ab
748 1789 823 1850 urbe
842 1798 1009 1864 moverent,

53 1872 171 1948 prodigia
184 1881 387 1950 procurarunt
401 1889 482 1950 quae
495 1873 631 1934 nuntiata
646 1882 740 1933 erant.
768 1891 872 1935 murus
886 1890 923 1934 ac
939 1891 1009 1950 por·

52 1963 89 2014 tae
104 1959 215 2019 Atellae
236 1968 269 2020 et
288 1957 411 2019 Ariciae
438 1957 529 2018 etiam
549 1957 633 2018 lovis
657 1959 744 2018 aedis
765 1960 805 2018 de
825 1959 911 2018 caelo
929 1967 1010 2019 tacta

52 2039 157 2100 lucrant.
189 2051 220 2102 et
234 2044 297 2104 alie
311 2041 444 2104 ludibria
457 2043 615 2104 oculorum
630 2043 809 2118 auriumque
823 2041 938 2104 creditu
952 2046 1009 2116 pro

53 2125 130 2184 reris:
156 2127 279 2188 navibm
299 2128 459 2202 longarum
480 2127 602 2202 species
623 2127 652 2186 in
674 2126 799 2188 flumine
818 2125 1008 2196 Tarracinae,

54 2223 115 2280 quae
128 2211 225 2272 nullae
240 2219 336 2287 erant,
350 2212 454 2280 visae3
469 2218 500 2270 et
514 2212 544 2270 in
555 2210 638 2270 lovis
649 2211 771 2270 Vicilini
786 2211 910 2285 templo,
926 2209 1009 2283 quod

53 2289 76 2348 in
84 2291 246 2370 compsam
261 2312 336 2372 agro
351 2303 407 2370 est,
422 2311 507 2354 arma
521 2293 748 2370 concrepuisse,
764 2302 795 2353 et
807 2291 1009 2353 flumenAmi·

53 2377 112 2435 terni
127 2388 279 2441 cruentum
295 2379 433 2440 lluxisse.
464 2379 513 2456 his
530 2377 700 2455 procuratis
717 2394 756 2438 cx
772 2378 897 2438 decreto
911 2376 1009 2453 ponti·

54 2457 125 2520 licum
139 2465 265 2538 proiecti
280 2465 434 2538 consules,
457 2463 656 2538 Sempronius
671 2463 701 2522 in
713 2462 864 2536 Lucanos,
884 2461 915 2523 in
925 2463 1010 2536 Apu-

54 2540 108 2602 lium
120 2545 238 2610 Fabius.
271 2557 359 2624 pater
379 2548 442 2608 filio
467 2548 585 2622 legatus
605 2547 646 2607 od
660 2546 838 2608 Suessulam
859 2546 889 2606 in
910 2553 1010 2607 castra

54 2630 127 2690 venit.
157 2649 224 2694 curn
246 2634 368 2695 obviam
388 2632 470 2693 filius
490 2632 738 2706 progrederetur,
759 2631 943 2706 lictoresque
957 2645 1010 2690 ve-

56 2715 179 2776 recundia
191 2717 358 2778 maiestatis
373 2715 439 2776 eius
454 2715 536 2777 taciti
550 2715 712 2789 anteirent,
731 2723 854 2791 praeter
868 2715 1008 2777 undecim

56 2793 138 2858 luces
158 2817 237 2876 equo
260 2808 443 2877 praevectus
458 2814 571 2872 senex,
592 2807 626 2859 ut
640 2800 748 2859 consul
768 2800 1009 2860 animadvertere

58 2883 206 2950 proximum
220 2886 357 2946 lictorem
373 2884 475 2956 iussit,
498 2891 530 2944 et
542 2892 576 2944 ut
589 2883 625 2958 is,
648 2884 850 2944 descenderet
864 2898 1008 2958 essequo,

58 2959 215 3042 inclamavit,
230 2978 293 3030 tum
304 2969 427 3029 demum
438 2968 584 3029 desiliens
596 2967 770 3043 „experiri‘
785 2968 882 3045 inquit
896 2967 1008 3043 „volui

60 3043 98 3120 lili,
117 3051 196 3111 satin'
212 3052 309 3114 scires
324 3054 483 3114 consulem
496 3063 527 3113 te
541 3056 643 3113 esset
700 3087 703 3090 -

123 3132 207 3195 XLV.
245 3139 279 3197 ln
301 3152 339 3198 ea
365 3145 466 3198 castra
486 3137 597 3197 Dasius
619 3135 749 3196 Altinius
768 3135 905 3212 Arpinus
932 3135 1010 3192 elam

62 3221 130 3276 nocte
144 3235 208 3285 cum
223 3222 317 3283 tribus
333 3222 432 3283 servis
446 3221 537 3294 venit
553 3221 742 3297 promittens,
758 3218 785 3278 si
801 3218 858 3280 sibi
874 3215 1008 3292 praemio

64 3293 134 3374 loret,
149 3320 186 3364 se
198 3307 302 3383 Arpos
318 3306 505 3384 proditurum
521 3317 616 3366 esse·
635 3319 702 3363 earn
716 3319 781 3362 rem
795 3303 836 3361 ad
850 3298 1009 3361 consilium

64 3393 115 3442 lunt
130 3391 290 3452 rettulisset
303 3390 429 3464 Fabius,
455 3389 523 3450 aliis
545 3404 601 3465 pro
622 3387 781 3460 transfuga
800 3381 1010 3444 verberandus

67 3471 253 3550 necandusque
268 3474 367 3536 videri
382 3472 522 3550 ancipitis
537 3471 628 3532 animi
643 3467 811 3529 communis
823 3466 935 3536 hostis,
958 3463 1009 3539 qul
