2466 3900
161 301 167 312 ,
256 239 370 304 LIBER
382 239 490 302 xxiv,
514 241 897 324 cahaschecah]
1020 244 1064 310 37

102 393 232 454 teatinam
246 392 435 468 tetendisset,
448 393 581 469 rediens,
604 392 677 456 nihil
692 394 792 456 minus
806 401 891 458 ratus
907 413 997 472 quam
1012 397 1063 458 illo

99 476 833 556 temporeuoloooSyracusunumsihiexcrcitum
845 479 969 542 obvium
981 481 1062 553 lore;

96 561 146 622 sed
158 567 255 624 tmten
274 569 357 622 metu
371 561 552 624 Himilconis
566 561 817 639 Poenorumque,
838 564 996 641 atquibus
1011 583 1063 626 ne·

96 661 236 722 quaquam
251 646 297 706 eis
312 646 411 722 copiis
424 663 503 722 quas
514 646 648 708 habehat
658 664 715 723 par
728 655 821 722 esset,
838 665 930 724 quom
942 657 1064 726 poterut

94 730 214 790 maxime
227 730 361 791 intentus
373 737 465 806 atque
480 731 601 808 agmine
612 732 652 792 ad
664 747 772 794 omnes
784 735 1062 811 casuscomposito

93 813 157 874 ibat
183 812 317 875 XXXVI.
340 815 419 877 torte
433 831 472 876 ea
485 831 567 888 cura,
584 831 663 891 quae
678 817 829 878 adversus
837 815 960 881 Poenos
974 836 1062 896 prue-

92 904 202 974 parula,
223 899 378 962 adversus
394 899 515 961 Siculos
533 899 602 960 usui
619 900 683 960 ruit.
718 903 828 962 castris
843 904 996 978 ponendis
1018 904 1061 966 in·

94 983 269 1060 compositos
290 999 329 1044 ae
349 985 521 1060 dispersos
534 992 664 1046 nanctus
679 1001 735 1048 eos
750 992 782 1047 et
795 988 963 1064 plerosque
982 988 1062 1049 iner-

83 1068 158 1142 mes,
168 1067 399 1143 quodpeditum
409 1069 473 1144 luit,
489 1069 700 1142 circumvenit;
717 1085 813 1147 eques
826 1071 885 1134 levi
897 1073 1062 1136 certamine

92 1151 156 1212 inito
169 1167 234 1212 oum
247 1152 440 1229 Hippocrate
451 1155 550 1214 Amas
566 1154 706 1231 perfugit.

163 1235 205 1296 lla
222 1253 332 1313 pugna
351 1237 531 1300 deficientes
553 1238 592 1300 ah
613 1240 759 1301 Romanis
780 1256 850 1302 oum
871 1240 1062 1302 cohibuisset

96 1319 197 1382 Shulos
210 1321 379 1384 Marcellus
401 1321 575 1402 Syracusas
595 1323 688 1394 redit;
711 1332 741 1386 et
762 1331 834 1400 post
853 1339 972 1400 paucos
994 1325 1060 1386 dics

97 1403 203 1466 Himilco
224 1406 374 1469 adiuncto
393 1407 582 1484 Hippocrate
609 1409 650 1468 ad
669 1407 782 1470 flumen
802 1409 962 1484 Anapum,
991 1416 1060 1469 octo

93 1487 173 1550 terme
191 1491 264 1552 inde
280 1491 380 1566 milia,
402 1499 506 1554 castra
519 1492 632 1569 posuit.
665 1492 722 1554 sub
743 1493 825 1554 idem
841 1492 919 1554 forte
939 1499 1061 1569 tempus

92 1580 115 1632 et
123 1591 211 1639 naves
221 1578 337 1652 longae
348 1577 484 1653 quinque
496 1584 526 1638 et
538 1575 1061 1653 quinquagintacurthaginiensium

90 1671 148 1719 cum
159 1659 332 1722 Bomilcare
353 1661 465 1728 classis
485 1661 517 1722 in
540 1677 682 1736 magnum
702 1669 823 1739 portum
839 1662 1003 1740 Syracusis
1021 1678 1061 1722 en
1111 1685 1113 1692 ·

89 1743 141 1804 alto
154 1745 326 1819 decurrere,
342 1752 373 1808 et
382 1747 542 1808 Romanae
556 1747 626 1806 item
642 1747 761 1820 classis,
775 1747 896 1822 triginta
912 1748 1061 1824 quinque·

86 1842 185 1904 remes,
199 1831 354 1906 legionem
370 1832 497 1906 primam
512 1831 653 1891 Panormi
669 1846 859 1907 exposuere3
874 1845 1062 1907 versumque

88 1911 120 1972 ab
134 1913 215 1975 ltalia
227 1915 358 1988 bellarm
382 1916 462 1976 adeo
477 1923 607 1992 uterque
622 1919 756 1992 populus
771 1916 800 1976 in
816 1915 950 1976 Siciliam
964 1916 1060 1977 inten-

85 2000 136 2070 tus,
156 1999 253 2060 luisse
270 1999 367 2061 videri
382 2007 511 2077 poterat
545 1999 696 2075 legionem
710 2001 889 2073 Romanam,
912 2015 992 2076 quae
1006 2015 1059 2062 ex-

85 2081 177 2155 posita
189 2084 333 2146 Panormi
348 2092 428 2159 erat,
449 2084 622 2146 venientem
638 2083 812 2163 Syracusas
827 2083 963 2159 praedae
977 2083 1060 2146 haud

85 2163 167 2226 dubie
181 2169 240 2228 sibi
263 2169 394 2230 suturam
408 2168 537 2230 Himilco
560 2175 643 2229 ratus
659 2169 709 2230 viu
731 2168 897 2244 decipitur:
918 2167 1058 2230 mediter-

84 2262 169 2313 raneo
183 2267 320 2330 nmnque
332 2253 456 2315 Poenus
470 2252 578 2314 itinere
594 2253 695 2326 duxit,
715 2253 796 2328 legio
810 2252 967 2314 maritimis
982 2252 1059 2314 locis

85 2333 177 2396 classe
191 2345 404 2414 prosequente
418 2338 459 2398 ad
471 2337 610 2414 Appium
627 2337 784 2400 Claudium
798 2336 977 2412 Pachynum
991 2351 1060 2398 cum

83 2426 161 2493 parte
176 2421 337 2498 copiarum
352 2422 474 2483 obviam
488 2437 688 2498 progressum
704 2421 852 2498 pervenit.
874 2436 931 2481 nec
947 2420 1060 2482 diutius

84 2500 169 2565 Poeni
183 2506 225 2566 ad
240 2505 417 2584 Syracusas
432 2508 542 2568 morati
557 2513 643 2567 sunt:
666 2513 697 2567 et
710 2506 877 2580 Bomilcar,
900 2505 990 2567 simul
1006 2523 1060 2583 pa·

81 2601 141 2648 rum
157 2591 261 2651 fidens
282 2591 413 2652 namhus
435 2591 516 2667 stris,
540 2591 655 2667 duplici
675 2590 764 2650 facile
779 2606 905 2653 numero
928 2591 1060 2652 classem
1114 2641 1117 2646 .

82 2668 256 2736 habentibus
264 2676 426 2752 Romanis,
442 2672 533 2737 simul
544 2674 640 2736 inutili
651 2691 737 2736 moro
750 2690 879 2738 cernens
892 2675 966 2736 nihil
975 2675 1061 2737 ¹aliud

84 2755 117 2814 ab
130 2759 194 2820 suis
211 2775 305 2835 quam
319 2761 456 2838 inopiam
470 2760 634 2835 adgravari
648 2759 815 2836 sociorum,
828 2760 905 2820 velis
920 2761 950 2820 in
967 2762 1060 2822 altum

84 2839 154 2902 datis
167 2843 343 2905 inAfricam
356 2844 541 2914 transmisit3
558 2843 723 2906 etHimilco
735 2851 859 2906 secutus
874 2845 1060 2920 nequiquam

82 2921 251 2989 Marcellum
267 2928 458 3008 Syracusas,
480 2928 509 2989 si
529 2945 605 3004 quo,
627 2928 806 3004 priusquam
826 2928 993 2991 maioribus
1009 2943 1060 2986 co-

83 3007 136 3082 piis
156 3011 348 3089 iungeretur,
379 3013 505 3075 occasio
527 3013 684 3088 pugnandi
706 3019 803 3088 esset,
837 3020 1003 3090 postquam
1023 3026 1062 3070 ea

84 3095 159 3155 nulla
174 3098 351 3172 contigerat,
368 3105 528 3174 tutumque
542 3097 583 3157 ud
595 3095 769 3172 Syracusas
785 3103 815 3158 et
827 3097 1016 3158 munimento
1031 3100 1061 3154 et

84 3176 191 3242 viribus
204 3181 325 3243 hostem
341 3183 494 3254 cernebat,
511 3197 550 3242 ne
563 3181 675 3241 trustra
689 3180 863 3243 adsidendo
875 3177 1059 3257 spectando·

86 3277 139 3334 que
153 3264 347 3340 obsidionem
359 3267 516 3328 sociorum
527 3271 648 3342 tempus
659 3270 778 3337 tereret,
795 3271 896 3326 eastra
909 3262 981 3322 inde
995 3275 1059 3320 mo·

85 3345 131 3420 rit,
146 3355 187 3424 ut,
204 3367 401 3426 quocumque
416 3356 563 3412 vocasset
577 3348 759 3410 delectionis
774 3347 813 3408 ab
824 3349 963 3408 Romano
976 3356 1059 3415 spes,

88 3427 257 3496 admoveret
272 3435 439 3495 exercitum
455 3449 491 3494 ac
502 3449 653 3510 praesens
666 3448 740 3492 suas
754 3445 805 3488 res
817 3425 990 3488 tovenubus
1005 3422 1059 3482 ad-

87 3508 308 3580 deretunimos.
330 3516 531 3595 Murgantiam
543 3517 675 3594 primum
690 3510 811 3589 prodito
827 3508 864 3570 ab
879 3506 956 3583 ipsis
972 3517 1057 3576 prae-
