2448 3900
184 195 247 260 266
334 192 451 254 LIBER
463 191 597 254 xxvsst.
621 191 705 252 ΟΑΡ.
720 197 821 254 39-40.
842 197 877 264 [a.
895 196 931 248 U.
948 213 972 248 c.
987 194 1051 260 stt]

185 357 268 412 reeta
282 353 312 408 et
326 347 433 409 ordine
448 353 478 406 ct
492 361 532 406 cx
546 346 703 406 voluntate
719 350 845 404 senatus
860 343 991 415 iecisse,
1016 341 1104 418 quod
1119 340 1165 404 Se·

186 439 311 511 guntum
331 429 518 492 restituerint
538 429 686 504 civesque
702 425 891 502 Saguntinos
908 425 1036 487 servitio
1053 442 1168 487 exeme-

110 575 114 586 ,
185 519 261 586 rint;
283 530 427 592 quaeque
448 515 508 574 alla
527 511 727 594 eisbenigne
747 511 890 585 fecerint,
913 526 952 570 ea
972 519 1118 572 senatum
1136 512 1169 570 ita

185 601 324 663 voluisse
338 598 414 658 lieri.
438 597 553 658 donum
567 595 740 672 permittere
756 602 790 656 ut
805 596 835 655 in
848 594 999 670 capitolio
1011 603 1169 670 ponerent

186 687 275 748 locus
300 683 373 742 inde
392 681 547 758 lautiaque
567 679 675 755 legatis
696 679 838 756 praeberi
859 679 961 754 iussa,
987 687 1020 740 et
1041 679 1170 740 muneris

187 769 253 830 dari
269 783 308 828 ne
322 767 423 828 minus
438 765 517 826 dena
531 764 613 826 milia
624 763 714 826 aeris.
737 764 907 840 legationes
919 763 1038 827 deiude
1055 772 1168 824 ceterae

186 857 218 914 io
235 859 369 913 scnamm
387 852 573 912 introductae
590 849 786 924 auditaeque.
814 856 846 909 et
860 848 1040 924 petentibus
1058 847 1169 922 Sagun·

186 937 272 1011 tinis,
287 944 334 1009 ut,
351 943 502 1012 quatenus
517 940 581 996 tuto
596 939 742 1009 possent,
763 933 878 993 Italiam
896 939 1077 1008 spectatum
1092 932 1168 1006 bant,

187 1023 284 1083 duces
299 1020 361 1080 dati
377 1021 553 1094 litteraeque
568 1033 624 1093 per
639 1015 755 1094 oppida
766 1017 889 1092 missae,
904 1022 938 1078 ut
948 1016 1116 1092 Hispanos
1128 1032 1168 1076 co-

189 1106 276 1166 miter
291 1104 474 1180 acciperent.

269 1189 344 1248 Turn
355 1188 395 1248 da
404 1203 439 1246 re
450 1185 583 1262 publiea,
598 1185 638 1245 de
649 1185 836 1246 exercitibus
849 1184 1038 1259 scribendis,
1056 1185 1098 1246 de
1109 1202 1168 1260 pro

185 1272 296 1334 vinciis
322 1273 459 1333 relatum.
496 1269 557 1332 XL.
590 1284 659 1332 cum
682 1269 817 1330 Africam
845 1285 958 1330 novam
981 1269 1169 1346 provinciam

143 1377 148 1391 “
188 1365 276 1420 extra
296 1363 409 1416 sortem
424 1355 455 1414 P.
472 1353 611 1428 Scipioni
632 1353 780 1414 destinari
794 1353 935 1414 homines
952 1354 1036 1414 lama
1053 1355 1167 1426 terrent,

188 1449 219 1501 et
236 1441 305 1515 ipse
324 1440 408 1500 nulla
426 1439 486 1498 iam
499 1438 621 1498 modica
640 1438 738 1512 gloria
753 1445 915 1500 contentus
930 1453 994 1498 non
1009 1438 1052 1498 ad
1070 1452 1168 1514 geren·

187 1525 260 1585 dum
280 1524 372 1584 modo
394 1523 506 1583 bellum
520 1522 577 1584 sed
592 1523 631 1582 ad
646 1521 813 1583 finiendum
830 1521 947 1582 diceret
961 1537 998 1582 se
1013 1523 1167 1584 consulem

187 1607 373 1668 declaratum
388 1621 474 1679 esse,
495 1621 597 1682 neque
614 1605 699 1667 aliter
714 1606 746 1665 id
760 1604 826 1665 fieri
841 1622 938 1681 posse
953 1623 1051 1681 quam
1067 1607 1097 1666 si
1110 1606 1167 1680 ipso

186 1693 217 1751 in
232 1689 367 1750 Africam
382 1689 550 1750 exercitum
563 1696 793 1765 transportaret,
818 1696 850 1750 et
864 1697 1004 1751 acturum
1019 1706 1061 1750 se
1077 1690 1110 1753 id
1122 1704 1168 1764 per

187 1775 336 1850 populum
350 1780 457 1848 aperte
472 1774 577 1847 terret,
598 1773 626 1834 si
640 1781 766 1834 senatus
782 1773 1009 1845 adversaretur,
1025 1773 1063 1834 id
1078 1773 1166 1836 consi·
1202 1827 1203 1842 ξ

186 1859 258 1919 lium
272 1857 510 1934 haudquaquam
525 1857 709 1934 primoribus
725 1865 846 1934 patrum
861 1875 930 1918 cum
945 1859 1104 1934 placeret,
1127 1872 1166 1915 ce·
1202 1853 1203 1925 l

186 1943 243 2004 teri
257 1957 313 2017 per
326 1949 440 2003 metum
454 1949 507 2002 aut
520 1943 715 2003 ambitionem
728 1949 911 2015 mussarent,
928 1943 962 2016 Q.
977 1941 1099 2004 Fabius
1113 1941 1165 2000 bla-

187 2027 287 2087 ximus
308 2035 434 2102 rogatus
456 2027 652 2088 sententiam:
684 2027 771 2099 „scio
793 2026 895 2088 multis
910 2035 1052 2088 vestrum
1069 2025 1165 2098 videri,

188 2117 289 2188 patres
305 2111 481 2188 conscripti,
497 2127 561 2170 rem
576 2118 676 2172 actam
690 2110 841 2172 hodierno
857 2111 907 2170 die
922 2113 988 2186 agi,
1012 2119 1045 2170 et
1062 2111 1163 2172 frustra

186 2193 357 2258 habiturum
372 2196 539 2256 orationem
556 2196 608 2272 qui
622 2204 776 2272 tamquam
787 2196 826 2255 de
840 2195 1005 2270 integrare
1016 2195 1060 2254 de
1072 2194 1165 2255 Airica
1201 2189 1202 2207 ¹

186 2280 345 2355 provincia
368 2280 549 2342 sententiam
573 2279 693 2340 dixerit.
729 2295 787 2356 ego
813 2286 915 2340 autem
939 2280 1075 2355 primum
1100 2277 1163 2338 illud

186 2365 304 2439 ignoro,
327 2364 472 2438 quemad
487 2365 611 2424 modum
627 2371 711 2425 certa
725 2364 786 2424 iam
802 2364 962 2440 provincia
976 2363 1086 2424 Africa
1101 2379 1163 2422 con·

180 2448 262 2509 sutis
284 2447 341 2507 riri
363 2448 448 2510 tortis
468 2463 505 2507 ac
519 2448 636 2508 strenui
651 2448 704 2521 sit,
728 2465 819 2525 quarn
838 2464 895 2508 nec
910 2454 1039 2508 senatus
1054 2445 1163 2508 censuit
1200 2461 1201 2486 i

186 2532 217 2592 in
229 2532 311 2592 hunc
326 2548 438 2593 annum
452 2532 642 2607 provinciam
657 2548 729 2594 esse
744 2548 802 2592 nee
817 2533 952 2608 populus
967 2532 1070 2593 iussit
1088 2530 1161 2592 dein·

186 2617 234 2688 de,
250 2616 277 2675 si
292 2623 347 2688 est,
365 2619 522 2676 consulem
535 2632 668 2692 peccare
682 2616 821 2690 arbitror,
844 2617 897 2692 qui
912 2617 952 2676 de
966 2633 1000 2676 re
1015 2619 1161 2676 transacta

186 2698 356 2760 simulando
373 2714 408 2760 se
422 2701 537 2760 reterre
553 2707 693 2762 senatum
708 2699 839 2761 ludibrio
854 2699 956 2776 habet,
973 2717 1035 2762 non
1049 2706 1158 2760 senato·
1199 2705 1200 2771 l

185 2797 250 2843 rem
270 2781 379 2857 modo,
401 2784 453 2859 qui
474 2784 591 2860 dequo
613 2785 781 2846 consulitur
796 2801 854 2845 suo
870 2787 940 2846 loco
957 2785 1032 2844 dicit
1046 2791 1158 2844 senten·

188 2866 267 2928 tiam.
302 2873 394 2942 atque
414 2883 474 2943 ego
496 2876 612 2928 certum
631 2869 731 2928 habco
753 2867 946 2930 dissentienti
967 2869 1042 2928 mihi
1057 2867 1095 2927 ab
1109 2867 1157 2926 ista

187 2950 379 3012 festinatione
399 2952 429 3012 in
444 2953 579 3012 Africam
594 2952 753 3014 traiciendi
773 2952 903 3014 duarum
917 2969 1020 3014 rerum
1035 2953 1156 3014 subeun·
1198 2973 1199 3053 p

186 3035 255 3096 dam
270 3036 445 3111 opinionem
464 3052 551 3098 esset
574 3037 674 3111 unius,
697 3035 807 3098 insitae
821 3038 944 3112 ingenio
959 3053 1028 3098 meo
1044 3041 1156 3097 cuncta·

186 3121 292 3196 tionis,
315 3137 407 3196 quam
427 3129 539 3182 metum
558 3121 776 3197 pigritiamque
794 3121 936 3182 homines
951 3122 1153 3182 adolescentes

187 3219 263 3264 sane
281 3207 451 3280 appellent,
474 3204 546 3264 dum
560 3221 599 3264 nc
616 3205 772 3280 paeniteat
786 3206 888 3267 adhuc
901 3206 1031 3268 aliorum
1045 3203 1153 3280 specio·

186 3287 269 3365 siora
288 3287 387 3362 primo
408 3297 536 3363 aspectu
557 3289 685 3349 consilia
706 3305 830 3364 semper
844 3289 927 3363 visa,
949 3306 1018 3350 mea
1031 3306 1087 3350 usu
1100 3301 1151 3346 me

186 3371 276 3439 liora,
312 3372 451 3443 alterius,
481 3371 708 3432 obtrectationis
738 3379 830 3448 atque
857 3373 990 3433 invidiae
1016 3375 1151 3434 adversus
1194 3435 1195 3440 γ

188 3461 375 3512 crescentem
400 3454 431 3512 in
456 3454 523 3513 dies
548 3455 675 3526 gloriam
701 3455 859 3516 tortissimi
885 3457 1031 3518 consulis.
1064 3466 1151 3530 aqua
