2448 3900
320 227 436 288 nram
450 227 542 288 xxx„
564 227 647 288 cnr.
662 190 706 289 42ss
728 234 763 301 a.
777 233 882 300 ocor]
1036 226 1099 292 tos

110 388 228 456 cerem,
240 379 354 442 linibus
365 378 595 440 sociorumnon
608 377 803 448 excessissc;
826 377 953 440 dedisse
964 393 1098 454 operam,

110 482 152 528 ne
179 465 302 541 impune
322 462 353 522 in
375 478 467 538 agros
488 478 595 524 eorum
616 462 817 538 populatores
837 464 1099 527 transcenderent.

110 548 280 625 Sopatrum
305 563 345 607 cx
365 547 541 624 purpuratis
562 555 592 607 et
612 545 795 622 propinquis
815 545 898 622 regis
920 562 1007 607 esses
1029 563 1100 608 eum

106 649 184 693 curn
213 637 356 708 quattuor
384 631 507 692 milibus
531 630 736 692 Macedonum
761 636 791 691 et
815 632 947 705 pecunia
971 631 1100 693 missum

111 731 213 792 nuper
238 716 269 776 in
293 715 430 776 Africam
458 731 530 776 csse
554 714 716 776 Hannibali
744 722 774 775 ct
799 714 1099 790 carthaginiensibus

107 801 238 862 auxilio.
261 801 300 860 de
314 800 363 860 his
377 799 471 861 rebus
482 799 660 875 interrogati
670 798 858 858 Macedones
871 813 939 860 cum
951 801 1100 876 perplexe

112 884 346 961 responderent,
362 899 463 959 neque
474 882 534 960 ipsi
545 883 617 942 mite
627 884 971 959 responsumtulcrunu
987 884 1100 945 bellurn

113 984 264 1045 quaerere
287 982 408 1044 regem,
434 974 465 1029 et
489 967 516 1028 si
537 972 661 1043 pergat,
687 967 869 1042 propediem
896 969 1100 1029 inventurum.

109 1053 275 1128 dupliciter
297 1052 336 1112 ab
356 1067 394 1112 eo
416 1051 526 1113 locdus
547 1052 709 1127 violatum,
730 1057 761 1112 et
781 1052 866 1127 quod
880 1051 973 1114 sociis
992 1053 1099 1128 populi

110 1135 242 1197 Romani
256 1136 383 1198 iniurias
398 1137 512 1210 iecerit,
535 1151 572 1196 ac
585 1135 667 1196 bello
682 1134 838 1212 armisque
852 1137 1054 1212 lacessiverit,
1069 1143 1100 1197 et

112 1222 199 1296 quod
214 1221 321 1281 hostes
343 1220 466 1282 auxiliis
481 1227 512 1281 et
525 1221 659 1296 pecunia
672 1219 792 1281 iuverit.
828 1225 860 1280 et
872 1219 904 1281 P.
921 1221 1099 1298 Scipionem

110 1312 198 1366 recte
212 1314 304 1380 atque
319 1305 426 1366 ordine
440 1305 555 1365 iecisse
567 1303 666 1364 videri
682 1312 712 1366 et
725 1305 836 1380 lacere,
860 1304 945 1381 quod
959 1320 1025 1382 eos,
1044 1306 1098 1381 qui

110 1405 198 1450 mma
217 1395 325 1449 contra
345 1390 496 1465 populun
510 1390 683 1451 Romanum
703 1389 837 1450 ferentes
853 1389 934 1465 capti
948 1389 1023 1464 sint,
1043 1389 1098 1451 bo-

109 1473 204 1534 stium
229 1489 356 1534 numero
376 1474 408 1533 in
434 1473 542 1534 vindis
569 1472 695 1548 habeat,
721 1480 752 1534 et
771 1473 811 1533 Μ.
826 1473 985 1534 Aurelium
1004 1490 1044 1534 ox
1064 1491 1099 1535 re

105 1557 236 1638 publica
246 1559 357 1632 iacere,
366 1563 547 1634 gratumque
559 1557 590 1619 id
602 1558 722 1619 senatui
737 1559 913 1634 essequod
924 1557 1029 1619 socios
1040 1575 1098 1634 po-

106 1641 174 1717 puli
184 1641 322 1718 Romani,
330 1642 454 1718 quando
463 1643 528 1703 iure
536 1641 670 1703 laederis
679 1658 741 1702 non
749 1644 859 1718 possit,
868 1642 1097 1705 armistucatur.

197 1726 271 1786 Cum
284 1725 344 1786 hoc
367 1732 429 1787 tarn
450 1727 528 1788 tristi
549 1742 703 1802 responso
724 1726 859 1788 dimissis
874 1727 1098 1790 Macedonibus

109 1809 202 1884 legati
215 1808 482 1886 Carthaginienses
498 1809 617 1880 vocati;
635 1826 766 1887 quorum
777 1810 930 1872 aetatibus
945 1810 1098 1888 dignitati·

108 1893 233 1970 busque
255 1893 433 1970 conspectis
447 1911 574 1956 -nam
589 1895 682 1971 longe
704 1893 794 1971 primi
809 1893 940 1956 civitatis
956 1903 1045 1956 crant·
1056 1925 1098 1936 -

110 1985 174 2040 turn
185 1995 242 2055 pro
254 1995 289 2040 se
298 1979 544 2055 quisquedicere
555 1980 677 2039 verede
690 1995 767 2056 pace
779 1977 838 2054 agi.
854 1975 984 2055 insignis
995 1987 1097 2040 amen

109 2061 189 2124 inter
205 2069 325 2124 ceteros
336 2063 511 2124 Hasdrubal
521 2070 636 2125 erat-
648 2063 788 2124 Haedum
800 2064 969 2139 populares
982 2067 1098 2139 cogno-¹

108 2145 1096 2225 mineappcllabant-pacissemperanaoradversusquessar-

109 2229 199 2293 cinae
211 2229 346 2292 factioni.
362 2246 400 2293 eo
413 2240 476 2294 tum
488 2233 559 2308 plus
571 2231 615 2292 illi
626 2230 815 2294 auctoritatis
828 2229 884 2292 luit
893 2230 966 2292 belli
974 2233 1097 2307 culpam

108 2315 141 2375 in
163 2331 333 2392 paucorum
354 2315 553 2392 cupiditatem
573 2317 612 2378 ab
627 2315 801 2392 republica
815 2315 1020 2377 transferenti.
1044 2315 1097 2392 qul

110 2416 181 2460 cum
200 2399 288 2460 varia
308 2400 448 2462 oratione
469 2417 547 2462 usus
562 2408 661 2474 esset,
684 2417 767 2462 nunc
781 2401 944 2475 purgando
960 2398 1096 2472 crimina,

109 2499 192 2544 nunc
214 2485 366 2562 quaedam
388 2485 527 2558 latendo,
548 2501 588 2545 ne
602 2481 796 2560 impudenter
814 2491 899 2544 certa
912 2483 1096 2560 negantibus
1147 2563 1154 2568 ,

110 2565 266 2629 difficilior
281 2568 371 2629 venia
392 2576 491 2644 esset,
513 2584 595 2628 nunc
615 2569 770 2630 monendo
791 2568 884 2630 etiam
903 2575 1008 2644 patres
1023 2583 1096 2629 con·

111 2650 253 2729 scriptos,
264 2653 397 2713 utrcbus
409 2650 912 2714 secundismodesteacmoderate
922 2651 1095 2713 uterentur:

112 2733 1096 2814 siseatqueHannonemaudissentcarthaglnienscsettempora

109 2818 153 2881 uti
167 2819 349 2896 voluissent,
361 2822 486 2884 daturos
499 2819 597 2882 iuuisse
610 2820 698 2898 pacis
711 2819 922 2898 condiciones,
934 2839 1012 2898 quas
1023 2828 1096 2882 tunc

110 2910 261 2980 peterent
275 2922 346 2966 raro
356 2904 446 2967 simul
456 2904 633 2969 hominibus
639 2907 753 2968 bonam
760 2907 913 2969 icaunam
919 2907 1096 2980 bonamque

110 2996 243 3050 mentem
258 2987 339 3050 dari:
358 2992 509 3067 populum
519 2991 692 3052 Romanum
705 3007 742 3053 eo
754 2989 901 3053 invictum
913 3007 993 3063 esse,
1011 2989 1096 3064 quod

109 3070 142 3132 in
157 3072 304 3134 secundis
319 3074 414 3135 rebus
430 3091 540 3152 sapere
557 3082 587 3136 et
602 3077 764 3136 consulere
779 3072 959 3136 meminerit.
983 3079 1014 3133 et
1025 3073 1094 3132 her-

1 3167 2 3172 ’
110 3157 180 3218 cula
193 3155 366 3220 mirandum
381 3157 487 3232 luisse,
503 3158 530 3219 si
544 3157 632 3220 aliter
642 3160 766 3219 laceret.
790 3174 829 3218 ex
840 3156 1012 3231 insolentia,
1029 3155 1096 3232 qui-

111 3241 170 3302 bus
186 3258 268 3303 nova
288 3243 371 3302 bona
386 3243 507 3303 fortuna
521 3243 575 3319 sit,
596 3243 781 3319 impotentes
796 3241 928 3304 lactitiae
943 3239 1094 3302 insanire:

113 3328 230 3401 populo
244 3327 384 3389 Romano
400 3325 511 3388 usitata
526 3343 562 3387 ac
577 3344 676 3404 prope
691 3326 752 3388 iam
764 3326 905 3388 obsoleta
916 3341 955 3386 ex
965 3323 1095 3387 victoria

112 3408 225 3485 gaudia
235 3427 316 3484 esse,
325 3427 362 3472 ac
374 3412 445 3487 plns
458 3427 556 3486 paene
568 3411 724 3488 parcendo
736 3408 826 3472 victis
839 3427 929 3487 quarn
941 3408 1095 3472 vincendo

111 3489 272 3570 imperium
283 3493 419 3556 auxisse.
438 3503 608 3556 ceterorum
620 3493 825 3555 miserabilior
835 3493 932 3556 oratio
945 3493 1001 3556 luit
1012 3509 1095 3556 com·
