2428 3892
143 205 184 272 ee
283 201 398 270 autu
410 205 503 266 xxv.
525 205 781 269 adamasse.
804 209 843 280 p.
857 209 930 264 ne.
944 211 1011 281 aaa]

145 363 223 424 duce
238 361 352 422 amisso
368 359 434 420 lieri
449 366 560 434 coepta
573 363 636 419 est:
659 365 799 420 ceterum
811 366 845 418 ut
856 357 897 418 ad
910 359 1143 434 erumpendtun

144 445 222 506 inter
236 443 380 504 Numidas
396 441 570 517 leviumque
584 456 740 503 armorum
756 440 817 501 alia
832 441 951 502 auxilia
962 441 1050 502 haud
1063 441 1145 502 dilii-

146 527 211 588 eilis
227 534 306 596 erat,
328 526 370 586 ita
383 524 520 600 elingere
535 531 651 586 tantum
666 524 807 600 equitum
821 525 1028 600 aequantium
1044 539 1147 601 equos

146 609 307 670 velocitate
328 608 463 684 peditum
483 608 534 668 rix
558 615 716 683 poterant,
739 607 891 684 caesique
912 625 1017 686 prope
1036 611 1147 685 plures

146 694 176 753 iu
191 692 265 766 luga
285 709 375 766 quam
391 690 421 751 in
437 707 540 768 pugna
554 699 640 765 sunt,
661 705 720 752 nec
734 691 949 766 superfuisset
964 692 1148 769 quisquam,

147 777 177 837 ni
193 774 350 850 praecipiti
365 774 479 836 iamed
493 789 657 850 vesperum
672 776 723 836 die
737 790 802 836 nox
817 775 1052 838 intervenisset

231 858 352 919 XXXV.
373 859 462 920 Haud
481 859 616 936 segniter
636 860 711 919 inde
725 858 824 921 duces
840 858 936 921 Poeni
952 860 1084 922 fortuna
1099 861 1150 922 usi

148 942 309 1022 coelestim
324 958 343 1004 e
357 943 491 1019 proelio,
509 942 561 1002 vix
575 943 755 1004 necessaria
770 942 877 1019 quiete
892 944 967 1004 data
981 942 1148 1016 militibus,

149 1025 188 1086 ad
202 1025 425 1088 Hasdrubalem
439 1026 618 1086 Hamilcaris
640 1027 764 1087 citatum
783 1041 896 1102 maren
911 1027 1059 1103 rapiunt,
1084 1044 1150 1089 non

150 1109 242 1170 dubia
263 1125 335 1184 spe,
358 1125 427 1172 cum
442 1125 477 1170 se
493 1108 743 1184 coniunxissent,
765 1109 916 1171 debellari
932 1126 1043 1187 posse.
1080 1129 1149 1189 quo

152 1192 202 1254 ubi
217 1202 265 1255 est
279 1201 415 1267 ventum,
438 1194 515 1254 inter
528 1193 683 1254 exercitus
698 1193 863 1269 ducesque
877 1194 1010 1257 victoria
1024 1197 1149 1258 receuti

150 1279 247 1338 laetos
262 1278 421 1352 gratulatio
437 1277 545 1352 ingens
560 1277 650 1351 lacta,
665 1277 851 1353 imperatore
867 1284 953 1340 tanto
970 1295 1044 1341 cum
1059 1281 1150 1342 omni

150 1359 286 1422 exercitu
306 1362 406 1422 deleto
427 1367 458 1422 et
476 1361 602 1422 alteram
624 1377 680 1438 pro
702 1361 787 1421 haud
808 1361 905 1422 dubia
919 1378 1031 1443 parem
1046 1365 1143 1426 vieto

151 1443 226 1503 riam
251 1449 477 1519 exspectantes.
510 1443 550 1504 ad
570 1445 727 1507 Romanos
749 1445 888 1506 nondum
911 1448 1041 1524 quidam
1060 1450 1150 1512 lame

152 1531 251 1588 antae
267 1526 362 1586 eladis
378 1533 567 1603 pervenerat,
582 1529 639 1590 sed
647 1535 797 1589 maestum
809 1531 971 1604 quoddam
984 1533 1150 1598 silentium

151 1615 216 1668 erat
230 1616 261 1669 et
275 1608 365 1670 tacita
378 1610 537 1683 divinatio,
553 1613 653 1687 qualis
668 1612 728 1673 iam
742 1613 1016 1690 praesagientibus
1031 1619 1149 1680 animis

151 1691 331 1752 imminentis
346 1693 416 1754 mali
430 1709 502 1755 esse
516 1696 602 1757 solet.
632 1695 798 1772 imperator
813 1696 898 1774 ipse,
922 1707 1149 1780 praeterquam

153 1775 236 1852 quod
248 1774 286 1835 ab
298 1776 392 1838 sociis
404 1792 439 1838 se
450 1778 613 1850 desertum,
630 1778 765 1842 hostium
776 1787 894 1844 tantum
906 1790 1017 1846 auctas
1030 1788 1147 1863 copias

153 1857 311 1934 sentiebat,
329 1861 505 1923 coniectura
518 1863 609 1923 etiam
623 1871 654 1924 et
666 1863 787 1926 ratione
801 1865 843 1926 ad
856 1869 1076 1944 suspicionem
1092 1887 1147 1932 ae-

153 1947 261 2019 ceptae
275 1943 371 2004 cladis
387 1961 478 2021 quum
500 1946 540 2007 ad
560 1945 653 2008 allam
669 1946 784 2010 bonam
801 1965 892 2025 spem
909 1954 1042 2028 pronior
1059 1964 1147 2016 erat=

53 2043 60 2050 ·
153 2041 287 2104 quonam
308 2029 400 2090 modo
421 2029 501 2090 enim
515 2028 738 2093 Hasdrubalem
753 2048 791 2094 ac
805 2033 988 2112 Magonem,
1011 2039 1073 2100 nisi
1090 2041 1147 2102 de·

153 2112 273 2174 iunctos
288 2127 345 2174 suo
360 2113 451 2187 bello,
465 2113 532 2174 sine
547 2115 710 2176 certamine
725 2117 883 2180 adducere
897 2122 1072 2185 exercitum
1087 2140 1147 2202 po-

153 2195 270 2257 tuisset
291 2212 352 2271 quo
373 2197 465 2260 modo
485 2203 585 2259 autem
607 2214 667 2261 uon
689 2199 848 2262 obstitIssc
864 2210 917 2264 aut
930 2205 970 2265 ab
987 2211 1078 2282 tergo
1094 2223 1147 2270 se-

154 2284 255 2340 cutum
270 2279 401 2356 tratrem,
415 2287 449 2342 ut
462 2280 489 2342 si
503 2281 668 2356 prohibere
679 2300 741 2360 quo
753 2285 855 2351 minus
868 2288 899 2346 in
911 2304 1008 2350 unum
1022 2292 1149 2353 cenent

154 2371 184 2424 et
197 2361 293 2424 duces
308 2371 338 2424 et
351 2365 504 2426 exercitus
520 2364 652 2428 hostium
668 2382 729 2428 nou
745 2378 869 2448 posset,
884 2372 954 2446 ipse
969 2381 1056 2436 certe
1071 2393 1148 2438 cum

157 2447 249 2507 lrrttre
263 2447 462 2522 coniungeret
476 2449 603 2525 copiast
626 2449 674 2512 his
689 2453 800 2514 anxius
816 2456 899 2516 curis
914 2456 947 2517 id
958 2459 1055 2520 modo
1069 2477 1148 2522 esse

154 2529 322 2589 salutarein
332 2545 479 2605 praesens
487 2534 640 2608 credebat,
649 2536 760 2598 cedere
771 2537 844 2600 inde
855 2547 1148 2619 quantumposset;

155 2618 187 2672 et
198 2611 270 2671 inde
283 2629 345 2673 una
355 2621 444 2675 noete
456 2615 571 2691 ignaris
582 2617 723 2682 hostibus
735 2628 766 2683 et
777 2621 817 2685 ob
828 2623 858 2684 id
872 2624 986 2700 quietis
999 2627 1145 2704 aliquan-

156 2703 217 2756 tum
232 2709 375 2762 emensus
390 2703 438 2759 est
452 2699 517 2761 iter.
546 2703 614 2765 luce
628 2710 662 2767 ut
675 2714 838 2768 senserunt
856 2709 1016 2784 proiectos
1031 2711 1146 2774 hostes

155 2793 242 2850 esse,
264 2780 442 2855 praemissis
455 2783 593 2850 Numidis
616 2805 707 2866 quum
728 2796 872 2866 poterant
890 2795 1025 2855 maxime
1047 2798 1146 2858 citato

155 2861 275 2936 agmine
296 2864 385 2939 sequi
406 2880 583 2944 coeperunt.
611 2881 682 2935 ante
695 2881 817 2938 noctem
832 2877 974 2940 adsecuti
988 2879 1146 2942 Numidae

156 2961 236 3006 nunc
250 2946 289 3006 ab
304 2955 389 3024 tergo
405 2965 486 3012 nunc
500 2955 531 3018 in
545 2960 641 3022 latera
654 2960 858 3022 incursantes.
881 2963 1054 3025 consistere
1069 2980 1146 3028 coe·

47 3049 51 3056 ¹
157 3037 266 3105 pertint
285 3048 322 3093 ac
344 3033 431 3092 lutari
452 3051 561 3112 agmen
580 3051 725 3122 quantum
739 3052 886 3121 possenl;
910 3054 1011 3108 emen
1027 3055 1095 3112 tuto
1110 3057 1147 3110 ut

155 3113 244 3174 Simul
259 3122 430 3192 lugssffl'essi
441 3129 708 3206 procederentque
719 3127 825 3206 Scipio
836 3129 1024 3208 hortabatur,
1037 3135 1145 3209 prius·
1211 3211 1212 3216 ἵ

156 3213 246 3272 <luam
261 3201 423 3276 pedestres
438 3207 550 3282 copiae
565 3215 818 3291 adsequerentur.
845 3215 981 3278 Xllllvl.
1004 3224 1145 3280 ceterum
1211 3217 1212 3257 l

156 3297 238 3341 ¹¹¹¹ssss
262 3284 382 3359 agendi>
407 3298 490 3350 ¹111ssss
516 3299 699 3362 sustinendo
724 3309 834 3376 agmen
860 3317 931 3364 cum
950 3301 1143 3378 aliquamdiu

157 3361 376 3462 haudfssulium
391 3376 614 3462 precederamr
629 3390 659 3444 et
672 3399 736 3444 nox
750 3384 810 3444 iam
824 3385 966 3460 instaret,
980 3395 1145 3449 revocata
1211 3389 1212 3460 ,

156 3447 513 3532 llf⁰⁰¹¹⁰⁸1¹⁰⁵S<³¹l³iQ
540 3473 571 3528 et
592 3467 739 3529 co'leetos
764 3468 794 3527 in
817 3471 964 3532 tumulum
985 3472 1143 3546 quendam
1211 3471 1212 3526 i
