2428 3892
220 244 337 305 cisun
350 243 470 306 xxvu.
493 243 576 305 cur.
589 253 632 306 ro.
646 254 688 307 ιι.
716 244 752 322 [a.
766 247 874 326 cau]
976 213 1037 309 trs

44 397 131 472 sani,
149 402 180 457 et
189 395 402 458 mediterranei
412 395 620 458 Beneventani
631 403 662 459 et
672 399 835 459 Aesernini
848 405 877 460 et
887 399 1036 477 Spoletini

41 490 81 543 et
91 479 260 542 Placentini
274 487 305 543 et
315 479 548 542 cremonenses.
570 481 677 542 harum
692 482 882 544 coloniarum
896 483 1037 546 subsidio

46 575 116 628 tum
138 565 299 642 imperium
314 565 421 640 populi
435 565 564 626 Romani
579 565 675 639 stetit,
699 566 799 642 lisque
813 568 929 643 gratiae
943 569 974 629 iu
988 583 1037 630 se

47 657 125 710 natu
141 655 174 711 et
186 648 271 725 apud
287 649 433 724 populum
447 655 544 710 actae.
577 648 741 710 duodecim
761 651 888 712 aliarum
903 653 1038 714 colonia-

46 751 132 808 rum,
157 748 238 810 quae
252 733 497 794 detractavemnt
510 733 680 809 imperium,
701 734 886 796 mentionem
901 736 968 798 lieri
983 751 1038 813 pa-

47 826 118 879 tres
140 823 317 890 vetuerunt,
340 831 442 892 neque
461 816 530 880 illos
552 817 658 877 dimitti
679 832 780 894 neque
794 819 916 879 retineri
935 833 1038 895 neque

50 901 206 978 appellari
227 917 246 961 a
265 900 453 962 consulibus.
496 917 533 961 ea
554 901 646 961 tacita
665 901 824 978 castigatio
845 904 977 964 maxime
998 919 1037 964 cx

52 985 203 1062 dignitate
219 985 325 1062 populi
339 984 469 1045 Romani
485 986 553 1046 visa
566 991 623 1046 est.

141 1069 249 1130 Cetera
260 1067 494 1144 expedientibus
507 1083 586 1145 quae
597 1068 637 1130 ad
649 1069 761 1130 bollum
774 1085 855 1146 opus
867 1076 953 1132 eraut
964 1085 1037 1132 con-

50 1152 175 1215 sulibus
187 1167 295 1214 aurum
305 1152 539 1227 uicesimarium,
555 1152 680 1228 quadiu
693 1155 847 1214 sanctiore
862 1155 981 1217 aerario
996 1155 1037 1217 ad

49 1238 179 1299 rdtimos
190 1253 284 1297 casus
296 1235 484 1312 servabatur,
495 1237 594 1313 promi
605 1237 728 1312 placuit.
746 1245 888 1314 prompta
898 1239 938 1299 ad
951 1247 1036 1315 quat

50 1330 126 1383 tuor
138 1320 222 1382 milia
233 1320 339 1397 pondo
353 1322 428 1381 auri.
449 1321 521 1381 inde
537 1320 690 1396 quingena
705 1321 919 1398 quinquagena
931 1323 1037 1398 pondo

53 1408 129 1466 data
143 1404 323 1466 consulibus
338 1412 369 1465 et
381 1404 423 1464 M.
437 1403 582 1466 Marcello
603 1411 634 1465 et
646 1404 678 1464 P.
694 1403 829 1482 Sulpicio
846 1407 1038 1483 proconsuli·

53 1491 113 1551 bus
128 1497 159 1550 et
173 1489 206 1549 L.
222 1489 348 1550 Veturio
366 1489 516 1564 praetori,
540 1488 593 1566 qui
613 1488 740 1550 Galliam
760 1490 950 1566 provinciam
973 1497 1038 1554 erat

53 1574 198 1646 sortitus;
228 1572 427 1648 additumque
446 1571 541 1634 Fabio
563 1573 682 1634 consuli
703 1580 823 1636 centum
842 1575 949 1650 pondo
971 1575 1037 1637 euri
1099 1573 1103 1584 '

56 1659 270 1734 praecipuum,
295 1657 431 1734 quadiu
452 1673 554 1718 arcem
568 1658 759 1720 Tarentinam
780 1665 967 1735 portaretur:
987 1676 1036 1720 ce·

57 1750 121 1803 tero
133 1742 185 1803 usi
197 1746 269 1802 sunt
282 1742 323 1801 ad
333 1740 515 1802 vestimenta
526 1741 680 1818 praesenti
695 1743 826 1818 pecunia
838 1744 969 1806 locanda
983 1761 1037 1805 ex-

54 1826 172 1899 ercitui,
189 1825 242 1903 qui
255 1827 286 1886 in
293 1824 442 1902 Hispania
452 1823 566 1886 bellum
574 1827 713 1887 secunda
727 1843 784 1888 sua
795 1829 875 1888 lama
885 1828 1037 1904 ducisque

51 1909 191 1986 gerebat
234 1909 285 1970 Xl.
306 1909 450 1985 Prodigia
465 1925 604 1986 quoque,
627 1911 806 1986 priusquam
820 1911 859 1972 ab
874 1910 949 1972 urbe
963 1928 1036 1972 con·

51 1996 138 2056 sules
151 1994 428 2071 proficiscerentur,
443 1993 601 2070 procurari
612 1995 735 2070 placuit
757 1995 787 2055 iu
796 1995 918 2056 Albano
933 2002 1036 2056 moute

50 2087 134 2140 tacta
158 2079 198 2139 de
213 2080 300 2140 caclo
321 2086 408 2140 eraut
421 2077 542 2154 signum
555 2078 639 2138 lovis
660 2077 815 2156 arborque
828 2079 942 2156 templo
963 2095 1036 2157 pro·

50 2165 188 2239 pinque,
211 2169 241 2223 et
256 2161 360 2225 Ostiae
380 2163 482 2236 lacus,
503 2168 535 2224 et
554 2161 677 2238 Capuae
696 2177 802 2224 murus
821 2162 1037 2240 Fortunaeque

49 2247 152 2318 aedis,
169 2253 200 2307 et
210 2246 379 2309 Sinuessae
395 2262 500 2308 murus
514 2253 679 2323 portaque=
698 2245 777 2307 haec
790 2247 831 2308 de
844 2247 932 2308 caelo
945 2254 1035 2310 mata.

51 2339 211 2392 cruentam
225 2331 316 2392 etiam
326 2329 457 2392 fluxisse
471 2347 583 2406 aquam
589 2330 740 2392 Albanam
756 2331 881 2408 quidam
894 2339 1034 2394 auctores

49 2421 154 2486 erant3
177 2423 209 2477 et
226 2416 344 2476 Romae
365 2416 446 2476 intus
470 2415 577 2476 cellam
598 2415 686 2476 aedis
704 2415 804 2477 Fortis
823 2415 975 2478 Fortunae
996 2417 1036 2476 de

51 2499 155 2575 capite
169 2499 299 2576 signum,
316 2500 401 2576 quod
413 2500 444 2559 in
456 2513 572 2560 corona
585 2506 658 2574 erat
673 2500 704 2560 in
719 2516 841 2562 manum
853 2507 964 2578 sponte
978 2517 1036 2561 sua

51 2586 250 2661 prolapsum
277 2590 308 2644 et
326 2583 462 2644 Priverni
483 2583 559 2644 satis
580 2583 741 2645 constabat
759 2585 872 2646 bovem
891 2584 1033 2660 locutum,

50 2666 282 2743 nutumumque
297 2668 446 2744 frequenti
459 2669 526 2728 loro
540 2666 571 2728 in
586 2667 742 2728 tabernam
758 2669 932 2746 devolasse,
947 2676 977 2730 et
988 2668 1034 2732 Si·

52 2767 190 2813 nuessae
210 2759 314 2812 natum
335 2751 478 2828 ambiguo
500 2752 578 2814 iuter
597 2767 712 2814 marem
731 2769 769 2813 ac
793 2753 935 2815 laminam
956 2770 1035 2815 sexu

53 2835 208 2910 infantem,
232 2853 311 2913 quos
327 2837 526 2913 androgynos
541 2837 666 2912 vulgus,
689 2843 720 2897 ut
735 2839 883 2914 pleraque
899 2838 1036 2899 laciliore

53 2925 93 2979 ad
108 2920 297 2996 duplicanda
318 2919 413 2981 verba
427 2919 544 2981 Graeco
557 2936 712 2992 semmae,
735 2923 885 2998 appellat,
907 2930 938 2984 et
957 2924 1035 2995 lacte

53 3004 202 3078 pluvisse,
221 3012 252 3066 et
266 3021 335 3066 oum
349 3004 502 3081 elephanti
516 3004 616 3081 capite
630 3021 758 3081 puerum
772 3013 884 3068 natum.
912 3022 950 3067 ea
964 3021 1032 3083 pro-

53 3087 137 3163 digia
156 3087 267 3150 hostiis
293 3089 460 3150 maioribus
485 3095 662 3166 procurata,
693 3097 724 3151 et
748 3089 932 3167 supplicatio
954 3090 1034 3150 circa

53 3171 157 3234 omnia
176 3173 362 3248 pulvinaria,
391 3172 564 3234 obsecratio
583 3173 615 3232 in
634 3189 727 3234 unum
749 3173 829 3235 diem
850 3173 979 3241 indicta3
1005 3178 1036 3234 et

53 3255 220 3331 decretum,
240 3265 273 3318 ut
286 3258 318 3318 c.
332 3256 480 3319 Hostilius
495 3265 619 3334 praetor
632 3257 723 3318 ludos
736 3258 880 3334 Apollini,
904 3255 983 3319 sicut
996 3254 1033 3319 iit

55 3340 142 3403 aunis
158 3341 221 3402 voti
236 3342 370 3417 lacthue
384 3349 479 3418 erant,
501 3348 632 3403 voveret.
643 3342 828 3418 laceretque.

137 3424 198 3486 Per
218 3441 274 3487 eos
289 3425 357 3487 dies
377 3433 407 3487 et
422 3426 603 3488 censoribus
617 3425 758 3487 creandis
774 3424 807 3499 Q.
822 3423 947 3485 Fulvius
961 3439 1034 3486 con·

54 3511 100 3569 sul
124 3509 247 3570 comitia
266 3510 382 3571 habuit.
414 3509 508 3571 creati
529 3525 691 3585 censores,
713 3508 803 3569 ambo
825 3507 877 3584 qui
899 3508 1034 3570 noudum
