2428 3892
200 213 317 274 amns
331 213 437 274 xxvr.
462 213 545 274 cnr.
559 187 603 278 a.
622 223 665 280 rs.
688 217 725 294 [a.
740 221 773 277 c.
788 217 851 296 no]
961 217 1024 281 155

42 370 125 426 ecula
146 363 270 439 pondo,
298 379 445 425 vasorum
470 371 684 441 argenteorum
708 383 839 444 magnus
865 384 1023 432 numerus.

40 447 112 509 baec
132 446 236 509 omnia
251 446 286 508 G.
300 446 448 510 Flaminio
470 450 626 525 quaestori
647 466 789 527 appensa
812 453 1023 516 adnumerata-

42 547 97 607 que
117 538 196 594 sunt
225 530 317 592 tritici
339 531 561 608 quadringenta
574 534 657 596 milia
671 536 821 612 modium,
845 536 954 599 hordei
968 537 1022 599 du-

41 621 123 676 centa
143 614 350 692 septuaginta.
384 631 422 678 ac
442 632 540 679 naves
563 618 724 680 onerariae
739 620 899 696 sexaginta
914 628 978 682 tres
992 621 1023 682 in

42 707 125 775 portu
137 707 343 776 expugnatae,
360 700 511 776 quaedam
526 717 596 766 eum
611 703 677 766 suis
689 705 845 780 oneribus,
861 705 1021 780 frumento,

43 783 223 858 armiscara
235 789 401 860 praeterea
410 785 557 861 teneque
567 793 599 848 et
607 787 708 848 linteis
721 795 752 850 et
762 795 869 866 sparto
880 796 911 851 et
921 790 1022 851 noval

44 867 420 930 aliamateriaadelassom
431 869 664 947 aedificandum,
678 872 874 934 utminimum
886 873 1021 936 omnium

45 952 111 1012 inter
123 957 225 1014 tmrlas
242 965 322 1028 opes
336 953 463 1014 bellicas
473 951 623 1028 carthago
637 951 707 1029 ipsa
723 951 824 1015 luerit.

115 1035 249 1097 XLVlll.
274 1035 320 1098 Ee
335 1036 387 1098 die
402 1035 516 1112 Scipio,
539 1037 571 1099 0.
585 1036 690 1101 Laelio
706 1033 778 1098 curn
792 1037 889 1102 sociis
905 1036 1020 1097 navali·

46 1115 93 1180 bus
111 1119 219 1182 urbem
240 1120 401 1184 custodire
421 1120 525 1196 iusso,
552 1120 621 1198 ipse
641 1120 673 1181 ln
693 1128 796 1184 castre
815 1123 954 1197 legiones
974 1136 1021 1181 re·
1103 1193 1108 1201 .

45 1203 133 1279 drmit,
158 1205 331 1282 fessosque
350 1204 460 1268 milites
477 1205 619 1266 omnibus
633 1221 696 1267 una
712 1205 763 1267 die
776 1206 848 1267 belli
864 1205 1021 1283 operibus,

46 1288 149 1365 quippe
168 1289 222 1366 qui
236 1296 270 1350 et
285 1289 352 1351 acie
365 1288 578 1363 dimicassent,
603 1295 635 1350 et
649 1289 801 1366 capienda
814 1290 892 1351 urbe
905 1294 1022 1351 tantm

44 1372 145 1434 inbonis
158 1373 353 1450 periculique
363 1374 510 1450 adissent,
524 1379 554 1434 et
565 1380 656 1450 capta
667 1389 737 1436 cum
747 1374 794 1447 iis,
812 1373 908 1450 quiin
921 1386 1022 1434 arcem

46 1457 248 1535 coniugerant,
273 1457 379 1535 iniquo
400 1459 490 1520 etiam
509 1459 580 1520 loeo
601 1466 808 1534 pugnassent,
831 1473 939 1518 curare
954 1471 1021 1518 cor·

47 1557 113 1615 pera
124 1541 222 1604 iussit.
248 1547 377 1618 postero
389 1541 440 1604 die
451 1542 594 1604 militibus
606 1543 830 1618 navalibusque
841 1542 936 1603 sociis
949 1556 1022 1603 eon·

47 1626 151 1688 tombs
170 1627 305 1703 primum
328 1626 376 1687 dis
398 1626 618 1688 immortalibus
640 1627 749 1688 laudes
769 1632 937 1702 gratesque
951 1623 1022 1701 egit,

49 1708 93 1784 qui
106 1725 138 1771 se
151 1728 214 1774 non
229 1711 319 1772 urbis
333 1711 433 1772 solum
450 1711 701 1787 opulentissimae
716 1711 851 1773 omnium
865 1709 896 1772 in
909 1710 1021 1786 Hispa·

48 1794 90 1854 nia
107 1811 165 1856 uno
186 1797 239 1856 die
256 1801 430 1871 compotem
445 1795 606 1869 iecissent,
633 1795 691 1857 sed
706 1802 776 1856 ante
791 1810 830 1856 so
846 1794 1021 1870 congessis·

50 1885 106 1939 sent
118 1879 215 1942 omnis
230 1879 358 1941 Africae
372 1886 465 1955 atque
476 1879 646 1955 Hispaniae
661 1895 748 1955 opas,
763 1886 797 1940 ut
811 1893 913 1955 neque
925 1876 1020 1940 hesti-

50 1961 96 2022 bus
111 1964 276 2041 quicquam
289 1963 520 2038 relinqueretur,
543 1968 573 2023 et
586 1964 646 2024 sibi
661 1979 698 2024 ac
713 1963 778 2025 suis
794 1963 897 2023 omnia
912 1976 1021 2037 super·

50 2055 148 2109 essent.
162 2048 292 2110 militum
306 2046 419 2110 deinde
431 2047 571 2109 virtutem
586 2046 780 2123 collaudavit,
797 2045 881 2123 quad
891 2061 948 2107 eos
960 2060 1022 2106 non

50 2131 154 2205 eruptio
168 2132 320 2207 hostium,
341 2147 404 2194 nan
419 2131 548 2196 altitudo
562 2132 731 2207 noeman,
753 2147 815 2193 non
830 2129 1023 2205 inexplorata

51 2214 136 2289 stagni
149 2217 241 2292 vada,
255 2231 318 2276 non
333 2213 492 2278 castellum
506 2216 537 2276 in
552 2217 614 2278 alto
628 2217 743 2277 bimulo
758 2215 859 2290 situm,
880 2229 943 2275 uon
956 2230 1022 2274 mu·

52 2296 185 2362 uilissima
213 2317 272 2362 arx
305 2299 519 2374 deturmsset,
557 2317 618 2377 que
643 2299 744 2361 minus
769 2298 1025 2361 transcenderent

52 2383 140 2444 omnia
153 2392 460 2462 perrumperentque.
481 2385 585 2461 itaque
600 2399 787 2461 quamquam
803 2383 945 2445 carnibus
960 2399 1022 2444 om-

53 2463 93 2524 nio
105 2467 237 2544 deberet,
252 2469 454 2546 praecipuum
469 2469 594 2530 muratts
606 2483 741 2532 coronae
753 2468 850 2532 decus
861 2467 929 2527 eius
941 2481 1023 2540 esse,

54 2549 96 2622 qui
105 2551 218 2628 primus
230 2569 350 2617 murum
362 2552 571 2615 ascendisset:
583 2552 778 2630 profiteretur
787 2550 840 2627 qui
852 2565 887 2612 se
899 2550 1025 2626 dignum

54 2647 84 2693 eo
97 2633 216 2699 duceret
231 2636 326 2698 deno.
357 2637 419 2699 duo
434 2635 570 2713 professi
585 2642 671 2709 sunt,
694 2635 728 2711 Q.
743 2633 903 2697 Tiberilius
920 2641 1022 2696 centn-

53 2716 90 2776 rio
107 2719 234 2794 legionis
250 2727 377 2796 quartae
397 2728 428 2782 et
442 2719 515 2782 Sex.
529 2720 660 2798 Digitius
681 2719 786 2783 socius
806 2720 936 2781 navalis.
966 2733 1025 2780 nec

55 2798 175 2873 ipsium
187 2804 267 2866 inter
281 2803 440 2866 securiter
455 2804 696 2881 contendebant,
717 2821 809 2882 quam
823 2804 926 2865 sardia
940 2801 1024 2864 exci-

55 2887 178 2950 taverant
191 2894 321 2964 uterque
336 2888 384 2950 sai
399 2888 541 2965 eorporis
555 2889 723 2951 boninum
743 2888 838 2952 sociis
854 2887 886 2949 c.
900 2888 1025 2950 Laelius

55 2969 214 3039 pausatus
235 2972 365 3048 classis,
387 2973 563 3050 legionariis
582 2973 624 3034 Μ.
639 2972 842 3050 Sempronius
856 2971 1025 3034 Tuditanus
1142 3028 1145 3033 .

57 3050 157 3116 aderat
178 3072 216 3118 sa
225 3056 381 3119 eontentio
393 3072 462 3118 cum
474 3072 573 3134 prope
583 3057 767 3120 seditionem
778 3056 904 3131 veniret,
919 3055 1025 3130 Scipio

58 3139 107 3198 tres
128 3147 359 3218 recuperatores
385 3156 454 3204 eum
478 3157 513 3204 ss
537 3143 678 3204 daturam
702 3141 946 3218 pronuntiasset,
974 3139 1026 3213 qui

60 3221 165 3293 togula
178 3239 273 3288 eausa
287 3224 479 3303 testibusque
492 3225 604 3288 auditis
619 3225 797 3300 iudicarent,
817 3230 885 3286 uter
897 3222 983 3299 prius
996 3221 1027 3281 in

61 3304 193 3379 oppidum
210 3309 470 3386 conscendisset,
494 3309 526 3372 C.
540 3309 645 3371 Laelio
666 3316 698 3371 et
711 3309 752 3372 nt
768 3305 953 3385 Sempronio
973 3305 1027 3366 ad-

60 3387 162 3452 vocale
185 3393 281 3469 partis
300 3393 460 3470 utriusque
481 3392 653 3454 cornelium
675 3391 845 3454 &adinum
864 3389 905 3451 de
925 3387 1027 3449 medio

62 3467 171 3552 adiecit,
191 3493 309 3554 eosque
329 3484 392 3539 tres
412 3483 646 3554 recuperatores
668 3472 831 3540 considere
852 3479 883 3534 et
902 3487 1027 3532 eausam
