2434 3902
198 227 258 292 192
370 225 486 288 LIBER
499 223 621 286 xxvtl.
644 223 729 284 CAP-
743 231 788 286 ²6.
812 229 850 297 [a.
864 225 899 284 U.
912 245 937 282 c.
950 228 1013 296 stt]

195 394 252 440 nec
274 393 363 455 speon
377 391 436 436 nec
456 382 569 438 metum
591 388 631 434 ox
646 389 726 435 vano
749 373 892 451 haberet,
914 375 957 436 itu
971 375 1100 436 duobus
1115 390 1176 438 con·

195 463 315 525 salibus
324 460 564 537 haudquaquam
576 473 647 520 sese
654 474 760 535 parem
767 459 902 520 futurum
910 459 1068 520 credebat.
1082 460 1178 537 daque

194 555 276 610 totus
291 546 322 607 in
338 559 412 608 suas
428 551 509 606 artos
524 556 635 604 vorsus
650 542 771 604 insidiis
786 545 888 604 locum
904 544 1086 619 quaerebat.
1109 545 1179 604 leria

195 640 296 692 tamen
312 628 430 706 proelia
445 628 523 688 inter
537 627 609 688 bina
624 633 726 688 eastra
740 628 826 688 vurio
842 635 954 690 eventu
970 629 1107 698 fiebant;
1123 629 1180 704 qui·

194 714 254 776 bus
266 729 335 776 cunt
348 711 465 774 extrahi
477 718 624 792 aestatem
636 727 732 787 posse
745 713 890 774 consules
903 713 1078 787 crederent,
1094 712 1180 772 nihilo

194 800 296 861 minus
312 797 483 874 oppugnari
494 798 612 858 Locros
625 811 720 871 posse
734 797 801 872 ruti,
816 797 849 856 L.
863 796 968 858 cincio
983 803 1019 858 ut
1034 813 1076 858 ex
1085 795 1181 858 Sicilia

194 884 311 948 Locros
326 898 396 944 cum
411 883 514 944 classe
526 881 668 942 traiceret
681 881 828 944 scribunt
862 888 893 941 et
907 887 939 942 ut
955 880 995 941 ab
1010 888 1099 942 terra
1115 897 1182 956 quo-

196 985 256 1044 que
271 966 446 1044 oppugnari
459 965 581 1028 moenia
595 971 739 1041 possent,
763 965 802 1026 ab
816 967 947 1026 Tarento
961 973 1088 1042 partem
1104 981 1181 1026 exar-

196 1053 283 1128 citus‚
306 1051 359 1127 qui
373 1051 404 1110 in
420 1049 576 1126 praesidio
591 1057 664 1122 erat,
689 1049 760 1110 duci
775 1065 813 1110 eo
829 1050 996 1111 iusserunt.
1032 1066 1072 1111 ea
1088 1051 1130 1111 ita
1145 1050 1181 1109 lu·

195 1133 1062 1212 turaperquosdamThurinoscompertaHannibalicum
1073 1140 1180 1207 essent,

193 1221 282 1282 mittit
300 1221 340 1281 ad
359 1219 553 1281 insidendam
575 1218 614 1278 ab
635 1219 765 1279 Tarento
788 1218 879 1280 viam.
916 1218 959 1278 ibi
981 1219 1043 1279 sub
1072 1219 1180 1280 tumulo

193 1304 325 1366 Peteliae
336 1305 393 1365 tria
406 1303 489 1365 milia
503 1302 639 1379 equitum
652 1302 713 1364 duo
729 1303 866 1377 peditum
881 1301 912 1363 in
928 1303 1051 1365 occulto
1068 1304 1181 1374 locutu

194 1388 225 1450 in
247 1405 327 1467 quae
350 1389 542 1466 inexplorato
562 1392 670 1450 euntes
685 1386 816 1448 Romani
837 1401 906 1448 cum
925 1387 1132 1464 incidissent,
1149 1388 1179 1447 ad

195 1473 258 1535 duo
274 1474 357 1534 milia
370 1480 554 1534 armatorum
569 1485 671 1546 caesa,
696 1471 778 1532 mille
793 1477 824 1533 et
838 1470 995 1548 quingenti
1010 1472 1116 1533 ferme
1129 1472 1181 1532 vivi

194 1559 290 1634 copti:
319 1557 369 1616 alii
389 1556 532 1633 dissipati
553 1555 626 1631 luga
649 1571 704 1631 per
724 1569 818 1631 agros
840 1556 999 1634 saltusque
1020 1559 1180 1618 Tarentum

193 1642 322 1702 rediere.

278 1725 422 1786 Tumulus
444 1731 509 1786 erat
528 1724 679 1786 silvestris
700 1724 779 1786 inter
792 1723 906 1788 Punica
926 1731 956 1786 et
969 1727 1122 1786 Romana
1141 1741 1181 1786 oa·

195 1816 272 1886 oua,
293 1809 332 1870 ab
351 1809 465 1870 neutris
487 1808 585 1884 primo
607 1816 796 1886 occupatus,
820 1809 892 1884 quia
910 1809 1059 1885 Romani,
1087 1810 1180 1886 qualo

192 1907 267 1970 pars
283 1894 349 1955 eius
364 1909 443 1968 quae
457 1900 598 1969 vergeret
611 1893 652 1954 ad
665 1893 801 1956 hostium
816 1899 916 1954 eastra
936 1900 1037 1970 esset,
1061 1893 1180 1970 ignora-

192 1978 274 2055 bant,
296 1977 447 2038 Hannibal
461 1977 582 2039 insidiis
598 1994 691 2054 quam
706 1979 815 2040 castris
831 1979 982 2054 aptiorem
996 1995 1073 2038 eum
1091 1979 1180 2040 crodi-

193 2063 288 2124 dcrut.
317 2062 421 2138 itaque
436 2067 526 2128 nocte
541 2063 627 2123 adid
642 2063 755 2124 missas
771 2063 889 2139 aliquot
903 2063 1113 2125 Numidarum
1128 2069 1181 2124 tur·

193 2161 259 2207 mas
274 2148 375 2208 medio
391 2147 422 2207 in
437 2147 516 2207 saltu
531 2146 720 2224 condiderat,
743 2163 873 2223 quorum
888 2147 1018 2210 interdiu
1034 2164 1134 2210 nemo
1148 2146 1180 2207 ab

193 2231 323 2292 statione
345 2231 541 2304 movebatur,
564 2246 604 2292 ne
618 2236 670 2292 aut
689 2247 774 2292 arma
788 2238 841 2293 aut
855 2232 916 2307 ipsi
932 2231 1040 2307 procul
1057 2233 1181 2310 conspi-

192 2322 342 2377 cerentur.
362 2313 531 2376 fremebunt
541 2316 633 2390 vulgo
646 2315 675 2375 in
686 2316 796 2376 castris
802 2315 951 2378 Romanis
964 2319 1181 2392 occupandum

194 2414 263 2460 oum
279 2400 423 2462 tumulum
438 2415 511 2460 esse
525 2405 555 2460 et
569 2399 695 2460 castello
710 2400 908 2475 firmandum,
929 2417 977 2474 ne,
1002 2401 1030 2461 si
1047 2417 1180 2478 occupa-

193 2490 242 2544 tus
252 2485 291 2546 ab
297 2483 467 2545 Hannibale
479 2484 566 2556 foret,
580 2484 663 2546 velut
671 2483 702 2543 in
710 2483 1038 2547 cervicibushaberent
1050 2485 1180 2548 hostem.

192 2569 288 2629 movit
308 2583 345 2628 ea
365 2584 416 2630 res
431 2567 623 2641 Marcellum,
647 2574 677 2628 et
692 2569 830 2644 collegae
850 2569 946 2646 „quin
960 2569 1066 2631 imus“
1090 2570 1181 2647 inquit

192 2650 273 2726 „ipsi
286 2667 355 2713 cunr
368 2652 521 2729 equitibus
533 2652 641 2727 paucis
657 2653 871 2728 exploratumo
886 2653 1095 2716 subiecturus
1113 2671 1180 2718 ocu·

192 2734 230 2794 lis
245 2736 359 2796 nostris
374 2737 486 2798 certius
502 2735 586 2796 dabit
601 2737 794 2799 consilium‘.
817 2738 1021 2819 consentienti
1036 2739 1180 2816 crispino

192 2833 262 2880 cum
289 2821 442 2896 equitibus
462 2821 603 2882 ducentis
624 2820 746 2898 viginti,
775 2823 948 2900 exquibus
977 2823 1183 2900 quadraginta

190 2901 360 2981 Fregellani
375 2905 467 2967 celeri
481 2905 602 2966 Etrusci
623 2912 723 2979 erant,
746 2907 993 2983 proficiscuntur.
1027 2910 1130 2970 secuti
1144 2907 1180 2968 M.

191 2987 354 3052 Marcellus
379 2990 515 3052 consulis
537 2989 619 3051 lilius
648 2997 678 3052 et
698 2993 736 3052 A.
757 2991 888 3053 Manlius
911 2991 1024 3054 tribuni
1044 2993 1181 3065 utilitum,

192 3073 281 3134 simul
302 3081 332 3134 ot
352 3075 413 3136 duo
437 3074 583 3150 praelecti
598 3075 717 3136 socium
730 3075 765 3136 L.
779 3076 928 3138 Arrenius
948 3084 979 3138 et
991 3076 1043 3139 Μ’.
1060 3078 1180 3140 Aulius.

192 3157 369 3220 immolasse
390 3159 493 3220 codic
517 3159 640 3234 quidam
656 3161 829 3235 prodidere·
838 3161 1005 3224 memoriae
1021 3163 1180 3224 consulem

191 3241 376 3318 Marcellum,
393 3249 423 3304 et
433 3243 532 3321 prima
544 3243 646 3308 hostia
661 3259 755 3307 caesa
769 3245 857 3308 iocur
872 3244 940 3308 sine
955 3246 1060 3323 capite
1074 3247 1181 3308 inven-

191 3333 262 3401 tum,
275 3327 305 3386 in
317 3327 454 3388 secunda
466 3328 568 3388 omnia
580 3331 881 3406 comparuissequae
893 3330 1046 3408 adsolent,
1060 3336 1178 3394 auoutm

193 3409 283 3470 etiarn
304 3411 404 3470 visum
425 3411 455 3470 in
477 3411 594 3486 capite;
618 3427 675 3472 nce
696 3414 728 3474 id
743 3431 819 3476 sane
834 3414 990 3491 haruspici
1013 3414 1177 3494 placuisse,

193 3489 275 3565 quod
297 3493 465 3554 secundum
486 3500 594 3555 trunca
617 3502 646 3556 et
666 3497 769 3574 turpia
790 3505 861 3560 exta
875 3499 967 3562 nimis
982 3499 1063 3563 laeta
1083 3515 1177 3578 appu-
