2428 3892
214 225 449 288 LlBttRxxvl.
473 223 556 286 col).
572 232 617 287 to.
632 232 675 288 tr.
698 231 855 299 [acuto]
956 223 1017 292 tlt

52 377 145 438 cessit.
176 380 266 453 atque
280 375 339 449 ille,
355 389 425 436 cum
440 373 469 434 ei
483 375 641 435 multitudo
656 375 754 436 maior
769 391 861 453 quum
875 377 1017 438 Numida·

51 461 221 537 rnmproeul
231 459 630 520 visaetclamorRomanus
642 459 884 538 haudquaquam
895 461 1017 537 ignotus

51 547 85 606 ad
97 560 182 606 aures
196 544 369 620 accidisset,
390 543 570 620 priusquam
585 544 624 604 ad
640 543 732 606 ictum
746 543 796 605 teli
811 547 944 620 veniret,
968 561 1018 608 ca·

51 629 137 706 pessit
160 629 270 706 lugam.
311 643 368 706 per
392 643 532 690 aversam
552 634 673 705 portam
693 629 827 692 emissus
852 630 1017 707 adsumpto

51 713 148 776 comite
160 712 299 792 Epicyde
319 728 388 774 cnm
408 712 516 789 paucis
537 713 578 773 ad
593 728 677 773 ruere
698 713 852 789 pervenit3
875 714 1018 791 nactique

52 805 206 874 opportune
226 814 356 874 parvum
370 797 541 873 navigium,
562 797 668 858 relicta
681 796 822 860 hostibus
837 795 956 876 Sicilia,
978 799 1018 858 de

52 898 103 957 qua
114 897 166 959 per
178 888 222 944 tot
242 896 342 943 annos
357 886 504 944 certaturn
518 888 600 957 erut,
622 882 653 942 ln
667 881 804 942 Africam
824 882 1017 944 haieeorunt.

53 967 102 1026 alia
119 966 274 1028 multitudo
289 965 460 1029 Poenorum
475 963 712 1042 Siculorumque
732 981 772 1026 ne
789 972 936 1043 temptato
952 966 1018 1041 qui-

53 1051 110 1110 dem
128 1050 290 1112 certamine
311 1066 381 1113 eum
401 1048 486 1110 caeci
511 1049 543 1110 in
563 1051 666 1126 lugam
685 1058 824 1125 ruerent,
857 1050 1018 1126 clausique

53 1135 134 1196 exitus
148 1141 266 1211 essent,
286 1135 369 1197 circa
381 1141 488 1213 portas
503 1149 605 1196 caesa
637 1135 754 1212 oppido
768 1141 895 1211 recepto
908 1136 1017 1196 Laevi·

54 1233 107 1294 ιιι,
121 1219 168 1294 qui
178 1220 282 1297 capita
292 1236 393 1282 rerum
405 1219 562 1296 Agrigenti
574 1227 668 1295 erant,
684 1219 780 1294 virgis
791 1233 904 1280 caesos
915 1219 1017 1282 securi

58 1303 200 1380 percussit,
223 1312 345 1366 ceteros
366 1304 577 1382 praedamque
599 1303 754 1374 vendidit;
782 1317 903 1363 ornnem
924 1318 1017 1379 peen-

58 1385 120 1446 niam
130 1387 254 1451 Romam
270 1387 361 1457 misit.
394 1390 475 1450 lama
487 1388 755 1464 Agrigentinorum
770 1387 868 1448 undis
882 1386 1018 1448 Siciliam

58 1484 110 1529 cun
126 1473 328 1550 pervasisset,
351 1475 453 1534 omnia
472 1479 599 1549 repente
615 1473 656 1533 ad
670 1471 828 1534 Romanos
851 1470 1016 1533 inclinave

56 1561 117 1615 runt.
142 1556 262 1632 prodita
276 1557 363 1618 brevi
378 1563 449 1618 sunt
462 1557 566 1632 viginti
582 1556 708 1634 oppida,
724 1571 780 1618 sex
794 1556 825 1616 vi
840 1563 945 1632 capta;
963 1572 1016 1616 vo·

56 1637 163 1702 luntario
175 1641 333 1703 deditione
346 1642 376 1702 in
388 1641 481 1704 fldem
495 1648 644 1702 venerunt
657 1642 698 1702 ad
709 1641 921 1718 quadraginta.
943 1656 1017 1717 qna-

55 1737 107 1782 mm
116 1724 276 1787 civitatium
282 1724 473 1803 principibus
484 1741 554 1788 cum
563 1743 619 1802 pro
632 1726 781 1803 cuiusque
788 1726 896 1788 merito
908 1725 1016 1788 consul

55 1808 133 1880 pretia
143 1825 324 1887 poenasque
335 1811 530 1882 exsolvisset,
547 1812 763 1887 coegissetque
772 1809 894 1873 Siculos
907 1810 1016 1887 positis

57 1891 158 1954 nudem
172 1895 266 1956 armis
281 1895 323 1956 ad
337 1910 445 1971 agrum
459 1895 623 1956 colendum
638 1895 758 1957 animos
774 1901 963 1970 convertere,
985 1902 1017 1955 ut

56 1983 124 2038 esset
136 1995 194 2040 non
209 1980 380 2042 incolarum
394 1978 488 2041 modo
502 1979 654 2040 alimentis
669 1978 814 2055 irngilera
828 1979 937 2054 insula,
960 1978 1017 2040 sed

56 2058 124 2121 urbis
136 2062 250 2126 Romae
270 2071 364 2140 atque
378 2063 498 2141 ltaliae,
520 2064 553 2125 ld
568 2063 653 2139 quod
672 2063 775 2126 multis
791 2079 887 2139 saepe
901 2069 1003 2138 tempe

56 2143 165 2208 statibus
180 2149 304 2222 lecerat,
321 2164 474 2210 annonam
487 2150 612 2224 levaret,
627 2148 667 2208 ab
681 2147 863 2226 Agathyrna
876 2145 1016 2208 incondi-

55 2229 103 2287 tam
120 2232 336 2295 multitudinem
356 2247 461 2296 secum
480 2232 511 2293 in
525 2233 642 2294 ltaliam
661 2231 839 2292 transvexit.
876 2236 1017 2306 quattuor

55 2310 121 2372 milia
137 2313 293 2380 hominum
313 2323 412 2392 erant,
435 2317 520 2378 mixti
535 2332 575 2378 ex
590 2317 672 2378 omni
687 2315 861 2378 colluvione
881 2315 1016 2390 exsules

56 2392 184 2476 obaerati,
208 2401 447 2478 copitaliaausi
469 2401 622 2477 plerique,
650 2406 681 2462 et
700 2415 771 2462 oum
791 2400 822 2460 in
843 2397 1017 2462 civitatibus

57 2479 106 2540 suis
124 2487 228 2548 assub
243 2486 362 2562 legibus
377 2485 533 2561 vixerant,
555 2493 584 2548 et
599 2492 765 2563 postquam
784 2499 840 2547 eos
863 2500 902 2545 ex
922 2482 1017 2544 variis

57 2566 140 2628 causis
154 2570 276 2633 fortune
287 2570 397 2632 similis
413 2569 654 2646 conglobaverat
667 2569 888 2646 Agathyrnam,
903 2583 961 2644 per
975 2568 1017 2628 la-

57 2649 164 2714 trocinia
182 2670 219 2716 ao
239 2655 379 2731 rapinam
399 2655 566 2717 tolerantes
588 2653 690 2716 vitam.
724 2653 782 2715 hos
803 2669 907 2730 neque
926 2653 1017 2714 relin-

57 2747 135 2804 luero
146 2737 297 2804 Laevinus
318 2740 349 2800 in
369 2739 470 2802 roomo
483 2744 545 2800 tum
567 2739 698 2815 primum
717 2753 801 2800 nova
820 2753 898 2815 pace
917 2737 1018 2800 coale-

57 2824 228 2886 soenhvelut
238 2825 396 2886 matonam
406 2822 559 2886 novandos
570 2823 664 2884 rebus
672 2822 747 2884 satis
756 2828 853 2886 tutum
864 2828 948 2884 ratus
960 2827 1016 2896 est,

57 2900 195 2980 ethegiuls
206 2924 276 2972 uem
267 2908 378 2970 loturi
390 2910 526 2970 mantad
537 2906 901 2984 populandumBruttium
912 2921 1018 2983 agrurn

57 2983 194 3053 rhoeam
219 2993 387 3055 latrociniis
410 2992 627 3068 quaerentibus
650 3007 782 3053 manum.
821 2999 852 3054 et
873 2990 958 3070 quod
977 2988 1019 3050 ad

58 3063 170 3136 Siciliam
182 3077 296 3153 animet,
316 3093 355 3139 eo
370 3092 451 3139 anno
467 3077 651 3139 debehatum
665 3083 722 3138 ast.

124 3157 193 3220 XLI.
220 3163 254 3224 ln
268 3162 418 3240 Hispania
432 3161 583 3248 principio
598 3177 681 3222 vens
694 3160 727 3220 P
744 3159 865 3236 Scipio,
887 3156 1017 3218 navibus

60 3232 176 3307 deductio
197 3248 397 3324 evocatisque
417 3231 518 3309 edicto
532 3246 734 3308 Tarraconem
756 3242 911 3305 sociorum
930 3240 1017 3302 auxi-

60 3315 95 3380 111
97 3327 240 3396 hessam
256 3332 478 3408 onerariasque
492 3330 604 3394 ostium
618 3326 802 3391 indeHiberi
815 3323 949 3386 fluminis
964 3340 1018 3400 pe·

60 3406 110 3466 tere
125 3411 211 3478 iubet.
248 3415 360 3479 εοιὶειιι
380 3415 519 3492 legiones
546 3430 586 3475 ex
604 3413 741 3474 hibernis
762 3407 929 3471 conventre
950 3423 1018 3468 oum

62 3482 207 3560 iussisset
180 3517 267 3580 ,ipse
278 3517 346 3563 oum
355 3499 492 3578 quinque
501 3498 622 3560 mlhbus
634 3496 789 3636 sociorum)
795 3493 838 3614 ab
846 3493 1018 3553 Tarracone
