2466 3900
289 212 406 274 LIBER
419 211 525 274 xxiv.
546 212 685 274 cepas.
710 220 746 288 [ι.
759 219 791 272 c.
802 219 866 288 ιιι]
1023 217 1067 282 2³

84 385 150 448 que
168 371 199 430 in
213 367 421 430 Achradinam
435 366 476 426 ed
490 366 606 428 curiam
620 367 772 430 convenit.
806 367 849 430 ibi
863 383 920 446 pro
936 369 1070 434 Concor-

83 453 156 516 diae
177 469 247 525 ara,
270 467 350 527 quae
372 451 401 514 in
417 466 455 512 eo
470 451 529 512 site
542 451 611 512 loco
627 457 706 522 erat,
728 451 972 528 exprincipibus
987 471 1067 516 unus

82 538 210 598 nomine
233 535 409 612 Polyaenus
434 534 606 596 contionem
629 541 661 596 et
679 534 807 597 iberam
829 543 861 596 et
880 537 1068 600 moderatam

82 621 203 682 hebuit
227 618 424 680 servitudinis
439 617 689 694 indignitatisque
703 617 843 680 honines
855 626 1002 695 expertos
1014 622 1066 682 ed·

82 721 198 772 versus
213 709 317 766 notum
331 704 444 766 maium
458 702 591 764 irritatos
603 717 691 764 esser
711 702 867 765 discordia
878 704 975 766 civilis
988 721 1066 780 quas

82 791 231 864 importet
252 787 372 862 clades,
394 787 521 862 audisse
540 787 638 861 magis
660 786 833 861 npotribus
849 786 1066 865 Syracusanos

80 889 180 949 quam
191 872 281 947 ipsos
292 871 418 932 vidisse.
440 886 526 933 arma
537 871 622 946 quod
633 870 762 946 impigre
773 871 918 946 ceperint
931 873 1065 948 laudare,

82 956 185 1032 magis
204 955 413 1029 laudaturum,
433 956 460 1016 si
475 970 537 1026 nou
557 961 679 1016 utantur
691 955 751 1016 nisi
765 955 870 1016 ultime
883 957 1066 1018 necessitate

81 1041 195 1104 coacti.
217 1041 247 1100 in
262 1039 439 1115 praesentia
451 1039 570 1112 legatos
585 1041 625 1102 ad
637 1039 897 1101 Andranedorum
911 1039 986 1102 mitti
1002 1043 1065 1116 pla·

82 1140 172 1199 cere,
196 1125 250 1200 qni
268 1123 459 1196 denuntient,
480 1123 564 1186 utin
586 1128 739 1198 potestate
760 1129 885 1186 senatrrs
907 1140 943 1186 ec
958 1126 1066 1201 popuii

85 1209 133 1283 sit,
149 1215 258 1284 pertas
273 1207 396 1271 Insulae
410 1206 536 1283 aperiet
551 1207 663 1268 reddat
674 1206 871 1282 praesidium.
900 1207 927 1268 si
941 1210 1065 1272 tutelam

88 1293 181 1352 alieni
193 1291 279 1366 regni
296 1307 386 1352 suum
399 1307 527 1366 regnum
540 1290 613 1352 velit
623 1291 734 1366 iecere,
749 1291 879 1352 eundem
890 1307 926 1352 se
938 1308 1066 1354 censere
1129 1299 1134 1312 '

90 1370 184 1440 multo
199 1375 300 1438 aerius
315 1375 353 1440 ab
367 1373 595 1438 Andrenodoro
610 1390 702 1450 quam
715 1375 754 1438 eb
765 1375 954 1470 Hieronymo
968 1377 1065 1451 repeti

86 1459 265 1523 libertatem.
301 1458 340 1520 ab
355 1455 420 1520 hae
441 1457 584 1522 contione
603 1458 695 1533 legati
714 1458 800 1520 missi
821 1465 901 1521 sunt.
938 1467 1063 1523 senatus

84 1543 157 1604 inde
182 1543 289 1604 heberi
314 1548 443 1618 coeptus
466 1549 530 1616 est,
557 1543 641 1617 quod
666 1542 745 1606 sicut
764 1549 912 1618 regnante
931 1543 1064 1606 Hierone

83 1633 243 1688 manserat
260 1627 416 1702 pubiicum
430 1587 606 1700 consifium,
628 1628 670 1688 ita
683 1634 898 1702 postmortem
912 1628 978 1690 eius
994 1636 1064 1690 ante

81 1728 152 1771 eam
181 1711 262 1770 diem
287 1712 370 1770 nulla
390 1711 429 1770 de
448 1726 482 1770 re
504 1726 606 1786 neque
627 1711 789 1772 convocati
809 1727 910 1785 neque
932 1712 1064 1774 consulti

81 1797 216 1857 fuerant.
243 1801 276 1856 ut
292 1801 413 1856 ventum
428 1795 468 1862 ad
481 1795 740 1860 Andrenodorum
754 1801 811 1868 est,
826 1795 926 1871 ipsum
941 1797 1064 1872 quidem

81 1876 233 1944 movebat
246 1887 278 1940 et
291 1878 402 1940 civium
417 1895 591 1943 consensus
605 1886 636 1942 et
650 1895 719 1942 cum
733 1880 811 1942 aliae
826 1888 996 1955 occupatae
1012 1897 1063 1942 ur·

80 1965 128 2028 bis
145 1971 255 2041 partes
271 1971 332 2028 tum
347 1980 421 2040 pars
435 1963 559 2026 Insulae
575 1965 656 2025 velut
669 1963 871 2026 munitissime
883 1965 1005 2038 prodite
1019 1971 1063 2026 at-

79 2065 143 2125 que
173 2048 314 2110 alienata.
347 2048 406 2128 sed
429 2054 589 2113 evocatum
615 2063 684 2112 cum
708 2049 747 2110 ab
772 2047 880 2123 legatis
903 2048 1062 2112 Damarata

80 2149 181 2204 uxor,
203 2132 267 2192 fitia
279 2131 440 2212 Hieronis,¹
458 2130 565 2212 inflate
585 2131 687 2200 adhuc
705 2131 798 2207 regiis
819 2131 927 2192 animis
948 2147 985 2192 ne
998 2147 1062 2192 mu-

5 2233 7 2240 ·
82 2216 175 2277 tiebri
190 2216 317 2290 spiritu,
338 2215 488 2284 admonet
496 2231 592 2291 saepe
606 2223 772 2292 usurpatae
786 2215 927 2293 Dionysii
941 2214 1063 2293 tyranni

82 2301 191 2376 socia,
214 2315 276 2374 quc
296 2297 428 2380 pedibus
449 2305 582 2378 tractum
598 2315 660 2366 nec
678 2299 861 2364 insidentem
876 2314 957 2374 equo
972 2298 1061 2358 relin-

81 2398 184 2460 quere
209 2383 404 2480 tyrannidem
424 2382 535 2456 dixerit
553 2383 675 2447 dehere.
708 2383 797 2448 saeile
817 2398 888 2444 csse
910 2391 1063 2446 momento

82 2485 147 2543 quo
173 2467 244 2542 quis
266 2457 337 2526 velit
357 2467 467 2542 cedere
483 2468 684 2546 possessione
698 2482 827 2543 magnae
841 2468 996 2536 fortunae,
1020 2467 1063 2526 ia-

81 2568 157 2612 cere
174 2547 209 2610 et
221 2566 331 2625 parere
348 2566 414 2626 eam
427 2543 558 2622 difficile
572 2558 663 2628 atque
677 2552 806 2619 arduum
819 2565 900 2614 esse
933 2550 1063 2627 epatium

83 2641 224 2700 sumeret
243 2636 284 2694 ad
301 2635 536 2709 consultandum
555 2635 738 2710 ablegatis:
760 2635 1063 2698 conteretuiedar

82 2717 261 2782 censendos
273 2719 475 2796 exLeontinis
486 2718 596 2780 milites
597 2721 726 2794 ,quibus
738 2719 766 2780 si
777 2718 1063 2794 pecuninmregiem

8 2821 9 2824 ¹
85 2787 243 2878 pollicitus
259 2789 364 2884 esset,
369 2799 470 2864 omnia
482 2803 514 2882 in
522 2807 679 2878 potestate
694 2803 761 2868 eius
777 2804 885 2868 sutum
908 2802 985 2864 hoec
999 2820 1063 2867 mu·

85 2886 195 2948 liebria
215 2887 345 2948 consilia
357 2870 603 2954 nndrmodorus
618 2903 720 2963 neque
733 2893 797 2952 tota
811 2893 992 2963 aspernatus
1007 2892 1065 2962 est,

86 2986 192 3048 neque
212 2973 366 3047 extemplo
386 2971 521 3046 accepit,
547 2971 688 3037 tutiorem
708 2971 747 3034 ed
767 2987 845 3047 opes
865 2970 1064 3032 adfectandas

86 3061 172 3116 ratus
188 3071 260 3118 esse
271 3056 365 3136 viem,¹
376 3055 403 3115 si
414 3055 445 3116 in
458 3055 633 3130 praesentia
643 3055 772 3130 tempori
783 3055 940 3119 cessisset.
963 3055 1065 3128 itaque

87 3138 208 3212 legatos
226 3139 402 3205 renuntiare
421 3138 512 3218 iussit
527 3140 658 3200 futurum
671 3154 708 3200 se
721 3138 752 3198 in
767 3145 893 3202 senetus
909 3153 946 3198 ac
959 3137 1066 3212 populi

91 3229 252 3318 potestate.
281 3219 409 3298 pos'tero
425 3223 475 3284 die
489 3223 558 3282 luce
571 3222 670 3296 prima
683 3223 844 3297 patefactis
859 3222 980 3282 insuite
994 3235 1066 3293 por·

91 3305 159 3365 tis'
151 3322 182 3366 ιιι
202 3307 303 3372 iorum
315 3306 513 3370 Achradinae
533 3305 625 3366 venit.
654 3305 723 3368 ibi'
716 3323 747 3366 m
768 3322 850 3366 aram
868 3302 1068 3376 Concordiae,

90 3403 131 3446 ex
134 3405 207 3468 qua
220 3391 321 3466 pridie
334 3390 510 3468 Polyaenus
526 3390 720 3454 contionatus
734 3395 814 3460 erat,
829 3385 983 3456 escendit,
999 3399 1068 3444 ora

91 3469 265 3552 tionemque
280 3491 349 3536 eam
364 3491 454 3536 orsus
470 3482 531 3548 est,
557 3491 619 3550 qun
634 3473 762 3548 primum
778 3465 977 3529 cunctationis
991 3479 1069 3526 suae
