<?xml version="1.0" encoding="UTF-8"?>
<!DOCTYPE html PUBLIC "-//W3C//DTD XHTML 1.0 Transitional//EN"
    "http://www.w3.org/TR/xhtml1/DTD/xhtml1-transitional.dtd">
<html xmlns="http://www.w3.org/1999/xhtml" xml:lang="en" lang="en">
 <head>
  <title>
</title>
<meta http-equiv="Content-Type" content="text/html;charset=utf-8" />
  <meta name='ocr-system' content='tesseract 3.04.00' />
  <meta name='ocr-capabilities' content='ocr_page ocr_carea ocr_par ocr_line ocrx_word'/>
</head>
<body>
  <div class='ocr_page' id='page_1' title='image "./titiliviaburbec09livygoog_0090.png"; bbox 0 0 2466 3900; ppageno 0'>
   <div class='ocr_carea' id='block_1_1' title="bbox 236 227 1047 306">
    <p class='ocr_par' dir='ltr' id='par_1_1' title="bbox 236 227 1047 306">
     <span class='ocr_line' id='line_1_1' title="bbox 236 227 1047 306; baseline 0.017 -20"><span class='ocrx_word' id='word_1_1' title='bbox 236 228 347 290; x_wconf 52' lang='lat' dir='ltr'>lllBER</span> <span class='ocrx_word' id='word_1_2' title='bbox 361 227 455 289; x_wconf 86' lang='lat' dir='ltr'><strong>xxv.</strong></span> <span class='ocrx_word' id='word_1_3' title='bbox 478 229 561 290; x_wconf 82' lang='lat' dir='ltr'>cAP.</span> <span class='ocrx_word' id='word_1_4' title='bbox 578 239 621 293; x_wconf 88' lang='lat'>11.</span> <span class='ocrx_word' id='word_1_5' title='bbox 637 239 680 294; x_wconf 83' lang='lat' dir='ltr'>ra.</span> <span class='ocrx_word' id='word_1_6' title='bbox 706 238 743 306; x_wconf 77' lang='lat' dir='ltr'>[a.</span> <span class='ocrx_word' id='word_1_7' title='bbox 759 237 790 290; x_wconf 89' lang='lat' dir='ltr'>c.</span> <span class='ocrx_word' id='word_1_8' title='bbox 806 239 869 306; x_wconf 79' lang='lat' dir='ltr'>rra]</span> <span class='ocrx_word' id='word_1_9' title='bbox 1004 235 1047 300; x_wconf 78' lang='lat' dir='ltr'>di</span> 
     </span>
    </p>
   </div>
   <div class='ocr_carea' id='block_1_2' title="bbox 61 381 1044 3648">
    <p class='ocr_par' dir='ltr' id='par_1_2' title="bbox 67 381 1044 700">
     <span class='ocr_line' id='line_1_2' title="bbox 72 381 1044 458; baseline 0.009 -16"><span class='ocrx_word' id='word_1_10' title='bbox 72 381 200 458; x_wconf 83' lang='lat' dir='ltr'>relinquit</span> <span class='ocrx_word' id='word_1_11' title='bbox 213 395 378 457; x_wconf 81' lang='lat' dir='ltr'>regressus</span> <span class='ocrx_word' id='word_1_12' title='bbox 393 382 507 458; x_wconf 87' lang='lat' dir='ltr'>ipsein</span> <span class='ocrx_word' id='word_1_13' title='bbox 522 381 660 445; x_wconf 88' lang='lat' dir='ltr'>hiberna.</span> <span class='ocrx_word' id='word_1_14' title='bbox 694 391 828 447; x_wconf 89' lang='lat' dir='ltr'>ceterum</span> <span class='ocrx_word' id='word_1_15' title='bbox 843 385 974 450; x_wconf 86' lang='lat' dir='ltr'>delectio</span> <span class='ocrx_word' id='word_1_16' title='bbox 988 388 1044 450; x_wconf 86' lang='lat' dir='ltr'>Ta·</span> 
     </span>
     <span class='ocr_line' id='line_1_3' title="bbox 72 465 1043 544; baseline 0.007 -18"><span class='ocrx_word' id='word_1_17' title='bbox 72 465 243 526; x_wconf 82' lang='lat' dir='ltr'>renunorum</span> <span class='ocrx_word' id='word_1_18' title='bbox 259 471 361 527; x_wconf 88' lang='lat' dir='ltr'>utrum</span> <span class='ocrx_word' id='word_1_19' title='bbox 376 467 480 542; x_wconf 87' lang='lat' dir='ltr'>priore</span> <span class='ocrx_word' id='word_1_20' title='bbox 498 482 579 529; x_wconf 78' lang='lat' dir='ltr'>anno</span> <span class='ocrx_word' id='word_1_21' title='bbox 594 484 635 528; x_wconf 87' lang='lat' dir='ltr'>an</span> <span class='ocrx_word' id='word_1_22' title='bbox 649 467 709 529; x_wconf 90' lang='lat' dir='ltr'>hoc</span> <span class='ocrx_word' id='word_1_23' title='bbox 723 469 805 530; x_wconf 87' lang='lat' dir='ltr'>lacta</span> <span class='ocrx_word' id='word_1_24' title='bbox 821 470 875 544; x_wconf 91' lang='lat' dir='ltr'>sit,</span> <span class='ocrx_word' id='word_1_25' title='bbox 896 471 927 532; x_wconf 89' lang='lat' dir='ltr'>in</span> <span class='ocrx_word' id='word_1_26' title='bbox 943 472 1043 535; x_wconf 85' lang='lat' dir='ltr'>diver·</span> 
     </span>
     <span class='ocr_line' id='line_1_4' title="bbox 68 549 1042 630; baseline 0.009 -20"><span class='ocrx_word' id='word_1_27' title='bbox 68 567 128 610; x_wconf 89' lang='lat' dir='ltr'>sum</span> <span class='ocrx_word' id='word_1_28' title='bbox 140 557 283 612; x_wconf 79' lang='lat' dir='ltr'>auctores</span> <span class='ocrx_word' id='word_1_29' title='bbox 298 549 430 613; x_wconf 84' lang='lat' dir='ltr'>trahunt</span> <span class='ocrx_word' id='word_1_30' title='bbox 452 552 559 628; x_wconf 83' lang='lat' dir='ltr'>plures</span> <span class='ocrx_word' id='word_1_31' title='bbox 573 553 801 630; x_wconf 74' lang='lat' dir='ltr'>propioresque</span> <span class='ocrx_word' id='word_1_32' title='bbox 816 561 915 618; x_wconf 77' lang='lat' dir='ltr'>anuo</span> <span class='ocrx_word' id='word_1_33' title='bbox 928 571 1042 619; x_wconf 88' lang='lat' dir='ltr'>memo·</span> 
     </span>
     <span class='ocr_line' id='line_1_5' title="bbox 67 633 684 700; baseline 0.011 -7"><span class='ocrx_word' id='word_1_34' title='bbox 67 634 124 694; x_wconf 89' lang='lat' dir='ltr'>riae</span> <span class='ocrx_word' id='word_1_35' title='bbox 135 649 235 695; x_wconf 79' lang='lat' dir='ltr'>renim</span> <span class='ocrx_word' id='word_1_36' title='bbox 250 633 313 696; x_wconf 87' lang='lat' dir='ltr'>bec</span> <span class='ocrx_word' id='word_1_37' title='bbox 328 650 410 697; x_wconf 90' lang='lat' dir='ltr'>anuo</span> <span class='ocrx_word' id='word_1_38' title='bbox 424 637 537 697; x_wconf 77' lang='lat' dir='ltr'>luctuum</span> <span class='ocrx_word' id='word_1_39' title='bbox 551 637 684 700; x_wconf 82' lang='lat' dir='ltr'>trudunt</span> 
     </span>
    </p>

    <p class='ocr_par' dir='ltr' id='par_1_3' title="bbox 61 717 1042 3578">
     <span class='ocr_line' id='line_1_6' title="bbox 138 717 1042 799; baseline 0.008 -20"><span class='ocrx_word' id='word_1_40' title='bbox 138 717 200 779; x_wconf 86' lang='lat' dir='ltr'>Xll.</span> <span class='ocrx_word' id='word_1_41' title='bbox 221 719 344 780; x_wconf 88' lang='lat' dir='ltr'>Romae</span> <span class='ocrx_word' id='word_1_42' title='bbox 360 721 507 782; x_wconf 89' lang='lat' dir='ltr'>consules</span> <span class='ocrx_word' id='word_1_43' title='bbox 522 729 746 798; x_wconf 77' lang='lat' dir='ltr'>praetoresque</span> <span class='ocrx_word' id='word_1_44' title='bbox 760 737 861 799; x_wconf 86' lang='lat' dir='ltr'>usque</span> <span class='ocrx_word' id='word_1_45' title='bbox 875 731 946 785; x_wconf 89' lang='lat' dir='ltr'>ante</span> <span class='ocrx_word' id='word_1_46' title='bbox 961 723 1042 786; x_wconf 91' lang='lat' dir='ltr'>diem</span> 
     </span>
     <span class='ocr_line' id='line_1_7' title="bbox 64 802 1041 884; baseline 0.008 -22"><span class='ocrx_word' id='word_1_47' title='bbox 64 802 189 877; x_wconf 84' lang='lat' dir='ltr'>quintum</span> <span class='ocrx_word' id='word_1_48' title='bbox 201 803 265 864; x_wconf 71' lang='lat' dir='ltr'>luel.</span> <span class='ocrx_word' id='word_1_49' title='bbox 282 803 382 864; x_wconf 83' lang='lat' dir='ltr'>Maias</span> <span class='ocrx_word' id='word_1_50' title='bbox 396 803 523 864; x_wconf 83' lang='lat' dir='ltr'>Latinae</span> <span class='ocrx_word' id='word_1_51' title='bbox 537 812 708 868; x_wconf 86' lang='lat' dir='ltr'>tenuerunt.</span> <span class='ocrx_word' id='word_1_52' title='bbox 747 821 785 868; x_wconf 91' lang='lat' dir='ltr'>eo</span> <span class='ocrx_word' id='word_1_53' title='bbox 801 805 851 868; x_wconf 88' lang='lat' dir='ltr'>dle</span> <span class='ocrx_word' id='word_1_54' title='bbox 865 813 1041 884; x_wconf 83' lang='lat' dir='ltr'>perpetrato</span> 
     </span>
     <span class='ocr_line' id='line_1_8' title="bbox 63 886 1040 968; baseline 0.005 -22"><span class='ocrx_word' id='word_1_55' title='bbox 63 901 142 947; x_wconf 85' lang='lat' dir='ltr'>sacro</span> <span class='ocrx_word' id='word_1_56' title='bbox 157 886 187 946; x_wconf 92' lang='lat' dir='ltr'>in</span> <span class='ocrx_word' id='word_1_57' title='bbox 199 893 308 948; x_wconf 89' lang='lat' dir='ltr'>monte</span> <span class='ocrx_word' id='word_1_58' title='bbox 322 887 353 948; x_wconf 92' lang='lat' dir='ltr'>ln</span> <span class='ocrx_word' id='word_1_59' title='bbox 368 905 443 949; x_wconf 83' lang='lat' dir='ltr'>suus</span> <span class='ocrx_word' id='word_1_60' title='bbox 456 889 589 967; x_wconf 89' lang='lat' dir='ltr'>quisque</span> <span class='ocrx_word' id='word_1_61' title='bbox 602 889 779 968; x_wconf 86' lang='lat' dir='ltr'>provincias</span> <span class='ocrx_word' id='word_1_62' title='bbox 794 889 1040 966; x_wconf 84' lang='lat' dir='ltr'>proficiscuntur.</span> 
     </span>
     <span class='ocr_line' id='line_1_9' title="bbox 65 971 1040 1046; baseline 0.008 -18"><span class='ocrx_word' id='word_1_63' title='bbox 65 971 157 1046; x_wconf 86' lang='lat' dir='ltr'>religio</span> <span class='ocrx_word' id='word_1_64' title='bbox 178 971 294 1032; x_wconf 90' lang='lat' dir='ltr'>deinde</span> <span class='ocrx_word' id='word_1_65' title='bbox 309 987 393 1034; x_wconf 90' lang='lat' dir='ltr'>nova</span> <span class='ocrx_word' id='word_1_66' title='bbox 414 972 535 1034; x_wconf 84' lang='lat' dir='ltr'>obiecta</span> <span class='ocrx_word' id='word_1_67' title='bbox 549 980 651 1035; x_wconf 84' lang='lat' dir='ltr'>estex</span> <span class='ocrx_word' id='word_1_68' title='bbox 670 974 853 1036; x_wconf 86' lang='lat' dir='ltr'>carminibus</span> <span class='ocrx_word' id='word_1_69' title='bbox 866 975 1040 1038; x_wconf 80' lang='lat' dir='ltr'>Memianis.</span> 
     </span>
     <span class='ocr_line' id='line_1_10' title="bbox 64 1055 1040 1138; baseline 0.011 -25"><span class='ocrx_word' id='word_1_70' title='bbox 64 1061 139 1115; x_wconf 85' lang='lat' dir='ltr'>vates</span> <span class='ocrx_word' id='word_1_71' title='bbox 151 1055 345 1117; x_wconf 85' lang='lat' dir='ltr'>hicMareius</span> <span class='ocrx_word' id='word_1_72' title='bbox 356 1055 482 1118; x_wconf 76' lang='lat' dir='ltr'>illustris</span> <span class='ocrx_word' id='word_1_73' title='bbox 494 1059 603 1134; x_wconf 88' lang='lat' dir='ltr'>luerat,</span> <span class='ocrx_word' id='word_1_74' title='bbox 618 1066 649 1120; x_wconf 89' lang='lat' dir='ltr'>et</span> <span class='ocrx_word' id='word_1_75' title='bbox 659 1073 728 1121; x_wconf 89' lang='lat' dir='ltr'>cum</span> <span class='ocrx_word' id='word_1_76' title='bbox 740 1059 928 1136; x_wconf 77' lang='lat' dir='ltr'>conquisitio</span> <span class='ocrx_word' id='word_1_77' title='bbox 936 1061 1040 1138; x_wconf 87' lang='lat' dir='ltr'>priore</span> 
     </span>
     <span class='ocr_line' id='line_1_11' title="bbox 64 1142 1039 1221; baseline 0.008 -23"><span class='ocrx_word' id='word_1_78' title='bbox 64 1155 132 1200; x_wconf 87' lang='lat' dir='ltr'>anno</span> <span class='ocrx_word' id='word_1_79' title='bbox 143 1155 180 1200; x_wconf 87' lang='lat' dir='ltr'>ex</span> <span class='ocrx_word' id='word_1_80' title='bbox 192 1148 324 1201; x_wconf 88' lang='lat' dir='ltr'>senatus</span> <span class='ocrx_word' id='word_1_81' title='bbox 336 1143 479 1204; x_wconf 89' lang='lat' dir='ltr'>consulto</span> <span class='ocrx_word' id='word_1_82' title='bbox 490 1142 595 1203; x_wconf 84' lang='lat' dir='ltr'>tullum</span> <span class='ocrx_word' id='word_1_83' title='bbox 606 1143 751 1204; x_wconf 86' lang='lat' dir='ltr'>librorum</span> <span class='ocrx_word' id='word_1_84' title='bbox 763 1144 858 1221; x_wconf 85' lang='lat' dir='ltr'>llerei,</span> <span class='ocrx_word' id='word_1_85' title='bbox 870 1145 948 1206; x_wconf 89' lang='lat' dir='ltr'>inM.</span> <span class='ocrx_word' id='word_1_86' title='bbox 956 1145 1039 1206; x_wconf 87' lang='lat' dir='ltr'>Atilii</span> 
     </span>
     <span class='ocr_line' id='line_1_12' title="bbox 65 1224 1039 1304; baseline 0.008 -24"><span class='ocrx_word' id='word_1_87' title='bbox 65 1225 196 1296; x_wconf 85' lang='lat' dir='ltr'>praetoris</span> <span class='ocrx_word' id='word_1_88' title='bbox 217 1224 347 1299; x_wconf 86' lang='lat' dir='ltr'>urbani,</span> <span class='ocrx_word' id='word_1_89' title='bbox 373 1227 425 1302; x_wconf 93' lang='lat' dir='ltr'>qui</span> <span class='ocrx_word' id='word_1_90' title='bbox 441 1241 509 1287; x_wconf 88' lang='lat' dir='ltr'>earn</span> <span class='ocrx_word' id='word_1_91' title='bbox 523 1241 589 1287; x_wconf 88' lang='lat' dir='ltr'>rem</span> <span class='ocrx_word' id='word_1_92' title='bbox 603 1227 727 1304; x_wconf 84' lang='lat' dir='ltr'>egebat,</span> <span class='ocrx_word' id='word_1_93' title='bbox 750 1243 860 1290; x_wconf 81' lang='lat' dir='ltr'>munus</span> <span class='ocrx_word' id='word_1_94' title='bbox 882 1236 1039 1290; x_wconf 83' lang='lat' dir='ltr'>uenerant.</span> 
     </span>
     <span class='ocr_line' id='line_1_13' title="bbox 68 1305 1038 1387; baseline 0.01 -23"><span class='ocrx_word' id='word_1_95' title='bbox 68 1305 91 1364; x_wconf 86' lang='lat' dir='ltr'>is</span> <span class='ocrx_word' id='word_1_96' title='bbox 111 1308 240 1382; x_wconf 86' lang='lat' dir='ltr'>protinus</span> <span class='ocrx_word' id='word_1_97' title='bbox 266 1325 352 1371; x_wconf 90' lang='lat' dir='ltr'>novo</span> <span class='ocrx_word' id='word_1_98' title='bbox 377 1311 513 1387; x_wconf 85' lang='lat' dir='ltr'>praetori</span> <span class='ocrx_word' id='word_1_99' title='bbox 540 1309 643 1372; x_wconf 86' lang='lat' dir='ltr'>Sullae</span> <span class='ocrx_word' id='word_1_100' title='bbox 667 1311 844 1373; x_wconf 79' lang='lat' dir='ltr'>tradiderat</span> <span class='ocrx_word' id='word_1_101' title='bbox 884 1329 923 1373; x_wconf 88' lang='lat' dir='ltr'>ex</span> <span class='ocrx_word' id='word_1_102' title='bbox 947 1313 1038 1374; x_wconf 90' lang='lat' dir='ltr'>huius</span> 
     </span>
     <span class='ocr_line' id='line_1_14' title="bbox 68 1388 1037 1472; baseline 0.009 -23"><span class='ocrx_word' id='word_1_103' title='bbox 68 1388 154 1452; x_wconf 83' lang='lat' dir='ltr'>Marcii</span> <span class='ocrx_word' id='word_1_104' title='bbox 173 1393 302 1454; x_wconf 89' lang='lat' dir='ltr'>duobus</span> <span class='ocrx_word' id='word_1_105' title='bbox 326 1394 513 1458; x_wconf 82' lang='lat' dir='ltr'>carminibus</span> <span class='ocrx_word' id='word_1_106' title='bbox 535 1395 659 1457; x_wconf 86' lang='lat' dir='ltr'>ulterius</span> <span class='ocrx_word' id='word_1_107' title='bbox 673 1403 824 1472; x_wconf 90' lang='lat' dir='ltr'>postrem</span> <span class='ocrx_word' id='word_1_108' title='bbox 846 1403 945 1456; x_wconf 85' lang='lat' dir='ltr'>actam</span> <span class='ocrx_word' id='word_1_109' title='bbox 964 1396 1037 1458; x_wconf 91' lang='lat' dir='ltr'>editi</span> 
     </span>
     <span class='ocr_line' id='line_1_15' title="bbox 67 1479 1037 1556; baseline 0.01 -24"><span class='ocrx_word' id='word_1_110' title='bbox 67 1483 196 1538; x_wconf 89' lang='lat' dir='ltr'>cumrato</span> <span class='ocrx_word' id='word_1_111' title='bbox 219 1479 393 1540; x_wconf 85' lang='lat' dir='ltr'>auctoritas</span> <span class='ocrx_word' id='word_1_112' title='bbox 408 1486 521 1541; x_wconf 88' lang='lat' dir='ltr'>eventu</span> <span class='ocrx_word' id='word_1_113' title='bbox 535 1479 621 1540; x_wconf 86' lang='lat' dir='ltr'>alteri</span> <span class='ocrx_word' id='word_1_114' title='bbox 637 1495 777 1556; x_wconf 90' lang='lat' dir='ltr'>quoque,</span> <span class='ocrx_word' id='word_1_115' title='bbox 800 1480 888 1541; x_wconf 89' lang='lat' dir='ltr'>culus</span> <span class='ocrx_word' id='word_1_116' title='bbox 902 1482 1037 1542; x_wconf 91' lang='lat' dir='ltr'>nondum</span> 
     </span>
     <span class='ocr_line' id='line_1_16' title="bbox 64 1563 1037 1641; baseline 0.009 -25"><span class='ocrx_word' id='word_1_117' title='bbox 64 1564 167 1635; x_wconf 89' lang='lat' dir='ltr'>tempus</span> <span class='ocrx_word' id='word_1_118' title='bbox 181 1570 321 1636; x_wconf 85' lang='lat' dir='ltr'>venerat,</span> <span class='ocrx_word' id='word_1_119' title='bbox 338 1563 498 1625; x_wconf 77' lang='lat' dir='ltr'>adferebat</span> <span class='ocrx_word' id='word_1_120' title='bbox 511 1563 615 1624; x_wconf 87' lang='lat' dir='ltr'>fidem.</span> <span class='ocrx_word' id='word_1_121' title='bbox 635 1565 739 1641; x_wconf 86' lang='lat' dir='ltr'>priore</span> <span class='ocrx_word' id='word_1_122' title='bbox 752 1563 890 1625; x_wconf 78' lang='lat' dir='ltr'>earnrlne</span> <span class='ocrx_word' id='word_1_123' title='bbox 899 1566 1037 1626; x_wconf 83' lang='lat' dir='ltr'>cunnen-</span> 
     </span>
     <span class='ocr_line' id='line_1_17' title="bbox 63 1642 1036 1723; baseline 0.012 -23"><span class='ocrx_word' id='word_1_124' title='bbox 63 1642 99 1702; x_wconf 90' lang='lat' dir='ltr'>sis</span> <span class='ocrx_word' id='word_1_125' title='bbox 109 1646 262 1720; x_wconf 87' lang='lat' dir='ltr'>praedicta</span> <span class='ocrx_word' id='word_1_126' title='bbox 279 1647 387 1708; x_wconf 87' lang='lat' dir='ltr'>clades</span> <span class='ocrx_word' id='word_1_127' title='bbox 402 1647 433 1708; x_wconf 92' lang='lat' dir='ltr'>in</span> <span class='ocrx_word' id='word_1_128' title='bbox 445 1647 524 1709; x_wconf 88' lang='lat' dir='ltr'>haec</span> <span class='ocrx_word' id='word_1_129' title='bbox 535 1647 599 1708; x_wconf 88' lang='lat' dir='ltr'>lere</span> <span class='ocrx_word' id='word_1_130' title='bbox 612 1648 707 1709; x_wconf 86' lang='lat' dir='ltr'>verbu</span> <span class='ocrx_word' id='word_1_131' title='bbox 720 1656 800 1710; x_wconf 80' lang='lat' dir='ltr'>arat:</span> <span class='ocrx_word' id='word_1_132' title='bbox 816 1650 1036 1723; x_wconf 87' lang='lat' dir='ltr'>„amncrnTro-</span> 
     </span>
     <span class='ocr_line' id='line_1_18' title="bbox 62 1725 1035 1810; baseline 0.011 -26"><span class='ocrx_word' id='word_1_133' title='bbox 62 1725 157 1802; x_wconf 86' lang='lat' dir='ltr'>ingena</span> <span class='ocrx_word' id='word_1_134' title='bbox 170 1731 314 1792; x_wconf 88' lang='lat' dir='ltr'>Romane</span> <span class='ocrx_word' id='word_1_135' title='bbox 329 1732 401 1808; x_wconf 86' lang='lat' dir='ltr'>lnge</span> <span class='ocrx_word' id='word_1_136' title='bbox 417 1732 559 1806; x_wconf 83' lang='lat' dir='ltr'>cannam,</span> <span class='ocrx_word' id='word_1_137' title='bbox 576 1748 616 1792; x_wconf 93' lang='lat' dir='ltr'>ne</span> <span class='ocrx_word' id='word_1_138' title='bbox 630 1741 661 1795; x_wconf 90' lang='lat' dir='ltr'>te</span> <span class='ocrx_word' id='word_1_139' title='bbox 674 1733 864 1809; x_wconf 80' lang='lat' dir='ltr'>alienigenae</span> <span class='ocrx_word' id='word_1_140' title='bbox 880 1740 992 1810; x_wconf 87' lang='lat' dir='ltr'>cogant</span> <span class='ocrx_word' id='word_1_141' title='bbox 1006 1734 1035 1795; x_wconf 91' lang='lat' dir='ltr'>in</span> 
     </span>
     <span class='ocr_line' id='line_1_19' title="bbox 63 1815 1036 1893; baseline 0.011 -24"><span class='ocrx_word' id='word_1_142' title='bbox 63 1825 157 1888; x_wconf 85' lang='lat' dir='ltr'>compo</span> <span class='ocrx_word' id='word_1_143' title='bbox 171 1815 335 1877; x_wconf 87' lang='lat' dir='ltr'>Diomedis</span> <span class='ocrx_word' id='word_1_144' title='bbox 357 1830 522 1878; x_wconf 80' lang='lat' dir='ltr'>conserere</span> <span class='ocrx_word' id='word_1_145' title='bbox 537 1833 656 1878; x_wconf 87' lang='lat' dir='ltr'>manus.</span> <span class='ocrx_word' id='word_1_146' title='bbox 689 1818 748 1878; x_wconf 86' lang='lat' dir='ltr'>sed</span> <span class='ocrx_word' id='word_1_147' title='bbox 762 1833 865 1893; x_wconf 88' lang='lat' dir='ltr'>neque</span> <span class='ocrx_word' id='word_1_148' title='bbox 879 1820 988 1879; x_wconf 85' lang='lat' dir='ltr'>credes</span> <span class='ocrx_word' id='word_1_149' title='bbox 1004 1827 1036 1880; x_wconf 89' lang='lat' dir='ltr'>tu</span> 
     </span>
     <span class='ocr_line' id='line_1_20' title="bbox 63 1895 1033 1978; baseline 0.011 -24"><span class='ocrx_word' id='word_1_150' title='bbox 63 1895 130 1972; x_wconf 89' lang='lat' dir='ltr'>nihl,</span> <span class='ocrx_word' id='word_1_151' title='bbox 144 1899 244 1961; x_wconf 89' lang='lat' dir='ltr'>donec</span> <span class='ocrx_word' id='word_1_152' title='bbox 260 1900 431 1977; x_wconf 87' lang='lat' dir='ltr'>compleris·</span> <span class='ocrx_word' id='word_1_153' title='bbox 442 1901 591 1977; x_wconf 83' lang='lat' dir='ltr'>sanguine</span> <span class='ocrx_word' id='word_1_154' title='bbox 606 1917 765 1978; x_wconf 72' lang='lat' dir='ltr'>campum3</span> <span class='ocrx_word' id='word_1_155' title='bbox 784 1903 940 1978; x_wconf 82' lang='lat' dir='ltr'>multaque</span> <span class='ocrx_word' id='word_1_156' title='bbox 952 1903 1033 1965; x_wconf 85' lang='lat' dir='ltr'>milla</span> 
     </span>
     <span class='ocr_line' id='line_1_21' title="bbox 62 1981 1034 2062; baseline 0.008 -24"><span class='ocrx_word' id='word_1_157' title='bbox 62 1981 152 2042; x_wconf 89' lang='lat' dir='ltr'>occisa</span> <span class='ocrx_word' id='word_1_158' title='bbox 164 1991 217 2045; x_wconf 83' lang='lat' dir='ltr'>tua</span> <span class='ocrx_word' id='word_1_159' title='bbox 228 1985 351 2046; x_wconf 83' lang='lat' dir='ltr'>deleret</span> <span class='ocrx_word' id='word_1_160' title='bbox 364 1985 463 2046; x_wconf 90' lang='lat' dir='ltr'>amnis</span> <span class='ocrx_word' id='word_1_161' title='bbox 478 1985 507 2046; x_wconf 90' lang='lat' dir='ltr'>in</span> <span class='ocrx_word' id='word_1_162' title='bbox 524 1993 652 2062; x_wconf 90' lang='lat' dir='ltr'>pontum</span> <span class='ocrx_word' id='word_1_163' title='bbox 667 2001 810 2062; x_wconf 87' lang='lat' dir='ltr'>magnum</span> <span class='ocrx_word' id='word_1_164' title='bbox 825 2002 865 2046; x_wconf 93' lang='lat' dir='ltr'>ex</span> <span class='ocrx_word' id='word_1_165' title='bbox 878 1995 959 2046; x_wconf 87' lang='lat' dir='ltr'>terra</span> <span class='ocrx_word' id='word_1_166' title='bbox 973 1986 1034 2046; x_wconf 88' lang='lat' dir='ltr'>iru-</span> 
     </span>
     <span class='ocr_line' id='line_1_22' title="bbox 62 2063 1034 2148; baseline 0.005 -25"><span class='ocrx_word' id='word_1_167' title='bbox 62 2063 159 2139; x_wconf 77' lang='lat' dir='ltr'>gilera3</span> <span class='ocrx_word' id='word_1_168' title='bbox 181 2069 322 2146; x_wconf 86' lang='lat' dir='ltr'>piscibus</span> <span class='ocrx_word' id='word_1_169' title='bbox 338 2076 430 2145; x_wconf 84' lang='lat' dir='ltr'>alque</span> <span class='ocrx_word' id='word_1_170' title='bbox 445 2069 555 2132; x_wconf 83' lang='lat' dir='ltr'>ovibus</span> <span class='ocrx_word' id='word_1_171' title='bbox 571 2071 717 2148; x_wconf 84' lang='lat' dir='ltr'>serisque,</span> <span class='ocrx_word' id='word_1_172' title='bbox 733 2085 813 2145; x_wconf 90' lang='lat' dir='ltr'>quae</span> <span class='ocrx_word' id='word_1_173' title='bbox 827 2069 962 2130; x_wconf 79' lang='lat' dir='ltr'>incolunt</span> <span class='ocrx_word' id='word_1_174' title='bbox 976 2077 1034 2130; x_wconf 88' lang='lat' dir='ltr'>ter-</span> 
     </span>
     <span class='ocr_line' id='line_1_23' title="bbox 61 2151 1033 2228; baseline 0.007 -22"><span class='ocrx_word' id='word_1_175' title='bbox 61 2163 117 2223; x_wconf 84' lang='lat' dir='ltr'>ras,</span> <span class='ocrx_word' id='word_1_176' title='bbox 136 2151 173 2212; x_wconf 90' lang='lat' dir='ltr'>iis</span> <span class='ocrx_word' id='word_1_177' title='bbox 194 2155 261 2214; x_wconf 89' lang='lat' dir='ltr'>luat</span> <span class='ocrx_word' id='word_1_178' title='bbox 282 2169 356 2216; x_wconf 85' lang='lat' dir='ltr'>esca</span> <span class='ocrx_word' id='word_1_179' title='bbox 375 2169 448 2215; x_wconf 89' lang='lat' dir='ltr'>caro</span> <span class='ocrx_word' id='word_1_180' title='bbox 469 2162 530 2216; x_wconf 88' lang='lat' dir='ltr'>tua.</span> <span class='ocrx_word' id='word_1_181' title='bbox 563 2171 634 2215; x_wconf 89' lang='lat' dir='ltr'>nam</span> <span class='ocrx_word' id='word_1_182' title='bbox 654 2152 727 2215; x_wconf 83' lang='lat' dir='ltr'>milri</span> <span class='ocrx_word' id='word_1_183' title='bbox 746 2154 787 2214; x_wconf 87' lang='lat' dir='ltr'>ita</span> <span class='ocrx_word' id='word_1_184' title='bbox 801 2153 937 2228; x_wconf 83' lang='lat' dir='ltr'>luppiter</span> <span class='ocrx_word' id='word_1_185' title='bbox 954 2151 1033 2213; x_wconf 88' lang='lat' dir='ltr'>latus</span> 
     </span>
     <span class='ocr_line' id='line_1_24' title="bbox 62 2235 1033 2316; baseline 0.007 -27"><span class='ocrx_word' id='word_1_186' title='bbox 62 2239 124 2292; x_wconf 69' lang='lat' dir='ltr'>crit</span> <span class='ocrx_word' id='word_1_187' title='bbox 155 2244 185 2298; x_wconf 86' lang='lat' dir='ltr'>et</span> <span class='ocrx_word' id='word_1_188' title='bbox 203 2237 367 2301; x_wconf 89' lang='lat' dir='ltr'>Diomedis</span> <span class='ocrx_word' id='word_1_189' title='bbox 388 2238 496 2314; x_wconf 82' lang='lat' dir='ltr'>Argivi</span> <span class='ocrx_word' id='word_1_190' title='bbox 519 2255 648 2316; x_wconf 88' lang='lat' dir='ltr'>campos</span> <span class='ocrx_word' id='word_1_191' title='bbox 670 2246 700 2298; x_wconf 90' lang='lat' dir='ltr'>et</span> <span class='ocrx_word' id='word_1_192' title='bbox 721 2239 854 2298; x_wconf 84' lang='lat' dir='ltr'>Cannam</span> <span class='ocrx_word' id='word_1_193' title='bbox 870 2235 982 2296; x_wconf 90' lang='lat' dir='ltr'>llurncn</span> <span class='ocrx_word' id='word_1_194' title='bbox 1003 2235 1033 2312; x_wconf 90' lang='lat' dir='ltr'>ii,</span> 
     </span>
     <span class='ocr_line' id='line_1_25' title="bbox 63 2317 1033 2398; baseline 0.003 -22"><span class='ocrx_word' id='word_1_195' title='bbox 63 2317 105 2390; x_wconf 90' lang='lat' dir='ltr'>qui</span> <span class='ocrx_word' id='word_1_196' title='bbox 124 2321 326 2385; x_wconf 85' lang='lat' dir='ltr'>militaverant</span> <span class='ocrx_word' id='word_1_197' title='bbox 346 2323 376 2382; x_wconf 92' lang='lat' dir='ltr'>in</span> <span class='ocrx_word' id='word_1_198' title='bbox 398 2323 436 2384; x_wconf 91' lang='lat' dir='ltr'>iis</span> <span class='ocrx_word' id='word_1_199' title='bbox 458 2322 549 2397; x_wconf 89' lang='lat' dir='ltr'>locis,</span> <span class='ocrx_word' id='word_1_200' title='bbox 578 2325 663 2384; x_wconf 85' lang='lat' dir='ltr'>iuxta</span> <span class='ocrx_word' id='word_1_201' title='bbox 682 2330 775 2398; x_wconf 83' lang='lat' dir='ltr'>elque</span> <span class='ocrx_word' id='word_1_202' title='bbox 794 2323 894 2397; x_wconf 89' lang='lat' dir='ltr'>ipsam</span> <span class='ocrx_word' id='word_1_203' title='bbox 915 2320 1033 2381; x_wconf 84' lang='lat' dir='ltr'>cladem</span> 
     </span>
     <span class='ocr_line' id='line_1_26' title="bbox 62 2407 1032 2484; baseline 0.002 -22"><span class='ocrx_word' id='word_1_204' title='bbox 62 2407 268 2475; x_wconf 76' lang='lat' dir='ltr'>agnoscebant.</span> <span class='ocrx_word' id='word_1_205' title='bbox 296 2414 359 2469; x_wconf 87' lang='lat' dir='ltr'>tum</span> <span class='ocrx_word' id='word_1_206' title='bbox 374 2408 501 2467; x_wconf 86' lang='lat' dir='ltr'>alterum</span> <span class='ocrx_word' id='word_1_207' title='bbox 517 2423 639 2468; x_wconf 86' lang='lat' dir='ltr'>carmen</span> <span class='ocrx_word' id='word_1_208' title='bbox 653 2407 824 2484; x_wconf 77' lang='lat' dir='ltr'>recitatum,¹</span> <span class='ocrx_word' id='word_1_209' title='bbox 836 2422 899 2466; x_wconf 91' lang='lat' dir='ltr'>non</span> <span class='ocrx_word' id='word_1_210' title='bbox 914 2419 952 2464; x_wconf 91' lang='lat' dir='ltr'>eo</span> <span class='ocrx_word' id='word_1_211' title='bbox 967 2411 1032 2465; x_wconf 87' lang='lat' dir='ltr'>tan-</span> 
     </span>
     <span class='ocr_line' id='line_1_27' title="bbox 64 2489 1031 2568; baseline 0.007 -26"><span class='ocrx_word' id='word_1_212' title='bbox 64 2489 113 2546; x_wconf 90' lang='lat' dir='ltr'>tum</span> <span class='ocrx_word' id='word_1_213' title='bbox 126 2491 297 2567; x_wconf 84' lang='lat' dir='ltr'>obscurius,</span> <span class='ocrx_word' id='word_1_214' title='bbox 315 2491 387 2567; x_wconf 84' lang='lat' dir='ltr'>quia</span> <span class='ocrx_word' id='word_1_215' title='bbox 400 2491 565 2552; x_wconf 84' lang='lat' dir='ltr'>incertiora</span> <span class='ocrx_word' id='word_1_216' title='bbox 578 2493 678 2568; x_wconf 85' lang='lat' dir='ltr'>lutura</span> <span class='ocrx_word' id='word_1_217' title='bbox 693 2490 864 2568; x_wconf 86' lang='lat' dir='ltr'>praeteritis</span> <span class='ocrx_word' id='word_1_218' title='bbox 879 2495 958 2566; x_wconf 83' lang='lat' dir='ltr'>sunt,</span> <span class='ocrx_word' id='word_1_219' title='bbox 974 2489 1031 2550; x_wconf 89' lang='lat' dir='ltr'>sed</span> 
     </span>
     <span class='ocr_line' id='line_1_28' title="bbox 63 2573 1031 2652; baseline 0.005 -24"><span class='ocrx_word' id='word_1_220' title='bbox 63 2573 224 2646; x_wconf 89' lang='lat' dir='ltr'>perplexius</span> <span class='ocrx_word' id='word_1_221' title='bbox 240 2575 332 2636; x_wconf 85' lang='lat' dir='ltr'>etiam</span> <span class='ocrx_word' id='word_1_222' title='bbox 347 2576 519 2652; x_wconf 87' lang='lat' dir='ltr'>scriptume</span> <span class='ocrx_word' id='word_1_223' title='bbox 533 2590 654 2651; x_wconf 86' lang='lat' dir='ltr'>genero.</span> <span class='ocrx_word' id='word_1_224' title='bbox 686 2575 822 2651; x_wconf 71' lang='lat' dir='ltr'>„hostes</span> <span class='ocrx_word' id='word_1_225' title='bbox 844 2574 982 2647; x_wconf 85' lang='lat' dir='ltr'>Romani,</span> <span class='ocrx_word' id='word_1_226' title='bbox 1005 2575 1031 2633; x_wconf 89' lang='lat' dir='ltr'>sl</span> 
     </span>
     <span class='ocr_line' id='line_1_29' title="bbox 63 2658 1031 2736; baseline 0.005 -24"><span class='ocrx_word' id='word_1_227' title='bbox 63 2659 202 2730; x_wconf 85' lang='lat' dir='ltr'>expellere</span> <span class='ocrx_word' id='word_1_228' title='bbox 216 2659 319 2736; x_wconf 81' lang='lat' dir='ltr'>urltis,</span> <span class='ocrx_word' id='word_1_229' title='bbox 341 2660 464 2720; x_wconf 88' lang='lat' dir='ltr'>vomica</span> <span class='ocrx_word' id='word_1_230' title='bbox 479 2674 558 2734; x_wconf 84' lang='lat' dir='ltr'>quae</span> <span class='ocrx_word' id='word_1_231' title='bbox 570 2659 704 2735; x_wconf 85' lang='lat' dir='ltr'>gentium</span> <span class='ocrx_word' id='word_1_232' title='bbox 718 2658 800 2719; x_wconf 87' lang='lat' dir='ltr'>venit</span> <span class='ocrx_word' id='word_1_233' title='bbox 813 2659 913 2734; x_wconf 84' lang='lat' dir='ltr'>longe,</span> <span class='ocrx_word' id='word_1_234' title='bbox 935 2659 1031 2735; x_wconf 87' lang='lat' dir='ltr'>Apol-</span> 
     </span>
     <span class='ocr_line' id='line_1_30' title="bbox 63 2735 1030 2818; baseline 0.01 -27"><span class='ocrx_word' id='word_1_235' title='bbox 63 2735 105 2797; x_wconf 89' lang='lat' dir='ltr'>lini</span> <span class='ocrx_word' id='word_1_236' title='bbox 117 2745 277 2806; x_wconf 89' lang='lat' dir='ltr'>vovendos</span> <span class='ocrx_word' id='word_1_237' title='bbox 293 2759 408 2807; x_wconf 88' lang='lat' dir='ltr'>censeo</span> <span class='ocrx_word' id='word_1_238' title='bbox 424 2743 524 2816; x_wconf 87' lang='lat' dir='ltr'>ludos,</span> <span class='ocrx_word' id='word_1_239' title='bbox 551 2743 602 2818; x_wconf 92' lang='lat' dir='ltr'>qui</span> <span class='ocrx_word' id='word_1_240' title='bbox 618 2743 782 2817; x_wconf 86' lang='lat' dir='ltr'>quotannis</span> <span class='ocrx_word' id='word_1_241' title='bbox 797 2743 923 2804; x_wconf 85' lang='lat' dir='ltr'>comiter</span> <span class='ocrx_word' id='word_1_242' title='bbox 935 2741 1030 2817; x_wconf 81' lang='lat' dir='ltr'>Apol-</span> 
     </span>
     <span class='ocr_line' id='line_1_31' title="bbox 64 2819 1029 2904; baseline 0.007 -27"><span class='ocrx_word' id='word_1_243' title='bbox 64 2819 107 2882; x_wconf 87' lang='lat' dir='ltr'>lini</span> <span class='ocrx_word' id='word_1_244' title='bbox 120 2825 199 2904; x_wconf 84' lang='lat' dir='ltr'>fiant,</span> <span class='ocrx_word' id='word_1_245' title='bbox 216 2845 285 2889; x_wconf 86' lang='lat' dir='ltr'>cum</span> <span class='ocrx_word' id='word_1_246' title='bbox 301 2830 437 2904; x_wconf 88' lang='lat' dir='ltr'>populus</span> <span class='ocrx_word' id='word_1_247' title='bbox 454 2827 574 2888; x_wconf 88' lang='lat' dir='ltr'>dederit</span> <span class='ocrx_word' id='word_1_248' title='bbox 587 2843 626 2886; x_wconf 88' lang='lat' dir='ltr'>ex</span> <span class='ocrx_word' id='word_1_249' title='bbox 642 2826 764 2902; x_wconf 90' lang='lat' dir='ltr'>publico</span> <span class='ocrx_word' id='word_1_250' title='bbox 780 2833 905 2901; x_wconf 80' lang='lat' dir='ltr'>purtem</span> <span class='ocrx_word' id='word_1_251' title='bbox 922 2825 1029 2901; x_wconf 85' lang='lat' dir='ltr'>privati</span> 
     </span>
     <span class='ocr_line' id='line_1_32' title="bbox 63 2905 1022 2989; baseline 0.006 -28"><span class='ocrx_word' id='word_1_252' title='bbox 63 2905 96 2964; x_wconf 81' lang='lat' dir='ltr'>uti</span> <span class='ocrx_word' id='word_1_253' title='bbox 107 2913 260 2974; x_wconf 81' lang='lat' dir='ltr'>conferent</span> <span class='ocrx_word' id='word_1_254' title='bbox 275 2929 332 2989; x_wconf 88' lang='lat' dir='ltr'>pro</span> <span class='ocrx_word' id='word_1_255' title='bbox 348 2929 384 2973; x_wconf 90' lang='lat' dir='ltr'>se</span> <span class='ocrx_word' id='word_1_256' title='bbox 405 2920 498 2988; x_wconf 88' lang='lat' dir='ltr'>atque</span> <span class='ocrx_word' id='word_1_257' title='bbox 514 2910 589 2972; x_wconf 85' lang='lat' dir='ltr'>suis.</span> <span class='ocrx_word' id='word_1_258' title='bbox 623 2911 662 2970; x_wconf 91' lang='lat' dir='ltr'>ils</span> <span class='ocrx_word' id='word_1_259' title='bbox 677 2909 757 2971; x_wconf 88' lang='lat' dir='ltr'>ludis</span> <span class='ocrx_word' id='word_1_260' title='bbox 779 2909 927 2969; x_wconf 80' lang='lat' dir='ltr'>iaciendis</span> <span class='ocrx_word' id='word_1_261' title='bbox 942 2923 1022 2984; x_wconf 86' lang='lat' dir='ltr'>prae</span> 
     </span>
     <span class='ocr_line' id='line_1_33' title="bbox 64 2990 1028 3072; baseline -0.002 -22"><span class='ocrx_word' id='word_1_262' title='bbox 64 2990 108 3050; x_wconf 86' lang='lat' dir='ltr'>en&#39;l</span> <span class='ocrx_word' id='word_1_263' title='bbox 121 3003 242 3068; x_wconf 86' lang='lat' dir='ltr'>praetor</span> <span class='ocrx_word' id='word_1_264' title='bbox 254 2998 298 3072; x_wconf 90' lang='lat' dir='ltr'>is,</span> <span class='ocrx_word' id='word_1_265' title='bbox 323 2997 375 3072; x_wconf 89' lang='lat' dir='ltr'>qui</span> <span class='ocrx_word' id='word_1_266' title='bbox 395 2998 443 3058; x_wconf 90' lang='lat' dir='ltr'>ius</span> <span class='ocrx_word' id='word_1_267' title='bbox 460 2995 575 3072; x_wconf 90' lang='lat' dir='ltr'>populo</span> <span class='ocrx_word' id='word_1_268' title='bbox 591 2992 755 3070; x_wconf 89' lang='lat' dir='ltr'>plebeique</span> <span class='ocrx_word' id='word_1_269' title='bbox 770 2993 854 3054; x_wconf 83' lang='lat' dir='ltr'>dabit</span> <span class='ocrx_word' id='word_1_270' title='bbox 868 3007 1028 3054; x_wconf 86' lang='lat' dir='ltr'>summum.</span> 
     </span>
     <span class='ocr_line' id='line_1_34' title="bbox 65 3070 1029 3169; baseline -0.005 -34"><span class='ocrx_word' id='word_1_271' title='bbox 65 3070 214 3142; x_wconf 83' lang='lat' dir='ltr'>decemviri</span> <span class='ocrx_word' id='word_1_272' title='bbox 230 3081 348 3141; x_wconf 86' lang='lat' dir='ltr'>Graeco</span> <span class='ocrx_word' id='word_1_273' title='bbox 369 3082 428 3141; x_wconf 89' lang='lat' dir='ltr'>ritu</span> <span class='ocrx_word' id='word_1_274' title='bbox 442 3074 553 3140; x_wconf 90' lang='lat' dir='ltr'>hostiis</span> <span class='ocrx_word' id='word_1_275' title='bbox 568 3093 658 3139; x_wconf 87' lang='lat' dir='ltr'>sacra</span> <span class='ocrx_word' id='word_1_276' title='bbox 679 3074 800 3137; x_wconf 87' lang='lat' dir='ltr'>iaciant.</span> <span class='ocrx_word' id='word_1_277' title='bbox 833 3077 891 3137; x_wconf 88' lang='lat' dir='ltr'>hoo</span> <span class='ocrx_word' id='word_1_278' title='bbox 906 3076 932 3136; x_wconf 93' lang='lat' dir='ltr'>si</span> <span class='ocrx_word' id='word_1_279' title='bbox 947 3081 1029 3169; x_wconf 82' lang='lat' dir='ltr'>recte</span> 
     </span>
     <span class='ocr_line' id='line_1_35' title="bbox 66 3154 1028 3241; baseline -0.003 -29"><span class='ocrx_word' id='word_1_280' title='bbox 66 3154 181 3240; x_wconf 84' lang='lat' dir='ltr'>iacietis,</span> <span class='ocrx_word' id='word_1_281' title='bbox 209 3165 383 3241; x_wconf 82' lang='lat' dir='ltr'>gaudebitis</span> <span class='ocrx_word' id='word_1_282' title='bbox 406 3180 544 3240; x_wconf 88' lang='lat' dir='ltr'>semper,</span> <span class='ocrx_word' id='word_1_283' title='bbox 573 3162 688 3238; x_wconf 82' lang='lat' dir='ltr'>licique</span> <span class='ocrx_word' id='word_1_284' title='bbox 711 3176 763 3221; x_wconf 89' lang='lat' dir='ltr'>res</span> <span class='ocrx_word' id='word_1_285' title='bbox 784 3166 888 3220; x_wconf 85' lang='lat' dir='ltr'>vestra</span> <span class='ocrx_word' id='word_1_286' title='bbox 907 3158 1028 3217; x_wconf 69' lang='lat' dir='ltr'>meliora</span> 
     </span>
     <span class='ocr_line' id='line_1_36' title="bbox 66 3241 1027 3325; baseline -0.002 -27"><span class='ocrx_word' id='word_1_287' title='bbox 66 3253 123 3303; x_wconf 89' lang='lat' dir='ltr'>nam</span> <span class='ocrx_word' id='word_1_288' title='bbox 140 3246 166 3308; x_wconf 86' lang='lat' dir='ltr'>is</span> <span class='ocrx_word' id='word_1_289' title='bbox 181 3250 285 3311; x_wconf 86' lang='lat' dir='ltr'>divum</span> <span class='ocrx_word' id='word_1_290' title='bbox 306 3249 479 3325; x_wconf 79' lang='lat' dir='ltr'>exstinguet</span> <span class='ocrx_word' id='word_1_291' title='bbox 493 3247 667 3324; x_wconf 91' lang='lat' dir='ltr'>perduelles</span> <span class='ocrx_word' id='word_1_292' title='bbox 681 3251 819 3317; x_wconf 84' lang='lat' dir='ltr'>vestros,</span> <span class='ocrx_word' id='word_1_293' title='bbox 843 3241 893 3316; x_wconf 93' lang='lat' dir='ltr'>qui</span> <span class='ocrx_word' id='word_1_294' title='bbox 907 3244 1027 3299; x_wconf 86' lang='lat' dir='ltr'>vestros</span> 
     </span>
     <span class='ocr_line' id='line_1_37' title="bbox 68 3321 1027 3410; baseline -0.011 -18"><span class='ocrx_word' id='word_1_295' title='bbox 68 3337 177 3409; x_wconf 58' lang='lat' dir='ltr'>teinpus</span> <span class='ocrx_word' id='word_1_296' title='bbox 198 3340 329 3410; x_wconf 87' lang='lat' dir='ltr'>pascunt</span> <span class='ocrx_word' id='word_1_297' title='bbox 349 3333 507 3410; x_wconf 86' lang='lat' dir='ltr'>placide“.</span> <span class='ocrx_word' id='word_1_298' title='bbox 546 3330 639 3391; x_wconf 89' lang='lat' dir='ltr'>adid</span> <span class='ocrx_word' id='word_1_299' title='bbox 660 3343 781 3389; x_wconf 88' lang='lat' dir='ltr'>carmen</span> <span class='ocrx_word' id='word_1_300' title='bbox 803 3321 1027 3400; x_wconf 80' lang='lat' dir='ltr'>explanandum</span> 
     </span>
     <span class='ocr_line' id='line_1_38' title="bbox 68 3405 1026 3502; baseline -0.002 -36"><span class='ocrx_word' id='word_1_301' title='bbox 68 3405 135 3472; x_wconf 86' lang='lat' dir='ltr'>diem</span> <span class='ocrx_word' id='word_1_302' title='bbox 152 3433 242 3479; x_wconf 92' lang='lat' dir='ltr'>unum</span> <span class='ocrx_word' id='word_1_303' title='bbox 263 3424 472 3494; x_wconf 88' lang='lat' dir='ltr'>sumpserunt.</span> <span class='ocrx_word' id='word_1_304' title='bbox 504 3421 629 3492; x_wconf 87' lang='lat' dir='ltr'>postero</span> <span class='ocrx_word' id='word_1_305' title='bbox 645 3413 696 3473; x_wconf 92' lang='lat' dir='ltr'>die</span> <span class='ocrx_word' id='word_1_306' title='bbox 716 3415 842 3471; x_wconf 84' lang='lat' dir='ltr'>senalus</span> <span class='ocrx_word' id='word_1_307' title='bbox 857 3405 1026 3502; x_wconf 84' lang='lat' dir='ltr'>consultum</span> 
     </span>
     <span class='ocr_line' id='line_1_39' title="bbox 70 3489 1029 3578; baseline 0.001 -28"><span class='ocrx_word' id='word_1_308' title='bbox 70 3489 163 3560; x_wconf 83' lang='lat' dir='ltr'>lactum</span> <span class='ocrx_word' id='word_1_309' title='bbox 177 3511 237 3578; x_wconf 89' lang='lat' dir='ltr'>est,</span> <span class='ocrx_word' id='word_1_310' title='bbox 260 3510 293 3562; x_wconf 92' lang='lat' dir='ltr'>ut</span> <span class='ocrx_word' id='word_1_311' title='bbox 316 3500 481 3564; x_wconf 88' lang='lat' dir='ltr'>decemviri</span> <span class='ocrx_word' id='word_1_312' title='bbox 503 3500 543 3559; x_wconf 90' lang='lat' dir='ltr'>de</span> <span class='ocrx_word' id='word_1_313' title='bbox 563 3497 644 3559; x_wconf 90' lang='lat' dir='ltr'>ludis</span> <span class='ocrx_word' id='word_1_314' title='bbox 659 3492 794 3570; x_wconf 86' lang='lat' dir='ltr'>Apollini</span> <span class='ocrx_word' id='word_1_315' title='bbox 815 3505 910 3567; x_wconf 88' lang='lat' dir='ltr'>reque</span> <span class='ocrx_word' id='word_1_316' title='bbox 926 3489 1029 3550; x_wconf 81' lang='lat' dir='ltr'>druna</span> 
     </span>
    </p>

    <p class='ocr_par' dir='ltr' id='par_1_4' title="bbox 103 3581 823 3648">
     <span class='ocr_line' id='line_1_40' title="bbox 103 3581 823 3648; baseline 0.017 -12"><span class='ocrx_word' id='word_1_317' title='bbox 103 3595 125 3636; x_wconf 89' lang='lat' dir='ltr'>r.</span> <span class='ocrx_word' id='word_1_318' title='bbox 139 3599 195 3646; x_wconf 78' lang='lat' dir='ltr'>uvi</span> <span class='ocrx_word' id='word_1_319' title='bbox 209 3587 347 3648; x_wconf 79' lang='lat' dir='ltr'>rnnslll.</span> <span class='ocrx_word' id='word_1_320' title='bbox 715 3581 717 3587; x_wconf 78' lang='grc'><strong>’</strong></span> <span class='ocrx_word' id='word_1_321' title='bbox 804 3583 823 3634; x_wconf 73' lang='lat'>⁵</span> 
     </span>
    </p>
   </div>
   <div class='ocr_carea' id='block_1_3' title="bbox 0 0 1238 3900">
    <p class='ocr_par' dir='ltr' id='par_1_5' title="bbox 0 0 1238 3900">
     <span class='ocr_line' id='line_1_41' title="bbox 0 0 1238 3900; baseline 0 0"><span class='ocrx_word' id='word_1_322' title='bbox 0 0 1238 3900; x_wconf 95' lang='lat' dir='ltr'> </span> 
     </span>
    </p>
   </div>
  </div>
 </body>
</html>
