2466 3900
260 193 494 255 umunxxrv.
519 195 896 280 nuenarianam]
972 221 976 230 ·
1017 199 1060 266 ro

92 361 173 422 quam
195 345 327 407 amicum
347 361 384 406 ac
405 347 538 422 socium,
562 349 704 424 paruisse
724 351 953 430 imperiosius,
976 354 1063 418 οιιίιιι

91 431 248 506 imperator
273 445 350 491 suus
375 432 537 492 voluerit·
551 435 630 496 relic
656 435 696 495 ad
721 435 922 498 Hannibalern
947 437 1063 501 redire·

87 522 232 590 ceterum,
255 531 325 575 cum
345 515 403 576 iter
420 521 517 578 tulum
537 533 598 580 non
620 519 659 583 sit
672 521 855 596 vagantibus
876 523 993 597 passim
1009 537 1066 600 per

86 606 175 660 totam
190 598 327 660 Siciliam
343 599 491 662 Romanis
513 602 622 678 annis,
643 611 749 679 petere
769 612 802 666 ut
823 607 970 682 praesidii
992 606 1065 666 dent

86 684 211 760 aliquid,
244 699 305 759 quo
334 684 489 746 Locros
480 703 511 746 ιιι
539 687 654 748 ltaliam
682 690 899 763 perducantur.
937 683 1063 765 gratiam

62 806 64 810 -
85 783 224 844 nrngnem
245 783 301 828 eos
322 783 420 843 parva
435 786 531 846 opera
545 772 630 846 apud
643 771 844 836 Hannibalern
859 774 996 836 inituros,
1016 768 1064 846 ‚ia-

86 853 135 913 cile
154 867 208 912 res
223 852 524 932 'impetretaaabire
534 856 614 916 enirn
630 856 727 918 duces
740 859 845 934 regios
861 871 931 918 oum
946 859 1063 935 peritos

86 937 205 998 militiae
230 943 294 996 turn
319 945 445 1012 egentes
472 939 599 1000 eosdem
621 947 713 1016 atque
734 942 868 1007 audaces
890 943 1063 1019 cupiebant.

87 1022 137 1081 sed
153 1022 240 1096 quod
254 1021 407 1097 volebant,
424 1039 486 1084 non
503 1039 594 1099 quam
604 1031 753 1087 maturato
766 1042 846 1102 opus
860 1033 932 1101 eret,
947 1027 1065 1089 naviter

87 1105 298 1182 expediebant.
335 1106 455 1170 interim
475 1109 602 1168 iuvenes
623 1107 769 1170 militares
787 1113 817 1170 et
832 1111 952 1171 adsueti
967 1111 1065 1172 militi·

87 1189 150 1266 ιιι,
165 1205 249 1250 nunc
264 1190 349 1264 apud
364 1191 527 1268 nosipsos,
544 1209 626 1253 nunc
636 1193 721 1268 apud
733 1195 918 1270 transfugae,
935 1211 1064 1271 quorum

91 1273 215 1334 mamma
227 1289 304 1350 pars
320 1289 360 1334 ex
374 1276 645 1338 navalibussociis
658 1277 867 1340 Romanorum
882 1284 962 1354 erat,
983 1293 1065 1339 nunc

93 1357 176 1418 etiam
196 1359 278 1434 apud
299 1359 421 1420 intimae
440 1362 546 1436 plebis¹
563 1361 704 1426 homines
727 1362 853 1436 crimina
873 1362 1018 1422 serebant
1035 1361 1065 1423 in

91 1450 223 1503 senatum
239 1443 483 1521 optimatesque
497 1447 529 1506 id
546 1445 645 1510 moliri
661 1448 739 1508 clam
757 1461 813 1507 ecs
832 1451 925 1524 atque
936 1452 1065 1520 struere,

89 1533 117 1586 ut
130 1527 309 1606 Syracusae
329 1543 387 1603 per
407 1530 542 1605 speciem
563 1530 781 1592 reconciliatae
802 1530 959 1592 societatis
974 1531 1005 1592 in
1020 1526 1070 1590 (1ιέ

87 1609 171 1672 cione
181 1612 394 1673 Romanorum
409 1614 480 1686 sint
494 1613 567 1674 dein
580 1615 673 1676 lectio
689 1630 725 1675 ac
740 1615 831 1690 pauci
846 1622 989 1677 auctores
1002 1617 1060 1678 ioe-

87 1693 165 1757 deris
182 1696 324 1758 renovati
340 1697 560 1757 dominentur„

165 1780 275 1842 XXIV.
296 1780 353 1842 His
375 1782 538 1844 audiendis
561 1781 786 1858 credendisque
801 1791 976 1858 opportuna
989 1783 1064 1844 mul·

86 1866 179 1927 titudo
201 1866 300 1925 maior
319 1865 350 1924 in
372 1867 442 1926 dies
455 1865 629 1945 Syracusas
652 1865 841 1943 confluebat,
863 1867 1065 1945 necupicydi

84 1953 182 2014 solum
204 1959 293 2026 spem
316 1952 527 2012 novandarum
547 1965 649 2010 rerum
664 1951 721 2010 sed
735 1949 961 2011 Andranodoro
976 1950 1066 2011 etiam

84 2036 261 2112 praebebat.
295 2035 347 2110 qui
368 2037 471 2096 lessus
485 2035 608 2095 undem
623 2034 730 2096 uxoris
745 2035 890 2110 vocibus,
913 2035 1065 2096 monentis

84 2135 163 2182 nunc
177 2119 255 2180 illud
270 2134 343 2180 esse
352 2111 475 2194 tempus
487 2118 660 2194 occupandi
672 2133 734 2194 res,
750 2119 822 2180 dum
833 2119 954 2178 turbata
965 2117 1067 2200 omnia

83 2214 164 2266 nova
186 2212 280 2280 atque
295 2204 451 2265 incendite
465 2203 732 2278 libertateessent,
755 2203 826 2264 dum
841 2202 934 2278 regiis
950 2203 1064 2278 stipen
1078 2281 1080 2288 y

84 2290 141 2350 diis
163 2296 274 2364 pastus
296 2288 514 2348 obversaretur
526 2286 630 2360 miles,
653 2287 728 2358 dum
741 2287 780 2348 ab
793 2287 965 2348 Hannibale
978 2283 1065 2346 missi

85 2375 180 2440 duces
195 2372 318 2433 adsueti
332 2371 502 2432 militibus
493 2385 599 2432 iuvare
613 2371 891 2448 possentincepta,
907 2386 974 2431 cum
988 2367 1064 2430 The-

84 2457 182 2530 misto,
200 2457 249 2518 cui
266 2456 390 2517 Gelonis
405 2456 467 2516 iilia
481 2463 578 2531 nupta
591 2462 666 2528 erat,
685 2470 751 2516 rem
767 2453 974 2516 consociatam
991 2469 1065 2530 pau·
1108 2461 1110 2466 ’

29 2607 34 2614 ,
85 2557 140 2602 cos
161 2547 234 2617 post
254 2541 323 2602 dics
337 2540 475 2601 Aristoni
497 2539 618 2604 cuidam
632 2540 749 2614 tragico
765 2539 876 2611 actori,
899 2539 946 2599 cui
962 2547 992 2600 et
1006 2539 1066 2600 alia

26 2641 27 2654 ¹
85 2641 195 2700 arcana
210 2625 399 2687 committere
413 2625 567 2699 adsuerat,
582 2624 704 2684 incaute
716 2623 826 2702 aperit
845 2621 916 2683 huuc
927 2631 957 2684 et
967 2637 1065 2698 genus
1111 2653 1114 2662 ·

85 2717 116 2768 et
136 2710 257 2772 fortuna
276 2711 406 2771 honesta
427 2715 530 2780 eraut;
552 2723 610 2768 nec
631 2725 705 2783 ars,
722 2708 793 2783 quie
813 2707 886 2769 nihil
906 2709 967 2767 tale
981 2711 1065 2784 apud

78 2794 218 2866 ‚Graecos
234 2794 346 2871 pudori
361 2801 417 2869 est,
434 2809 472 2854 ea
484 2793 686 2854 deformabat
708 2793 812 2867 itaque
826 2791 919 2853 iidem
931 2791 1065 2867 priorem
1109 2867 1111 2872 Ι

87 2878 296 2954 potioremque
319 2886 404 2947 ratus
431 2893 522 2953 quern
543 2877 660 2952 patriae
685 2876 831 2950 debebat,
856 2868 1001 2936 indicium
1021 2875 1077 2973 ad¹

88 2970 241 3035 praetores
258 2965 378 3024 dolent.
390 2963 443 3040 qui
457 2963 509 3022 ubi
524 2977 589 3022 rent
604 2961 687 3021 haud
701 2975 811 3020 vanam
827 2976 899 3022 esse
914 2959 1004 3020 certis
1019 2959 1064 3018 in-

89 3045 172 3108 diciis
198 3055 429 3124 compererunt,
459 3045 608 3110 consultis
633 3045 806 3108 senioribus
832 3051 863 3105 et
887 3043 1065 3104 auctoritate

90 3143 189 3192 eorrnn
210 3133 368 3210 praesidio
387 3131 529 3192 adieras
544 3131 662 3206 positu,
684 3130 843 3216 ingressos
859 3126 974 3212 curiam
980 3120 1063 3183 'The-

91 3205 817 3292 mistumatqueAndranodoruminterfecerunt.
833 3202 1087 3280 etcumtumul

93 3303 135 3358 tus
150 3301 186 3362 ab
200 3317 234 3362 rc
249 3302 279 3361 in
298 3302 436 3377 speciem
451 3299 610 3374 atrocum,
627 3313 752 3364 causam
767 3295 833 3354 aliis
845 3276 1119 3367 ignorantibus,

94 3390 169 3444 onus
183 3392 275 3462 esset,
292 3383 413 3446 silentio
428 3384 551 3460 tandem
566 3384 647 3440 lacto
662 3378 812 3438 indicem
805 3393 835 3434 1n
847 3373 960 3433 curiam
971 3373 1063 3430 intro-

94 3463 244 3531 duxerunt.
269 3469 322 3546 qui
345 3483 414 3528 cum
438 3467 544 3564 ordine
565 3463 667 3525 ornnia
686 3458 878 3526 edocuisset,
903 3459 933 3510 et
952 3451 1062 3526 princi
