<?xml version="1.0" encoding="UTF-8"?>
<!DOCTYPE html PUBLIC "-//W3C//DTD XHTML 1.0 Transitional//EN"
    "http://www.w3.org/TR/xhtml1/DTD/xhtml1-transitional.dtd">
<html xmlns="http://www.w3.org/1999/xhtml" xml:lang="en" lang="en">
 <head>
  <title>
</title>
<meta http-equiv="Content-Type" content="text/html;charset=utf-8" />
  <meta name='ocr-system' content='tesseract 3.04.00' />
  <meta name='ocr-capabilities' content='ocr_page ocr_carea ocr_par ocr_line ocrx_word'/>
</head>
<body>
  <div class='ocr_page' id='page_1' title='image "./titiliviaburbec09livygoog_0140.png"; bbox 0 0 2428 3892; ppageno 0'>
   <div class='ocr_carea' id='block_1_1' title="bbox 227 208 1037 288">
    <p class='ocr_par' dir='ltr' id='par_1_1' title="bbox 227 208 1037 288">
     <span class='ocr_line' id='line_1_1' title="bbox 227 208 1037 288; baseline 0.012 -18"><span class='ocrx_word' id='word_1_1' title='bbox 227 208 464 270; x_wconf 80' lang='lat' dir='ltr'>LlBllellvl.</span> <span class='ocrx_word' id='word_1_2' title='bbox 488 208 570 270; x_wconf 72' lang='lat' dir='ltr'>cer.</span> <span class='ocrx_word' id='word_1_3' title='bbox 588 219 688 274; x_wconf 73' lang='lat'><strong>1213.</strong></span> <span class='ocrx_word' id='word_1_4' title='bbox 712 217 794 286; x_wconf 71' lang='lat' dir='ltr'>[cc.</span> <span class='ocrx_word' id='word_1_5' title='bbox 807 219 870 288; x_wconf 82' lang='lat' dir='ltr'>att]</span> <span class='ocrx_word' id='word_1_6' title='bbox 976 213 1037 280; x_wconf 76' lang='lat' dir='ltr'>llo</span> 
     </span>
    </p>
   </div>
   <div class='ocr_carea' id='block_1_2' title="bbox 4 358 1047 2626">
    <p class='ocr_par' dir='ltr' id='par_1_2' title="bbox 4 358 1047 2626">
     <span class='ocr_line' id='line_1_2' title="bbox 47 358 1032 442; baseline 0 -20"><span class='ocrx_word' id='word_1_7' title='bbox 47 360 152 424; x_wconf 90' lang='lat' dir='ltr'>oculis</span> <span class='ocrx_word' id='word_1_8' title='bbox 173 359 241 426; x_wconf 84' lang='lat' dir='ltr'>eius</span> <span class='ocrx_word' id='word_1_9' title='bbox 263 365 438 436; x_wconf 66' lang='lat' dir='ltr'>reparatura</span> <span class='ocrx_word' id='word_1_10' title='bbox 462 366 493 422; x_wconf 89' lang='lat' dir='ltr'>at</span> <span class='ocrx_word' id='word_1_11' title='bbox 506 358 629 424; x_wconf 81' lang='lat' dir='ltr'><strong>hercule</strong></span> <span class='ocrx_word' id='word_1_12' title='bbox 643 360 800 424; x_wconf 83' lang='lat' dir='ltr'>Romanos</span> <span class='ocrx_word' id='word_1_13' title='bbox 816 377 856 422; x_wconf 91' lang='lat' dir='ltr'>ne</span> <span class='ocrx_word' id='word_1_14' title='bbox 876 376 1032 442; x_wconf 73' lang='lat' dir='ltr'>oppugna-</span> 
     </span>
     <span class='ocr_line' id='line_1_3' title="bbox 4 441 1036 530; baseline 0.001 -24"><span class='ocrx_word' id='word_1_15' title='bbox 4 511 12 530; x_wconf 55' lang='lat'>,</span> <span class='ocrx_word' id='word_1_16' title='bbox 51 445 137 510; x_wconf 78' lang='lat' dir='ltr'>done</span> <span class='ocrx_word' id='word_1_17' title='bbox 152 443 278 520; x_wconf 89' lang='lat' dir='ltr'>quidem</span> <span class='ocrx_word' id='word_1_18' title='bbox 292 442 377 506; x_wconf 89' lang='lat' dir='ltr'>urbis</span> <span class='ocrx_word' id='word_1_19' title='bbox 391 441 549 508; x_wconf 78' lang='lat' dir='ltr'>Romanae</span> <span class='ocrx_word' id='word_1_20' title='bbox 562 441 698 506; x_wconf 77' lang='lat' dir='ltr'><strong>abstrahi</strong></span> <span class='ocrx_word' id='word_1_21' title='bbox 713 461 731 506; x_wconf 88' lang='lat' dir='ltr'>a</span> <span class='ocrx_word' id='word_1_22' title='bbox 746 443 851 522; x_wconf 80' lang='lat' dir='ltr'>capua</span> <span class='ocrx_word' id='word_1_23' title='bbox 865 443 1036 510; x_wconf 88' lang='lat' dir='ltr'>obsidenda</span> 
     </span>
     <span class='ocr_line' id='line_1_4' title="bbox 48 525 1035 608; baseline 0.003 -17"><span class='ocrx_word' id='word_1_24' title='bbox 48 529 209 606; x_wconf 85' lang='lat' dir='ltr'>potuisse;</span> <span class='ocrx_word' id='word_1_25' title='bbox 231 532 316 588; x_wconf 90' lang='lat' dir='ltr'>tanto</span> <span class='ocrx_word' id='word_1_26' title='bbox 332 525 568 591; x_wconf 73' lang='lat' dir='ltr'><strong>constantiorem</strong></span> <span class='ocrx_word' id='word_1_27' title='bbox 589 525 744 590; x_wconf 86' lang='lat' dir='ltr'>inimicum</span> <span class='ocrx_word' id='word_1_28' title='bbox 757 529 929 592; x_wconf 86' lang='lat' dir='ltr'>Romanum</span> <span class='ocrx_word' id='word_1_29' title='bbox 944 548 1035 608; x_wconf 88' lang='lat' dir='ltr'>quam</span> 
     </span>
     <span class='ocr_line' id='line_1_5' title="bbox 46 610 1036 689; baseline 0.002 -15"><span class='ocrx_word' id='word_1_30' title='bbox 46 613 185 676; x_wconf 86' lang='lat' dir='ltr'>amicum</span> <span class='ocrx_word' id='word_1_31' title='bbox 198 611 335 676; x_wconf 87' lang='lat' dir='ltr'>Poenum</span> <span class='ocrx_word' id='word_1_32' title='bbox 350 626 431 672; x_wconf 91' lang='lat' dir='ltr'>esse.</span> <span class='ocrx_word' id='word_1_33' title='bbox 453 610 479 672; x_wconf 90' lang='lat' dir='ltr'>si</span> <span class='ocrx_word' id='word_1_34' title='bbox 493 610 601 672; x_wconf 86' lang='lat' dir='ltr'>redeat</span> <span class='ocrx_word' id='word_1_35' title='bbox 608 611 741 688; x_wconf 83' lang='lat' dir='ltr'>capuam</span> <span class='ocrx_word' id='word_1_36' title='bbox 754 612 930 689; x_wconf 81' lang='lat' dir='ltr'>bellumque</span> <span class='ocrx_word' id='word_1_37' title='bbox 946 630 1036 676; x_wconf 89' lang='lat' dir='ltr'>omne</span> 
     </span>
     <span class='ocr_line' id='line_1_6' title="bbox 45 695 1035 774; baseline 0 -16"><span class='ocrx_word' id='word_1_38' title='bbox 45 711 88 758; x_wconf 92' lang='lat' dir='ltr'>eo</span> <span class='ocrx_word' id='word_1_39' title='bbox 104 702 215 770; x_wconf 84' lang='lat' dir='ltr'>vertat,</span> <span class='ocrx_word' id='word_1_40' title='bbox 231 701 310 758; x_wconf 84' lang='lat' dir='ltr'>etse</span> <span class='ocrx_word' id='word_1_41' title='bbox 324 701 354 754; x_wconf 92' lang='lat' dir='ltr'>et</span> <span class='ocrx_word' id='word_1_42' title='bbox 370 695 542 772; x_wconf 83' lang='lat' dir='ltr'>Campanos</span> <span class='ocrx_word' id='word_1_43' title='bbox 556 703 682 770; x_wconf 87' lang='lat' dir='ltr'>paratos</span> <span class='ocrx_word' id='word_1_44' title='bbox 698 697 849 774; x_wconf 75' lang='lat' dir='ltr'>eruptioni</span> <span class='ocrx_word' id='word_1_45' title='bbox 864 699 930 760; x_wconf 88' lang='lat' dir='ltr'>lore</span> <span class='ocrx_word' id='word_1_46' title='bbox 973 715 1035 762; x_wconf 92' lang='lat' dir='ltr'>non</span> 
     </span>
     <span class='ocr_line' id='line_1_7' title="bbox 44 777 1036 856; baseline 0.004 -16"><span class='ocrx_word' id='word_1_47' title='bbox 44 797 122 840; x_wconf 90' lang='lat' dir='ltr'>cum</span> <span class='ocrx_word' id='word_1_48' title='bbox 136 778 263 855; x_wconf 74' lang='lat' dir='ltr'>Reginis</span> <span class='ocrx_word' id='word_1_49' title='bbox 284 793 386 855; x_wconf 90' lang='lat' dir='ltr'>ueque</span> <span class='ocrx_word' id='word_1_50' title='bbox 399 777 570 844; x_wconf 77' lang='lat' dir='ltr'>Tarentinis</span> <span class='ocrx_word' id='word_1_51' title='bbox 590 778 703 842; x_wconf 89' lang='lat' dir='ltr'>bellum</span> <span class='ocrx_word' id='word_1_52' title='bbox 722 787 866 856; x_wconf 74' lang='lat' dir='ltr'>gesturos</span> <span class='ocrx_word' id='word_1_53' title='bbox 885 782 1036 846; x_wconf 82' lang='lat' dir='ltr'>transisse</span> 
     </span>
     <span class='ocr_line' id='line_1_8' title="bbox 43 861 1036 944; baseline -0.002 -15"><span class='ocrx_word' id='word_1_54' title='bbox 43 865 167 941; x_wconf 78' lang='lat' dir='ltr'>Alpes:</span> <span class='ocrx_word' id='word_1_55' title='bbox 183 862 399 927; x_wconf 87' lang='lat' dir='ltr'>ubiRomauae</span> <span class='ocrx_word' id='word_1_56' title='bbox 413 862 551 942; x_wconf 76' lang='lat' dir='ltr'>legiones</span> <span class='ocrx_word' id='word_1_57' title='bbox 566 861 635 938; x_wconf 88' lang='lat' dir='ltr'>siut,</span> <span class='ocrx_word' id='word_1_58' title='bbox 650 862 692 924; x_wconf 87' lang='lat' dir='ltr'>ibi</span> <span class='ocrx_word' id='word_1_59' title='bbox 707 864 1036 944; x_wconf 71' lang='lat' dir='ltr'>etcerthaginiensium</span> 
     </span>
     <span class='ocr_line' id='line_1_9' title="bbox 45 945 1035 1021; baseline 0.002 -11"><span class='ocrx_word' id='word_1_60' title='bbox 45 947 208 1010; x_wconf 88' lang='lat' dir='ltr'>exercitus</span> <span class='ocrx_word' id='word_1_61' title='bbox 223 945 337 1012; x_wconf 89' lang='lat' dir='ltr'>debere</span> <span class='ocrx_word' id='word_1_62' title='bbox 351 961 432 1011; x_wconf 87' lang='lat' dir='ltr'>esse.</span> <span class='ocrx_word' id='word_1_63' title='bbox 464 945 509 1011; x_wconf 90' lang='lat' dir='ltr'>sic</span> <span class='ocrx_word' id='word_1_64' title='bbox 524 945 565 1012; x_wconf 91' lang='lat' dir='ltr'>ad</span> <span class='ocrx_word' id='word_1_65' title='bbox 581 947 717 1021; x_wconf 81' lang='lat' dir='ltr'>cannas,</span> <span class='ocrx_word' id='word_1_66' title='bbox 740 947 786 1010; x_wconf 89' lang='lat' dir='ltr'>sic</span> <span class='ocrx_word' id='word_1_67' title='bbox 801 949 842 1010; x_wconf 91' lang='lat' dir='ltr'>ad</span> <span class='ocrx_word' id='word_1_68' title='bbox 854 949 1035 1012; x_wconf 78' lang='lat' dir='ltr'>&#39;trasumen-</span> 
     </span>
     <span class='ocr_line' id='line_1_10' title="bbox 45 1029 1035 1114; baseline 0.004 -22"><span class='ocrx_word' id='word_1_69' title='bbox 45 1049 125 1092; x_wconf 91' lang='lat' dir='ltr'>num</span> <span class='ocrx_word' id='word_1_70' title='bbox 135 1048 201 1098; x_wconf 89' lang='lat' dir='ltr'>rem</span> <span class='ocrx_word' id='word_1_71' title='bbox 213 1029 291 1096; x_wconf 88' lang='lat' dir='ltr'>bene</span> <span class='ocrx_word' id='word_1_72' title='bbox 302 1037 429 1114; x_wconf 79' lang='lat' dir='ltr'>gestam,</span> <span class='ocrx_word' id='word_1_73' title='bbox 445 1031 587 1095; x_wconf 84' lang='lat' dir='ltr'>coeundo</span> <span class='ocrx_word' id='word_1_74' title='bbox 601 1031 853 1112; x_wconf 77' lang='lat' dir='ltr'>conferundoque</span> <span class='ocrx_word' id='word_1_75' title='bbox 865 1048 934 1096; x_wconf 89' lang='lat' dir='ltr'>cum</span> <span class='ocrx_word' id='word_1_76' title='bbox 944 1034 1035 1096; x_wconf 90' lang='lat' dir='ltr'>hoste</span> 
     </span>
     <span class='ocr_line' id='line_1_11' title="bbox 46 1114 1035 1192; baseline 0.002 -14"><span class='ocrx_word' id='word_1_77' title='bbox 46 1123 170 1192; x_wconf 88' lang='lat' dir='ltr'>castra,</span> <span class='ocrx_word' id='word_1_78' title='bbox 192 1115 342 1180; x_wconf 84' lang='lat' dir='ltr'>lortunam</span> <span class='ocrx_word' id='word_1_79' title='bbox 357 1115 544 1192; x_wconf 83' lang='lat' dir='ltr'>temptando.</span> <span class='ocrx_word' id='word_1_80' title='bbox 577 1114 701 1180; x_wconf 86' lang='lat' dir='ltr'>inhanc</span> <span class='ocrx_word' id='word_1_81' title='bbox 723 1117 904 1180; x_wconf 85' lang='lat' dir='ltr'>sententiam</span> <span class='ocrx_word' id='word_1_82' title='bbox 918 1118 1035 1180; x_wconf 84' lang='lat' dir='ltr'>litterae</span> 
     </span>
     <span class='ocr_line' id='line_1_12' title="bbox 47 1195 1034 1278; baseline 0 -16"><span class='ocrx_word' id='word_1_83' title='bbox 47 1195 390 1276; x_wconf 81' lang='lat' dir='ltr'>couscripmettumidls</span> <span class='ocrx_word' id='word_1_84' title='bbox 401 1197 563 1276; x_wconf 88' lang='lat' dir='ltr'>proposita</span> <span class='ocrx_word' id='word_1_85' title='bbox 573 1199 716 1262; x_wconf 88' lang='lat' dir='ltr'>mercede</span> <span class='ocrx_word' id='word_1_86' title='bbox 727 1199 787 1264; x_wconf 88' lang='lat' dir='ltr'>iarn</span> <span class='ocrx_word' id='word_1_87' title='bbox 797 1201 949 1276; x_wconf 81' lang='lat' dir='ltr'>protessis</span> <span class='ocrx_word' id='word_1_88' title='bbox 961 1219 1034 1278; x_wconf 89' lang='lat' dir='ltr'>ope·</span> 
     </span>
     <span class='ocr_line' id='line_1_13' title="bbox 49 1281 1035 1360; baseline 0.002 -16"><span class='ocrx_word' id='word_1_89' title='bbox 49 1301 117 1348; x_wconf 89' lang='lat' dir='ltr'>ram</span> <span class='ocrx_word' id='word_1_90' title='bbox 138 1285 260 1352; x_wconf 86' lang='lat' dir='ltr'>dautur.</span> <span class='ocrx_word' id='word_1_91' title='bbox 292 1282 315 1346; x_wconf 89' lang='lat' dir='ltr'>ii</span> <span class='ocrx_word' id='word_1_92' title='bbox 335 1282 440 1360; x_wconf 90' lang='lat' dir='ltr'>specie</span> <span class='ocrx_word' id='word_1_93' title='bbox 460 1281 685 1360; x_wconf 74' lang='lat' dir='ltr'>transfugarum</span> <span class='ocrx_word' id='word_1_94' title='bbox 699 1297 768 1346; x_wconf 87' lang='lat' dir='ltr'>cum</span> <span class='ocrx_word' id='word_1_95' title='bbox 788 1283 828 1346; x_wconf 89' lang='lat' dir='ltr'>ad</span> <span class='ocrx_word' id='word_1_96' title='bbox 842 1281 984 1348; x_wconf 74' lang='lat' dir='ltr'>macons</span> <span class='ocrx_word' id='word_1_97' title='bbox 1004 1287 1035 1346; x_wconf 92' lang='lat' dir='ltr'>in</span> 
     </span>
     <span class='ocr_line' id='line_1_14' title="bbox 53 1365 1034 1446; baseline -0.002 -14"><span class='ocrx_word' id='word_1_98' title='bbox 53 1375 155 1432; x_wconf 90' lang='lat' dir='ltr'>castra</span> <span class='ocrx_word' id='word_1_99' title='bbox 166 1368 334 1444; x_wconf 78' lang='lat' dir='ltr'>venissent,</span> <span class='ocrx_word' id='word_1_100' title='bbox 345 1372 378 1430; x_wconf 94' lang='lat' dir='ltr'>ut</span> <span class='ocrx_word' id='word_1_101' title='bbox 388 1365 461 1428; x_wconf 91' lang='lat' dir='ltr'>iude</span> <span class='ocrx_word' id='word_1_102' title='bbox 473 1374 611 1446; x_wconf 88' lang='lat' dir='ltr'>ternpore</span> <span class='ocrx_word' id='word_1_103' title='bbox 623 1373 714 1444; x_wconf 80' lang='lat' dir='ltr'>capto</span> <span class='ocrx_word' id='word_1_104' title='bbox 726 1365 851 1442; x_wconf 73' lang='lat' dir='ltr'>abirent,</span> <span class='ocrx_word' id='word_1_105' title='bbox 866 1368 1034 1444; x_wconf 81' lang='lat' dir='ltr'>famesque,</span> 
     </span>
     <span class='ocr_line' id='line_1_15' title="bbox 51 1449 1035 1528; baseline -0.001 -15"><span class='ocrx_word' id='word_1_106' title='bbox 51 1469 131 1528; x_wconf 87' lang='lat' dir='ltr'>quae</span> <span class='ocrx_word' id='word_1_107' title='bbox 151 1459 216 1518; x_wconf 86' lang='lat' dir='ltr'>tam</span> <span class='ocrx_word' id='word_1_108' title='bbox 231 1451 283 1514; x_wconf 91' lang='lat' dir='ltr'>diu</span> <span class='ocrx_word' id='word_1_109' title='bbox 297 1450 420 1528; x_wconf 80' lang='lat' dir='ltr'>Capuae</span> <span class='ocrx_word' id='word_1_110' title='bbox 434 1457 514 1526; x_wconf 85' lang='lat' dir='ltr'>erat,</span> <span class='ocrx_word' id='word_1_111' title='bbox 533 1450 608 1512; x_wconf 91' lang='lat' dir='ltr'>nulli</span> <span class='ocrx_word' id='word_1_112' title='bbox 622 1466 684 1512; x_wconf 92' lang='lat' dir='ltr'>non</span> <span class='ocrx_word' id='word_1_113' title='bbox 704 1449 894 1526; x_wconf 85' lang='lat' dir='ltr'>probabilem</span> <span class='ocrx_word' id='word_1_114' title='bbox 910 1468 1035 1514; x_wconf 88' lang='lat' dir='ltr'>causam</span> 
     </span>
     <span class='ocr_line' id='line_1_16' title="bbox 47 1533 1034 1614; baseline -0.004 -15"><span class='ocrx_word' id='word_1_115' title='bbox 47 1535 242 1601; x_wconf 83' lang='lat' dir='ltr'>transitionis</span> <span class='ocrx_word' id='word_1_116' title='bbox 257 1535 379 1610; x_wconf 74' lang='lat' dir='ltr'>locaret,</span> <span class='ocrx_word' id='word_1_117' title='bbox 394 1533 502 1596; x_wconf 89' lang='lat' dir='ltr'>mulier</span> <span class='ocrx_word' id='word_1_118' title='bbox 514 1541 642 1614; x_wconf 88' lang='lat' dir='ltr'>repente</span> <span class='ocrx_word' id='word_1_119' title='bbox 654 1534 809 1613; x_wconf 86' lang='lat' dir='ltr'>campana</span> <span class='ocrx_word' id='word_1_120' title='bbox 822 1537 853 1596; x_wconf 93' lang='lat' dir='ltr'>in</span> <span class='ocrx_word' id='word_1_121' title='bbox 868 1542 968 1598; x_wconf 85' lang='lat' dir='ltr'>eastra</span> <span class='ocrx_word' id='word_1_122' title='bbox 981 1552 1034 1596; x_wconf 89' lang='lat' dir='ltr'>ve·</span> 
     </span>
     <span class='ocr_line' id='line_1_17' title="bbox 47 1619 1035 1698; baseline -0.002 -17"><span class='ocrx_word' id='word_1_123' title='bbox 47 1623 109 1698; x_wconf 90' lang='lat' dir='ltr'>nit,</span> <span class='ocrx_word' id='word_1_124' title='bbox 130 1625 272 1688; x_wconf 82' lang='lat' dir='ltr'>scortum</span> <span class='ocrx_word' id='word_1_125' title='bbox 288 1619 514 1698; x_wconf 75' lang='lat' dir='ltr'>transfugarum</span> <span class='ocrx_word' id='word_1_126' title='bbox 535 1619 643 1694; x_wconf 88' lang='lat' dir='ltr'>unius,</span> <span class='ocrx_word' id='word_1_127' title='bbox 663 1619 839 1698; x_wconf 81' lang='lat' dir='ltr'>indicatque</span> <span class='ocrx_word' id='word_1_128' title='bbox 858 1619 1035 1698; x_wconf 84' lang='lat' dir='ltr'>imperatori</span> 
     </span>
     <span class='ocr_line' id='line_1_18' title="bbox 46 1702 1036 1782; baseline -0.005 -14"><span class='ocrx_word' id='word_1_129' title='bbox 46 1707 197 1770; x_wconf 89' lang='lat' dir='ltr'>Romano</span> <span class='ocrx_word' id='word_1_130' title='bbox 209 1703 355 1770; x_wconf 84' lang='lat' dir='ltr'>Numidas</span> <span class='ocrx_word' id='word_1_131' title='bbox 376 1703 484 1768; x_wconf 77' lang='lat' dir='ltr'>froude</span> <span class='ocrx_word' id='word_1_132' title='bbox 504 1702 677 1782; x_wconf 84' lang='lat' dir='ltr'>composita</span> <span class='ocrx_word' id='word_1_133' title='bbox 689 1703 838 1768; x_wconf 82' lang='lat' dir='ltr'>transisse</span> <span class='ocrx_word' id='word_1_134' title='bbox 858 1705 1036 1780; x_wconf 80' lang='lat' dir='ltr'>litterasque</span> 
     </span>
     <span class='ocr_line' id='line_1_19' title="bbox 47 1786 1034 1866; baseline -0.004 -14"><span class='ocrx_word' id='word_1_135' title='bbox 47 1792 90 1852; x_wconf 89' lang='lat' dir='ltr'>ad</span> <span class='ocrx_word' id='word_1_136' title='bbox 104 1787 309 1856; x_wconf 80' lang='lat' dir='ltr'>Hannibalem</span> <span class='ocrx_word' id='word_1_137' title='bbox 330 1787 425 1852; x_wconf 76' lang='lat' dir='ltr'>ferrer</span> <span class='ocrx_word' id='word_1_138' title='bbox 447 1786 480 1846; x_wconf 92' lang='lat' dir='ltr'>id</span> <span class='ocrx_word' id='word_1_139' title='bbox 499 1803 592 1852; x_wconf 85' lang='lat' dir='ltr'>uuum</span> <span class='ocrx_word' id='word_1_140' title='bbox 606 1803 646 1850; x_wconf 86' lang='lat' dir='ltr'>ex</span> <span class='ocrx_word' id='word_1_141' title='bbox 660 1786 712 1862; x_wconf 86' lang='lat' dir='ltr'>iis,</span> <span class='ocrx_word' id='word_1_142' title='bbox 736 1788 788 1863; x_wconf 84' lang='lat' dir='ltr'>qui</span> <span class='ocrx_word' id='word_1_143' title='bbox 803 1787 941 1852; x_wconf 75' lang='lat' dir='ltr'>subirem</span> <span class='ocrx_word' id='word_1_144' title='bbox 961 1804 1034 1866; x_wconf 83' lang='lat' dir='ltr'>ape·</span> 
     </span>
     <span class='ocr_line' id='line_1_20' title="bbox 45 1873 1035 1950; baseline -0.004 -15"><span class='ocrx_word' id='word_1_145' title='bbox 45 1875 176 1950; x_wconf 79' lang='lat' dir='ltr'>ruisset,</span> <span class='ocrx_word' id='word_1_146' title='bbox 191 1887 319 1950; x_wconf 77' lang='lat' dir='ltr'>urguere</span> <span class='ocrx_word' id='word_1_147' title='bbox 333 1885 405 1934; x_wconf 84' lang='lat' dir='ltr'>sese</span> <span class='ocrx_word' id='word_1_148' title='bbox 419 1875 557 1946; x_wconf 87' lang='lat' dir='ltr'>paratam</span> <span class='ocrx_word' id='word_1_149' title='bbox 572 1886 653 1936; x_wconf 86' lang='lat' dir='ltr'>esse.</span> <span class='ocrx_word' id='word_1_150' title='bbox 685 1873 854 1950; x_wconf 86' lang='lat' dir='ltr'>productus</span> <span class='ocrx_word' id='word_1_151' title='bbox 870 1874 969 1950; x_wconf 90' lang='lat' dir='ltr'>primo</span> <span class='ocrx_word' id='word_1_152' title='bbox 985 1888 1035 1936; x_wconf 88' lang='lat' dir='ltr'>sa·</span> 
     </span>
     <span class='ocr_line' id='line_1_21' title="bbox 47 1953 1047 2034; baseline -0.004 -14"><span class='ocrx_word' id='word_1_153' title='bbox 47 1960 88 2020; x_wconf 91' lang='lat' dir='ltr'>tis</span> <span class='ocrx_word' id='word_1_154' title='bbox 106 1964 284 2023; x_wconf 74' lang='lat' dir='ltr'>constanter</span> <span class='ocrx_word' id='word_1_155' title='bbox 302 1955 445 2034; x_wconf 77' lang='lat' dir='ltr'>ignorare</span> <span class='ocrx_word' id='word_1_156' title='bbox 459 1968 494 2015; x_wconf 90' lang='lat' dir='ltr'>se</span> <span class='ocrx_word' id='word_1_157' title='bbox 514 1953 672 2018; x_wconf 87' lang='lat' dir='ltr'>mulierem</span> <span class='ocrx_word' id='word_1_158' title='bbox 691 1955 868 2028; x_wconf 65' lang='lat' dir='ltr'>simulabam</span> <span class='ocrx_word' id='word_1_159' title='bbox 889 1955 1047 2034; x_wconf 88' lang='lat' dir='ltr'>paulatim·</span> 
     </span>
     <span class='ocr_line' id='line_1_22' title="bbox 48 2037 1034 2116; baseline -0.007 -12"><span class='ocrx_word' id='word_1_160' title='bbox 48 2044 125 2106; x_wconf 92' lang='lat' dir='ltr'>dein</span> <span class='ocrx_word' id='word_1_161' title='bbox 141 2041 300 2106; x_wconf 78' lang='lat' dir='ltr'>eonviuus</span> <span class='ocrx_word' id='word_1_162' title='bbox 316 2037 415 2113; x_wconf 91' lang='lat' dir='ltr'>veris,</span> <span class='ocrx_word' id='word_1_163' title='bbox 439 2054 508 2104; x_wconf 89' lang='lat' dir='ltr'>cum</span> <span class='ocrx_word' id='word_1_164' title='bbox 522 2045 672 2104; x_wconf 89' lang='lat' dir='ltr'>tormenta</span> <span class='ocrx_word' id='word_1_165' title='bbox 685 2039 774 2115; x_wconf 88' lang='lat' dir='ltr'>posci</span> <span class='ocrx_word' id='word_1_166' title='bbox 789 2047 819 2100; x_wconf 89' lang='lat' dir='ltr'>et</span> <span class='ocrx_word' id='word_1_167' title='bbox 832 2040 934 2116; x_wconf 85' lang='lat' dir='ltr'>parari</span> <span class='ocrx_word' id='word_1_168' title='bbox 948 2039 1034 2100; x_wconf 91' lang='lat' dir='ltr'>vide-</span> 
     </span>
     <span class='ocr_line' id='line_1_23' title="bbox 45 2122 1034 2200; baseline -0.007 -13"><span class='ocrx_word' id='word_1_169' title='bbox 45 2136 113 2200; x_wconf 88' lang='lat' dir='ltr'>ret,</span> <span class='ocrx_word' id='word_1_170' title='bbox 136 2127 241 2192; x_wconf 85' lang='lat' dir='ltr'>lassus</span> <span class='ocrx_word' id='word_1_171' title='bbox 261 2125 294 2187; x_wconf 90' lang='lat' dir='ltr'>id</span> <span class='ocrx_word' id='word_1_172' title='bbox 312 2123 355 2186; x_wconf 89' lang='lat' dir='ltr'>ita</span> <span class='ocrx_word' id='word_1_173' title='bbox 375 2139 461 2186; x_wconf 79' lang='lat' dir='ltr'>esse:</span> <span class='ocrx_word' id='word_1_174' title='bbox 483 2123 662 2198; x_wconf 88' lang='lat' dir='ltr'>litteraeque</span> <span class='ocrx_word' id='word_1_175' title='bbox 677 2124 827 2200; x_wconf 89' lang='lat' dir='ltr'>prolatae,</span> <span class='ocrx_word' id='word_1_176' title='bbox 848 2130 878 2184; x_wconf 90' lang='lat' dir='ltr'>et</span> <span class='ocrx_word' id='word_1_177' title='bbox 897 2122 1034 2186; x_wconf 89' lang='lat' dir='ltr'>additum</span> 
     </span>
     <span class='ocr_line' id='line_1_24' title="bbox 48 2205 1034 2284; baseline -0.006 -10"><span class='ocrx_word' id='word_1_178' title='bbox 48 2213 144 2276; x_wconf 88' lang='lat' dir='ltr'>etiam</span> <span class='ocrx_word' id='word_1_179' title='bbox 158 2209 271 2276; x_wconf 82' lang='lat' dir='ltr'>iudicio</span> <span class='ocrx_word' id='word_1_180' title='bbox 284 2207 368 2284; x_wconf 89' lang='lat' dir='ltr'>quod</span> <span class='ocrx_word' id='word_1_181' title='bbox 378 2205 541 2282; x_wconf 88' lang='lat' dir='ltr'>celabatur,</span> <span class='ocrx_word' id='word_1_182' title='bbox 556 2213 588 2267; x_wconf 88' lang='lat' dir='ltr'>et</span> <span class='ocrx_word' id='word_1_183' title='bbox 600 2207 678 2268; x_wconf 90' lang='lat' dir='ltr'>alios</span> <span class='ocrx_word' id='word_1_184' title='bbox 691 2205 797 2284; x_wconf 84' lang='lat' dir='ltr'>specie</span> <span class='ocrx_word' id='word_1_185' title='bbox 810 2207 1034 2282; x_wconf 79' lang='lat' dir='ltr'>translugarum</span> 
     </span>
     <span class='ocr_line' id='line_1_25' title="bbox 48 2289 1036 2370; baseline -0.006 -14"><span class='ocrx_word' id='word_1_186' title='bbox 48 2294 203 2359; x_wconf 84' lang='lat' dir='ltr'>Numidas</span> <span class='ocrx_word' id='word_1_187' title='bbox 216 2291 323 2370; x_wconf 70' lang='lat' dir='ltr'>uagari</span> <span class='ocrx_word' id='word_1_188' title='bbox 338 2291 368 2354; x_wconf 94' lang='lat' dir='ltr'>in</span> <span class='ocrx_word' id='word_1_189' title='bbox 384 2289 493 2356; x_wconf 87' lang='lat' dir='ltr'>castris</span> <span class='ocrx_word' id='word_1_190' title='bbox 507 2291 665 2356; x_wconf 84' lang='lat' dir='ltr'>Romanis.</span> <span class='ocrx_word' id='word_1_191' title='bbox 697 2289 719 2352; x_wconf 91' lang='lat' dir='ltr'>ii</span> <span class='ocrx_word' id='word_1_192' title='bbox 733 2306 829 2366; x_wconf 89' lang='lat' dir='ltr'>supra</span> <span class='ocrx_word' id='word_1_193' title='bbox 843 2290 1036 2368; x_wconf 78' lang='lat' dir='ltr'>septuaginta</span> 
     </span>
     <span class='ocr_line' id='line_1_26' title="bbox 51 2373 1035 2456; baseline -0.009 -15"><span class='ocrx_word' id='word_1_194' title='bbox 51 2378 249 2456; x_wconf 79' lang='lat' dir='ltr'>comprensi,</span> <span class='ocrx_word' id='word_1_195' title='bbox 272 2382 386 2440; x_wconf 86' lang='lat' dir='ltr'>etcum</span> <span class='ocrx_word' id='word_1_196' title='bbox 399 2374 567 2452; x_wconf 79' lang='lat' dir='ltr'>transfugis</span> <span class='ocrx_word' id='word_1_197' title='bbox 587 2374 678 2434; x_wconf 88' lang='lat' dir='ltr'>novis</span> <span class='ocrx_word' id='word_1_198' title='bbox 692 2373 815 2436; x_wconf 89' lang='lat' dir='ltr'>mulcati</span> <span class='ocrx_word' id='word_1_199' title='bbox 830 2375 925 2450; x_wconf 82' lang='lat' dir='ltr'>virgis</span> <span class='ocrx_word' id='word_1_200' title='bbox 940 2373 1035 2434; x_wconf 89' lang='lat' dir='ltr'>mani-</span> 
     </span>
     <span class='ocr_line' id='line_1_27' title="bbox 50 2457 1035 2540; baseline -0.007 -17"><span class='ocrx_word' id='word_1_201' title='bbox 50 2464 176 2540; x_wconf 86' lang='lat' dir='ltr'>busque</span> <span class='ocrx_word' id='word_1_202' title='bbox 197 2459 348 2538; x_wconf 88' lang='lat' dir='ltr'>praeoisis</span> <span class='ocrx_word' id='word_1_203' title='bbox 371 2459 506 2536; x_wconf 80' lang='lat' dir='ltr'>Capuam</span> <span class='ocrx_word' id='word_1_204' title='bbox 527 2457 715 2534; x_wconf 80' lang='lat' dir='ltr'>rediguntur.</span> <span class='ocrx_word' id='word_1_205' title='bbox 753 2465 954 2536; x_wconf 82' lang='lat' dir='ltr'>conspectum</span> <span class='ocrx_word' id='word_1_206' title='bbox 974 2464 1035 2520; x_wconf 77' lang='lat' dir='ltr'>mm</span> 
     </span>
     <span class='ocr_line' id='line_1_28' title="bbox 49 2541 1033 2626; baseline -0.006 -18"><span class='ocrx_word' id='word_1_207' title='bbox 49 2549 141 2610; x_wconf 88' lang='lat' dir='ltr'>triste</span> <span class='ocrx_word' id='word_1_208' title='bbox 155 2543 346 2626; x_wconf 85' lang='lat' dir='ltr'>supplicium</span> <span class='ocrx_word' id='word_1_209' title='bbox 356 2543 445 2619; x_wconf 78' lang='lat' dir='ltr'>tregit</span> <span class='ocrx_word' id='word_1_210' title='bbox 459 2541 577 2606; x_wconf 89' lang='lat' dir='ltr'>animos</span> <span class='ocrx_word' id='word_1_211' title='bbox 592 2543 825 2618; x_wconf 83' lang='lat' dir='ltr'>Campanorum.</span> <span class='ocrx_word' id='word_1_212' title='bbox 862 2542 940 2602; x_wconf 86' lang='lat' dir='ltr'>Xlll.</span> <span class='ocrx_word' id='word_1_213' title='bbox 963 2557 1033 2606; x_wconf 88' lang='lat' dir='ltr'>eun·</span> 
     </span>
    </p>
   </div>
   <div class='ocr_carea' id='block_1_3' title="bbox 51 2625 1159 2704">
    <p class='ocr_par' dir='ltr' id='par_1_3' title="bbox 51 2625 1159 2704">
     <span class='ocr_line' id='line_1_29' title="bbox 51 2625 1159 2704; baseline -0.007 -11"><span class='ocrx_word' id='word_1_214' title='bbox 51 2647 163 2696; x_wconf 87' lang='lat' dir='ltr'>cursus</span> <span class='ocrx_word' id='word_1_215' title='bbox 185 2630 225 2693; x_wconf 89' lang='lat' dir='ltr'>ad</span> <span class='ocrx_word' id='word_1_216' title='bbox 246 2628 360 2690; x_wconf 90' lang='lat' dir='ltr'>curiam</span> <span class='ocrx_word' id='word_1_217' title='bbox 380 2626 487 2704; x_wconf 92' lang='lat' dir='ltr'>populi</span> <span class='ocrx_word' id='word_1_218' title='bbox 508 2626 605 2688; x_wconf 88' lang='lat' dir='ltr'>luctus</span> <span class='ocrx_word' id='word_1_219' title='bbox 620 2626 720 2702; x_wconf 81' lang='lat' dir='ltr'>coegit</span> <span class='ocrx_word' id='word_1_220' title='bbox 733 2625 877 2688; x_wconf 89' lang='lat' dir='ltr'>Loesium</span> <span class='ocrx_word' id='word_1_221' title='bbox 897 2634 1036 2688; x_wconf 88' lang='lat' dir='ltr'>senatum</span> <span class='ocrx_word' id='word_1_222' title='bbox 1158 2641 1159 2648; x_wconf 50' lang='lat'>¹</span> 
     </span>
    </p>
   </div>
   <div class='ocr_carea' id='block_1_4' title="bbox 50 2707 1036 3036">
    <p class='ocr_par' dir='ltr' id='par_1_4' title="bbox 50 2707 1036 3036">
     <span class='ocr_line' id='line_1_30' title="bbox 50 2707 1035 2788; baseline -0.006 -14"><span class='ocrx_word' id='word_1_223' title='bbox 50 2729 187 2784; x_wconf 83' lang='lat' dir='ltr'>vocare;</span> <span class='ocrx_word' id='word_1_224' title='bbox 209 2718 241 2774; x_wconf 92' lang='lat' dir='ltr'>et</span> <span class='ocrx_word' id='word_1_225' title='bbox 253 2710 450 2788; x_wconf 87' lang='lat' dir='ltr'>primoribus,</span> <span class='ocrx_word' id='word_1_226' title='bbox 473 2710 525 2784; x_wconf 90' lang='lat' dir='ltr'>qui</span> <span class='ocrx_word' id='word_1_227' title='bbox 539 2709 601 2770; x_wconf 91' lang='lat' dir='ltr'>lam</span> <span class='ocrx_word' id='word_1_228' title='bbox 615 2707 668 2769; x_wconf 89' lang='lat' dir='ltr'>diu</span> <span class='ocrx_word' id='word_1_229' title='bbox 682 2708 812 2786; x_wconf 89' lang='lat' dir='ltr'>publicis</span> <span class='ocrx_word' id='word_1_230' title='bbox 832 2711 967 2772; x_wconf 90' lang='lat' dir='ltr'>consiliis</span> <span class='ocrx_word' id='word_1_231' title='bbox 982 2708 1035 2770; x_wconf 89' lang='lat' dir='ltr'>ab·</span> 
     </span>
     <span class='ocr_line' id='line_1_31' title="bbox 52 2792 1035 2874; baseline -0.005 -15"><span class='ocrx_word' id='word_1_232' title='bbox 52 2805 155 2872; x_wconf 83' lang='lat' dir='ltr'>erant,</span> <span class='ocrx_word' id='word_1_233' title='bbox 179 2797 341 2872; x_wconf 86' lang='lat' dir='ltr'>propalam</span> <span class='ocrx_word' id='word_1_234' title='bbox 360 2794 567 2874; x_wconf 79' lang='lat' dir='ltr'>minabantur,</span> <span class='ocrx_word' id='word_1_235' title='bbox 597 2792 656 2854; x_wconf 91' lang='lat' dir='ltr'>nisi</span> <span class='ocrx_word' id='word_1_236' title='bbox 675 2793 815 2855; x_wconf 90' lang='lat' dir='ltr'>venirent</span> <span class='ocrx_word' id='word_1_237' title='bbox 834 2794 865 2854; x_wconf 91' lang='lat' dir='ltr'>in</span> <span class='ocrx_word' id='word_1_238' title='bbox 887 2801 1035 2866; x_wconf 88' lang='lat' dir='ltr'>senatum,</span> 
     </span>
     <span class='ocr_line' id='line_1_32' title="bbox 52 2875 1036 2952; baseline -0.008 -8"><span class='ocrx_word' id='word_1_239' title='bbox 52 2883 137 2944; x_wconf 85' lang='lat' dir='ltr'>cirea</span> <span class='ocrx_word' id='word_1_240' title='bbox 151 2881 263 2942; x_wconf 90' lang='lat' dir='ltr'>domos</span> <span class='ocrx_word' id='word_1_241' title='bbox 278 2894 383 2941; x_wconf 89' lang='lat' dir='ltr'>eorum</span> <span class='ocrx_word' id='word_1_242' title='bbox 397 2878 494 2938; x_wconf 90' lang='lat' dir='ltr'>ituros</span> <span class='ocrx_word' id='word_1_243' title='bbox 508 2892 544 2937; x_wconf 89' lang='lat' dir='ltr'>se</span> <span class='ocrx_word' id='word_1_244' title='bbox 558 2882 588 2936; x_wconf 88' lang='lat' dir='ltr'>et</span> <span class='ocrx_word' id='word_1_245' title='bbox 601 2876 632 2936; x_wconf 93' lang='lat' dir='ltr'>in</span> <span class='ocrx_word' id='word_1_246' title='bbox 646 2875 801 2952; x_wconf 89' lang='lat' dir='ltr'>publicum</span> <span class='ocrx_word' id='word_1_247' title='bbox 817 2892 924 2938; x_wconf 91' lang='lat' dir='ltr'>omnes</span> <span class='ocrx_word' id='word_1_248' title='bbox 937 2877 968 2936; x_wconf 90' lang='lat' dir='ltr'>vi</span> <span class='ocrx_word' id='word_1_249' title='bbox 984 2893 1036 2937; x_wconf 86' lang='lat' dir='ltr'>ex·</span> 
     </span>
     <span class='ocr_line' id='line_1_33' title="bbox 53 2959 1036 3036; baseline -0.009 -8"><span class='ocrx_word' id='word_1_250' title='bbox 53 2973 209 3030; x_wconf 87' lang='lat' dir='ltr'>tracturos</span> <span class='ocrx_word' id='word_1_251' title='bbox 229 2979 311 3026; x_wconf 78' lang='lat' dir='ltr'>essc-</span> <span class='ocrx_word' id='word_1_252' title='bbox 343 2963 370 3025; x_wconf 84' lang='lat' dir='ltr'>is</span> <span class='ocrx_word' id='word_1_253' title='bbox 385 2961 476 3026; x_wconf 88' lang='lat' dir='ltr'>timor</span> <span class='ocrx_word' id='word_1_254' title='bbox 490 2960 680 3036; x_wconf 81' lang='lat' dir='ltr'>frequentem</span> <span class='ocrx_word' id='word_1_255' title='bbox 695 2966 835 3022; x_wconf 89' lang='lat' dir='ltr'>senatum</span> <span class='ocrx_word' id='word_1_256' title='bbox 849 2959 1036 3036; x_wconf 77' lang='lat' dir='ltr'>magistratui</span> 
     </span>
    </p>
   </div>
   <div class='ocr_carea' id='block_1_5' title="bbox 53 3043 1039 3576">
    <p class='ocr_par' dir='ltr' id='par_1_5' title="bbox 53 3043 1039 3576">
     <span class='ocr_line' id='line_1_34' title="bbox 53 3043 1023 3128; baseline -0.008 -17"><span class='ocrx_word' id='word_1_257' title='bbox 53 3048 206 3128; x_wconf 89' lang='lat' dir='ltr'>praebuit.</span> <span class='ocrx_word' id='word_1_258' title='bbox 228 3047 269 3111; x_wconf 90' lang='lat' dir='ltr'>ibi</span> <span class='ocrx_word' id='word_1_259' title='bbox 284 3061 353 3108; x_wconf 84' lang='lat' dir='ltr'>eum</span> <span class='ocrx_word' id='word_1_260' title='bbox 368 3045 461 3106; x_wconf 89' lang='lat' dir='ltr'>ceteri</span> <span class='ocrx_word' id='word_1_261' title='bbox 475 3045 514 3104; x_wconf 93' lang='lat' dir='ltr'>de</span> <span class='ocrx_word' id='word_1_262' title='bbox 527 3043 636 3118; x_wconf 83' lang='lat' dir='ltr'>legatis</span> <span class='ocrx_word' id='word_1_263' title='bbox 651 3044 806 3108; x_wconf 87' lang='lat' dir='ltr'>mittendis</span> <span class='ocrx_word' id='word_1_264' title='bbox 821 3044 861 3107; x_wconf 88' lang='lat' dir='ltr'>ad</span> <span class='ocrx_word' id='word_1_265' title='bbox 875 3044 1023 3122; x_wconf 87' lang='lat' dir='ltr'>imperato</span> 
     </span>
     <span class='ocr_line' id='line_1_35' title="bbox 54 3126 1037 3206; baseline -0.011 -12"><span class='ocrx_word' id='word_1_266' title='bbox 54 3151 103 3196; x_wconf 89' lang='lat' dir='ltr'>res</span> <span class='ocrx_word' id='word_1_267' title='bbox 122 3133 283 3196; x_wconf 87' lang='lat' dir='ltr'>Romanos</span> <span class='ocrx_word' id='word_1_268' title='bbox 305 3136 445 3206; x_wconf 79' lang='lat' dir='ltr'>agerent,</span> <span class='ocrx_word' id='word_1_269' title='bbox 477 3127 588 3188; x_wconf 83' lang='lat' dir='ltr'>Vibius</span> <span class='ocrx_word' id='word_1_270' title='bbox 609 3128 745 3204; x_wconf 88' lang='lat' dir='ltr'>Virrius,</span> <span class='ocrx_word' id='word_1_271' title='bbox 778 3128 831 3203; x_wconf 87' lang='lat' dir='ltr'>qui</span> <span class='ocrx_word' id='word_1_272' title='bbox 858 3126 1037 3187; x_wconf 85' lang='lat' dir='ltr'>delectionis</span> 
     </span>
     <span class='ocr_line' id='line_1_36' title="bbox 55 3211 1039 3288; baseline -0.013 -8"><span class='ocrx_word' id='word_1_273' title='bbox 55 3225 162 3282; x_wconf 90' lang='lat' dir='ltr'>auctor</span> <span class='ocrx_word' id='word_1_274' title='bbox 173 3215 216 3278; x_wconf 87' lang='lat' dir='ltr'>ab</span> <span class='ocrx_word' id='word_1_275' title='bbox 231 3213 377 3280; x_wconf 87' lang='lat' dir='ltr'>Romanis</span> <span class='ocrx_word' id='word_1_276' title='bbox 393 3213 505 3286; x_wconf 88' lang='lat' dir='ltr'>luerat,</span> <span class='ocrx_word' id='word_1_277' title='bbox 527 3211 730 3288; x_wconf 81' lang='lat' dir='ltr'>interrogatus</span> <span class='ocrx_word' id='word_1_278' title='bbox 751 3211 933 3272; x_wconf 87' lang='lat' dir='ltr'>sententiam</span> <span class='ocrx_word' id='word_1_279' title='bbox 948 3213 1039 3284; x_wconf 79' lang='lat' dir='ltr'>negat</span> 
     </span>
     <span class='ocr_line' id='line_1_37' title="bbox 56 3296 1038 3376; baseline -0.014 -12"><span class='ocrx_word' id='word_1_280' title='bbox 56 3320 120 3376; x_wconf 85' lang='lat' dir='ltr'>eos,</span> <span class='ocrx_word' id='word_1_281' title='bbox 137 3300 192 3376; x_wconf 91' lang='lat' dir='ltr'>qui</span> <span class='ocrx_word' id='word_1_282' title='bbox 208 3299 247 3361; x_wconf 89' lang='lat' dir='ltr'>de</span> <span class='ocrx_word' id='word_1_283' title='bbox 259 3297 367 3374; x_wconf 80' lang='lat' dir='ltr'>legatis</span> <span class='ocrx_word' id='word_1_284' title='bbox 382 3303 413 3358; x_wconf 90' lang='lat' dir='ltr'>et</span> <span class='ocrx_word' id='word_1_285' title='bbox 427 3296 466 3357; x_wconf 88' lang='lat' dir='ltr'>de</span> <span class='ocrx_word' id='word_1_286' title='bbox 477 3310 556 3371; x_wconf 88' lang='lat' dir='ltr'>pace</span> <span class='ocrx_word' id='word_1_287' title='bbox 570 3311 607 3355; x_wconf 90' lang='lat' dir='ltr'>ac</span> <span class='ocrx_word' id='word_1_288' title='bbox 621 3297 778 3357; x_wconf 89' lang='lat' dir='ltr'>deditione</span> <span class='ocrx_word' id='word_1_289' title='bbox 789 3296 960 3370; x_wconf 89' lang='lat' dir='ltr'>loquantur,</span> <span class='ocrx_word' id='word_1_290' title='bbox 975 3307 1038 3351; x_wconf 90' lang='lat' dir='ltr'>me-</span> 
     </span>
     <span class='ocr_line' id='line_1_38' title="bbox 55 3377 1038 3460; baseline -0.012 -12"><span class='ocrx_word' id='word_1_291' title='bbox 55 3386 195 3460; x_wconf 82' lang='lat' dir='ltr'>ninisse,</span> <span class='ocrx_word' id='word_1_292' title='bbox 210 3397 269 3444; x_wconf 83' lang='lat' dir='ltr'>nec</span> <span class='ocrx_word' id='word_1_293' title='bbox 284 3381 358 3460; x_wconf 89' lang='lat' dir='ltr'>quid</span> <span class='ocrx_word' id='word_1_294' title='bbox 374 3378 481 3444; x_wconf 85' lang='lat' dir='ltr'>lactari</span> <span class='ocrx_word' id='word_1_295' title='bbox 495 3379 614 3453; x_wconf 82' lang='lat' dir='ltr'>luerint,</span> <span class='ocrx_word' id='word_1_296' title='bbox 630 3380 657 3440; x_wconf 90' lang='lat' dir='ltr'>si</span> <span class='ocrx_word' id='word_1_297' title='bbox 670 3381 827 3440; x_wconf 89' lang='lat' dir='ltr'>Romanos</span> <span class='ocrx_word' id='word_1_298' title='bbox 842 3377 872 3436; x_wconf 92' lang='lat' dir='ltr'>in</span> <span class='ocrx_word' id='word_1_299' title='bbox 887 3380 1038 3452; x_wconf 83' lang='lat' dir='ltr'>potestate</span> 
     </span>
     <span class='ocr_line' id='line_1_39' title="bbox 56 3457 1036 3576; baseline -0.015 -45"><span class='ocrx_word' id='word_1_300' title='bbox 56 3468 250 3536; x_wconf 81' lang='lat' dir='ltr'>habuissent,</span> <span class='ocrx_word' id='word_1_301' title='bbox 264 3481 322 3526; x_wconf 89' lang='lat' dir='ltr'>neo</span> <span class='ocrx_word' id='word_1_302' title='bbox 338 3464 413 3542; x_wconf 92' lang='lat' dir='ltr'>quid</span> <span class='ocrx_word' id='word_1_303' title='bbox 426 3462 503 3540; x_wconf 89' lang='lat' dir='ltr'>ipsis</span> <span class='ocrx_word' id='word_1_304' title='bbox 519 3462 696 3538; x_wconf 91' lang='lat' dir='ltr'>patiendum</span> <span class='ocrx_word' id='word_1_305' title='bbox 710 3461 759 3524; x_wconf 91' lang='lat' dir='ltr'>sit.</span> <span class='ocrx_word' id='word_1_306' title='bbox 791 3457 887 3576; x_wconf 68' lang='lat' dir='ltr'>„quid</span> <span class='ocrx_word' id='word_1_307' title='bbox 900 3463 979 3518; x_wconf 86' lang='lat' dir='ltr'>vos“</span> <span class='ocrx_word' id='word_1_308' title='bbox 994 3457 1036 3516; x_wconf 90' lang='lat' dir='ltr'>ln-</span> 
     </span>
    </p>
   </div>
   <div class='ocr_carea' id='block_1_6' title="bbox 0 0 1224 3892">
    <p class='ocr_par' dir='ltr' id='par_1_6' title="bbox 0 0 1224 3892">
     <span class='ocr_line' id='line_1_40' title="bbox 0 0 1224 3892; baseline 0 0"><span class='ocrx_word' id='word_1_309' title='bbox 0 0 1224 3892; x_wconf 95' lang='lat' dir='ltr'> </span> 
     </span>
    </p>
   </div>
  </div>
 </body>
</html>
