2434 3902
235 203 351 263 ursan
365 202 500 262 xxxtu
525 204 610 264 cna
625 214 669 266 ns.
693 207 764 284 [xc
766 209 849 287 noc]
967 210 1031 275 ate

34 367 149 414 omnes
165 352 328 424 auderent,
351 353 452 413 minus
474 347 607 430 insignia
622 356 688 416 lore
704 373 784 434 quae
798 359 859 435 ipsi
874 333 1029 425 fecissent.

32 434 134 498 XXV.
168 451 237 495 cum
262 436 340 498 alios
366 437 499 498 subinde
523 447 663 500 recentes
689 443 812 503 nuntios
837 461 900 506 non
925 451 1030 510 mortis

33 522 135 583 modo
151 521 208 596 sed
224 521 314 581 etiarn
326 522 443 582 funeris
458 531 681 600 exspectarent,
700 543 801 620 aeque
818 531 1031 605 superveniret

34 607 218 684 quisquam,
233 612 517 704 evanesceretquet
518 623 620 669 emere
635 617 720 671 ortus
735 629 847 687 rumor,
863 621 927 675 turn
941 617 1030 692 primi

31 696 185 768 auctores
200 691 315 768 requiri
329 691 440 768 coepti.
463 699 493 774 et
507 693 704 755 'subtrahente
719 712 754 756 se
770 714 905 775 quoque,
921 707 954 762 ut
965 716 1030 762 cre-

33 777 161 838 didisse
172 775 288 858 potius
288 783 402 837 temere
418 771 510 854 quarn
522 777 652 839 linxisse
666 796 730 840 rem
741 783 832 843 talem
848 783 942 844 videri
957 803 1028 882 pos

33 869 93 938 set,
113 863 249 922 destituti
265 861 384 922 duces
376 878 436 921 ram
451 879 508 922 sua
523 863 584 939 ipsi
598 863 731 939 insignia
745 873 775 925 et
790 882 846 944 pro
862 885 942 928 vana
956 870 1026 931 ima
1072 931 1074 936 ,

32 946 109 1022 gine
125 946 255 1022 imperii,
279 947 365 1022 quod
379 954 530 1024 gererent,
551 964 658 1008 veram
673 950 846 1027 iustamque
860 968 934 1013 mox
949 953 979 1014 in
995 971 1031 1016 se

32 1047 265 1116 versurampo
268 1037 407 1093 testatem
432 1031 606 1094 horrebant.
642 1041 784 1110 stupente
811 1035 852 1095 ita
878 1037 1030 1099 seditione

32 1115 231 1192 cum'vivere
245 1117 359 1193 primo,
381 1133 454 1178 mox
474 1117 565 1178 etiam
579 1119 682 1178 valere
697 1115 874 1196 Scipionem
889 1123 963 1182 certi
977 1139 1029 1184 au·

33 1208 141 1264 ctores
169 1201 338 1276 adferrent,
366 1202 477 1264 tribuni
499 1203 764 1280 militumseptern
785 1205 872 1268 missi
899 1205 937 1265 ab
960 1207 1030 1282 ipso

34 1286 187 1364 Scipione
208 1293 287 1350 sunl.
323 1285 362 1347 ad
378 1303 507 1368 quorum
522 1287 652 1364 primum
668 1287 832 1349 adventurn
854 1293 1027 1368 exasperati

34 1372 147 1446 animi,
171 1387 243 1430 mox
262 1371 338 1447 ipsis
353 1373 476 1456 placido
496 1389 637 1433 sermone
651 1373 911 1450 permulcentibus
927 1382 1027 1450 notos,

35 1473 108 1518 cum
136 1455 248 1534 quibus
273 1457 434 1554 congressi
460 1457 560 1531 erant,
584 1457 667 1519 leniti
688 1467 768 1519 sunt.
805 1459 1029 1521 circumeuntes

35 1542 120 1602 enim
134 1540 266 1601 tentoria
281 1541 576 1618 primo,deinde1n
592 1540 766 1620 principiis,
789 1544 954 1621 praetoria,
978 1545 1028 1606 ubi

33 1641 200 1708 sermones
214 1627 301 1708 inter
308 1642 343 1686 se
359 1627 525 1688 serentium
540 1628 673 1689 circulos
690 1628 857 1703 vidissent,
879 1630 1027 1706 adloque-

37 1711 152 1770 bantur
171 1703 406 1802 percunctantes
428 1713 539 1788 magis,
555 1729 642 1790 quae
658 1729 753 1775 causa
772 1715 836 1774 irae
852 1723 1027 1779 consterna-

37 1793 208 1880 lionisque
217 1795 336 1856 subitae
352 1796 446 1871 ioret,
469 1813 560 1872 quam
576 1798 689 1859 iactum
705 1803 899 1862 accusantes.
929 1800 1031 1875 vulgo

35 1873 235 1957 stipendium
241 1896 303 1941 non
317 1873 420 1942 datum
434 1882 474 1940 ad
490 1881 570 1942 diem
585 1883 763 1957 iactabatur,
780 1891 817 1957 et,
835 1899 903 1943 cum
919 1885 1029 1944 eodem

36 1972 188 2043 tempore,
206 1981 267 2042 quo
283 1966 387 2026 scelus
402 1963 655 2040 Iliturgitanorum
671 1967 849 2041 exstitisset,
865 1975 938 2043 post
953 1968 1029 2028 duo-

34 2068 105 2112 rum
114 2050 332 2128 imperatorum
344 2051 537 2128 duorumque
552 2051 738 2112 exercituum
753 2057 887 2126 stragem
902 2067 959 2112 sua
972 2052 1029 2109 vir·

36 2143 103 2197 tute
119 2135 285 2197 defensum
300 2150 411 2196 nomen
425 2137 597 2205 Romanum
619 2151 655 2195 ac
671 2142 788 2196 retenta
805 2133 965 2213 provincia
981 2151 1029 2194 es·

35 2227 100 2294 set,
129 2219 337 2294 Iliturgitanos
358 2235 493 2296 poenam
514 2235 616 2279 noxae
642 2219 779 2280 meritam
800 2219 930 2295 habere,
963 2221 1032 2280 suis

34 2313 123 2366 recte
146 2304 234 2369 iactis
249 2303 377 2380 gratiam
392 2305 444 2380 qui
460 2305 601 2364 exsolvat
615 2320 676 2365 non
686 2369 689 2378 ,
699 2320 780 2364 esse.
812 2303 884 2367 talia
899 2320 1029 2380 queren-

36 2395 85 2452 tes
109 2388 212 2466 aequa
234 2406 337 2464 orare,
361 2405 462 2466 seque
473 2404 510 2448 ea
524 2389 676 2458 relaturos
692 2389 732 2449 ad
750 2389 967 2464 imperatorem
982 2405 1028 2448 re-

34 2473 253 2552 spondeb'aut3
281 2475 388 2534 laetari
411 2473 496 2550 quod
516 2473 590 2533 nihil
611 2471 728 2540 tristius
749 2488 806 2533 nec
827 2472 1031 2534 insanabilius

34 2563 140 2634 esset,
160 2557 236 2618 etP.
251 2558 428 2634 Scipionem
451 2560 542 2619 deum
563 2555 748 2632 benignitate
770 2557 864 2618 atrei
886 2555 1030 2634 publicae

35 2660 111 2706 esse
126 2643 245 2734 gratiae
259 2643 451 2704 referendae.
492 2641 669 2720 Scipionem
681 2643 771 2704 bellis
787 2619 964 2728 adsuetum,
989 2643 1027 2706 ad

34 2725 226 2810 seditionum
238 2729 400 2818 procellas
423 2725 545 2802 rudem,
570 2727 733 2789 sollicitum
752 2712 887 2792 habebat
900 2743 968 2804 res,
990 2743 1030 2787 ne

35 2821 91 2876 aut
114 2793 268 2888 exereitus
291 2807 450 2890 peccando
466 2813 603 2888 autipse
617 2801 775 2890 puniendo
790 2813 917 2873 modum
939 2827 1030 2872 exce-

35 2900 137 2967 deret.
169 2896 399 2974 inpraesentia,
420 2897 638 2973 utcoepisset,
662 2894 978 2973 leniteranglactrit3
1001 2903 1031 2957 et

34 2983 144 3044 missis
168 2983 250 3044 circa
266 2982 487 3074 stipendiarias
504 2981 643 3042 civitates
665 2981 861 3043 exactoribus
884 2981 1029 3056 stipendii

34 3085 128 3145 spem
150 3051 358 3148 propin'quam
379 3068 489 3131 lacere
523 3067 657 3131 edictum
679 3067 811 3127 subinde
824 3066 1028 3143 propositum,

34 3162 69 3214 ut
84 3154 126 3214 ad
132 3151 326 3230 stipendium
342 3153 508 3249 petendum
524 3151 725 3215 convenirent
736 3149 957 3224 Carthaginem,
974 3165 1030 3212 seu

35 3239 167 3316 carptim
183 3244 288 3319 parles
304 3243 361 3298 se'u
374 3236 511 3299 universi
526 3233 659 3297 mallent.
682 3235 888 3332 tranquillam
903 3233 992 3296 sedit
973 3240 1029 3293 t1-o

35 3340 107 3384 nern
129 3338 187 3401 per
207 3337 243 3382 se
264 3323 514 3398 languescentem
534 3323 695 3420 repentina
711 3321 798 3396 quies
819 3317 1030 3380 rebellantium

35 3408 246 3484 Hispanorum
264 3407 343 3468 lecit.
366 3407 521 3468 redierant
536 3408 616 3467 enim
631 3407 661 3467 in
676 3406 755 3467 fines
773 3404 890 3472 omisso
906 3401 1029 3480 incepto

37 3492 224 3553 Mandonius
247 3499 276 3552 et
291 3491 452 3567 Indebilis,
476 3499 643 3568 postquam
656 3489 763 3550 vivere
780 3487 955 3564 Scipionem
976 3486 1029 3547 ad·
