2448 3900
180 215 243 284 mo
342 217 458 280 LIBER
472 217 605 280 xxvltt.
630 218 713 280 cnr.
727 226 772 282 m.
795 223 830 292 [ι.
843 223 877 275 ιι.
890 224 990 291 0.st

180 387 249 436 euru
263 379 314 434 tuo
330 369 546 444 exercitusque
562 369 604 430 tui
618 369 774 446 praesidio
789 369 934 431 nudatam
943 369 1067 430 ltaliam
1082 370 1154 430 vide-

179 457 253 532 rint,
273 457 352 518 ultro
372 453 434 530 ipsi
448 469 563 516 nevum
579 453 746 516 exercitum
761 455 792 514 in
805 453 922 516 Italiam
936 461 988 514 aut
1002 469 1047 514 ex
1062 454 1158 514 Africa

179 540 330 614 miserint,
352 547 405 600 aut
419 538 597 613 Magonem,
620 553 712 614 quem
726 554 746 598 a
759 537 930 599 Baliaribus
946 540 1055 598 classe
1068 547 1158 600 uuus·

179 625 275 686 misso
294 624 354 684 iam
367 627 489 698 praeter
504 637 588 683 oram
601 622 747 697 Ligurum
760 622 945 698 Alpinorum
958 623 1080 684 vectari
1095 637 1160 682 con-

179 714 248 783 stat,
263 706 425 768 Hannibali
440 720 476 766 se
489 705 677 782 coniungere
692 705 858 768 iusserintt
878 721 990 781 nempe
1005 706 1040 766 in
1057 707 1158 768 eodem

179 801 296 854 terrore
314 791 442 866 erimus,
463 791 494 850 in
518 805 579 866 quo
595 805 695 866 nuper
707 790 834 865 luimus,
857 807 924 851 cum
939 791 1121 852 Hasdrubal
1135 793 1159 850 in

179 876 294 940 ltaliam
310 875 514 945 bauscendim
537 889 629 950 quem
640 882 680 949 tu,
696 875 749 950 qui
761 891 823 936 non
834 877 935 938 solum
948 875 1160 949 Carthaginem

180 961 236 1022 sed
251 975 372 1021 omnem
382 959 517 1020 Africam
533 959 670 1020 exercitu
683 965 736 1020 tuo
750 975 785 1021 es
800 960 972 1033 clausurus,
990 960 1159 1020 crunnibus

180 1045 239 1106 luis
254 1045 284 1104 in
299 1042 414 1104 ltaliam
428 1042 565 1103 emisisti.
588 1041 699 1104 victum
713 1061 733 1104 a
747 1051 776 1104 te
790 1043 891 1106 dices=
913 1059 951 1106 ec
967 1043 1100 1118 quidem
1113 1044 1159 1102 mi·

178 1145 237 1190 nus
257 1129 382 1202 vellem,
403 1134 434 1188 et
448 1124 479 1187 id
494 1134 545 1187 tua
560 1143 621 1187 non
637 1127 681 1187 rei
696 1127 837 1202 publicae
852 1129 953 1190 solum
968 1143 1088 1203 causa,
1108 1129 1157 1188 iter

179 1214 283 1274 datum
297 1212 377 1273 victo
392 1211 423 1271 in
437 1211 553 1272 Italiam
568 1226 649 1272 esse.
672 1217 850 1287 paterenos
866 1212 976 1286 omnin,
993 1228 1081 1288 quae
1097 1229 1159 1287 pro-

178 1313 271 1374 spera
283 1297 337 1358 tibi
352 1312 389 1358 ac
404 1295 511 1371 populi
524 1296 654 1356 Romani
668 1296 796 1372 imperio
808 1312 949 1372 evenere,
963 1303 1018 1357 tuo
1033 1297 1159 1358 consilio

178 1383 351 1457 adsignare,
366 1380 499 1442 adversa
514 1379 637 1441 casibus
652 1380 775 1462 incertis
789 1381 861 1442 belli
874 1387 904 1441 et
918 1382 1067 1442 lortunae
1082 1382 1156 1441 dele·

178 1481 251 1542 gare
261 1486 319 1520 —z
342 1481 404 1540 quo
424 1464 531 1525 melior
544 1464 714 1540 fortiorque
729 1481 779 1540 cs,
801 1480 838 1526 eo
854 1466 1063 1540 magistatem
1078 1481 1158 1541 prae-

178 1550 276 1612 sidem
291 1548 350 1609 sibi
364 1549 462 1624 patria
477 1554 569 1624 atque
585 1550 730 1610 universa
743 1549 828 1610 ltalia
841 1549 957 1611 relinet.
992 1565 1058 1612 uon
1074 1557 1158 1626 potes

179 1649 217 1694 ne
238 1634 306 1708 ipse
328 1632 450 1706 quidem
472 1632 679 1706 dissimulare,
700 1633 753 1694 ubi
765 1633 916 1694 Hannibal
930 1634 985 1708 sit,
1008 1633 1053 1695 ibi
1072 1643 1159 1708 caput

178 1726 271 1793 atque
290 1731 393 1776 arcem
414 1715 506 1778 buius
525 1717 596 1777 belli
617 1733 703 1791 esse,
726 1711 842 1794 qiuppa
864 1717 915 1792 qui
937 1734 1015 1794 prae
1033 1725 1066 1778 te
1081 1719 1157 1780 ieras

178 1817 246 1862 eam
266 1799 320 1862 tibi
342 1815 468 1861 causum
482 1801 641 1862 traiciendi
655 1802 686 1862 in
699 1802 835 1862 Africam
849 1815 936 1875 esse,
958 1809 992 1864 ul
1005 1802 1157 1880 Hanniba·

178 1888 236 1947 lem
251 1901 289 1948 eo
301 1884 420 1946 dobosa
442 1885 509 1946 sive
520 1884 570 1948 bic
584 1885 676 1961 igitur
689 1886 756 1948 sive
766 1885 836 1960 illic,
851 1899 921 1946 cum
931 1886 1107 1947 Hannibale
1117 1893 1157 1946 est
1199 1909 1200 1913 ¹

178 1970 231 2033 tibi
251 1972 353 2032 lutura
366 1987 427 2030 res.
463 1976 564 2034 ulrum
578 1971 701 2031 tandem
715 1985 788 2046 ergo
803 1969 919 2031 flrnnior
932 1969 995 2031 cris
1010 1969 1043 2030 in
1058 1971 1157 2030 Africa

178 2056 279 2127 solus,
303 2070 341 2115 an
356 2055 406 2115 hic
421 2061 472 2116 tuo
489 2056 689 2130 collegaeque
704 2055 746 2116 lui
760 2054 898 2115 exercitu
913 2054 1104 2116 coniunctot
1123 2069 1157 2114 ne

160 2140 322 2201 ·claudius
338 2139 463 2214 quidem
477 2144 507 2199 et
520 2138 624 2200 [iulus
640 2140 784 2202 consules
799 2145 860 2199 tom
873 2138 989 2200 recenti
1004 2139 1154 2214 exemplo,

178 2231 324 2302 quantum
338 2223 370 2284 id
383 2222 509 2298 intersit,
525 2224 710 2286 documento
725 2229 817 2288 sunit
838 2222 933 2298 quidl
953 2223 1154 2283 Hannibalem

177 2316 277 2372 utrum
292 2309 415 2370 tandem
428 2314 584 2369 exuemus
598 2311 729 2384 angulus
744 2307 810 2384 agri
822 2306 946 2380 Bruttii,
968 2307 1086 2370 frustra
1100 2307 1153 2366 inu

178 2395 230 2456 diu
251 2400 430 2469 poscentem
444 2391 483 2452 ab
505 2391 597 2454 domo
613 2393 740 2467 auxilia,
763 2408 802 2454 nn
817 2391 993 2467 propinqua
1007 2391 1153 2465 carmago

177 2485 207 2540 et
230 2485 294 2540 tota
318 2478 405 2539 socia
425 2475 530 2536 Africa
550 2477 753 2552 potentiorem
774 2475 866 2536 arnus
887 2475 1025 2551 virisque
1047 2474 1153 2536 laciett

178 2564 262 2638 quod
285 2563 367 2623 istud
388 2561 548 2622 consilinm
568 2569 616 2622 est
635 2562 677 2622 ibi
697 2562 787 2622 nuntie
807 2561 989 2632 decernere,
1013 2559 1066 2620 ubi
1088 2566 1152 2620 tuae

176 2646 301 2706 dimidio
326 2646 462 2706 minores
491 2645 699 2722 conteeant,
728 2645 860 2706 hostium
888 2645 981 2704 multo
1010 2644 1149 2716 maiores,

178 2745 270 2805 quarn
291 2729 344 2789 ubi
359 2728 481 2790 duobus
497 2729 681 2791 exercitibus
695 2731 846 2792 adversus
861 2745 954 2790 unum
971 2734 1017 2789 tot
1029 2728 1150 2803 proeliis

177 2820 207 2875 et
220 2813 281 2873 ianr
295 2813 437 2874 diuturna
451 2819 482 2874 cl
501 2814 588 2888 gravi
612 2811 716 2874 militia
744 2814 864 2875 lassum
882 2812 1081 2888 pugnandum
1097 2811 1151 2870 sill

177 2913 269 2973 quam
293 2913 419 2974 conrpnr
443 2897 603 2958 consilium
629 2905 713 2958 tuunr
735 2897 870 2974 parentis
892 2897 935 2958 tui
956 2895 1085 2958 consilio
1106 2895 1148 2966 sit,

175 2989 292 3058 repule.
325 2983 375 3044 ille
390 2983 498 3044 consul
513 2983 671 3058 proiectus
686 2983 716 3043 in
731 2982 926 3059 Hispaniam,
946 2988 981 3044 ut
993 2977 1148 3042 Hannibali

110 3109 123 3138 .
175 3067 213 3128 ab
228 3067 359 3142 Alpibus
375 3065 574 3128 descendenti
591 3073 779 3142 occurreret,
800 3067 831 3128 in
844 3066 962 3128 ltaliam
976 3081 1017 3126 ex
1031 3063 1146 3140 provin·

175 3151 223 3211 eia
242 3152 344 3212 rediit=
372 3159 419 3224 tu,
442 3167 510 3212 cum
524 3150 675 3212 Hannibal
689 3153 720 3213 in
734 3151 819 3212 Italia
833 3151 887 3225 sit,
908 3150 1081 3225 relinquere
1095 3148 1146 3206 Ita·

175 3234 246 3293 liam
265 3251 373 3310 paras,
393 3251 455 3296 non
477 3235 548 3310 quia
567 3235 611 3294 rei
632 3236 773 3310 publicae
786 3235 818 3296 id
832 3235 920 3308 utile,
942 3235 1001 3296 sed
1015 3234 1085 3310 quia
1099 3228 1145 3291 tibi

176 3319 309 3390 nrnplum
323 3324 354 3378 el
367 3319 536 3392 gloriosum
550 3335 660 3380 censes
675 3335 756 3394 esse,
772 3319 852 3380 sicut
866 3334 936 3380 cum
949 3317 1106 3394 provincia
1119 3321 1145 3374 et

176 3401 313 3460 exercitu
332 3401 438 3462 relicto
460 3403 527 3462 sine
547 3405 630 3477 lege,
653 3403 720 3462 sine
735 3409 859 3463 senatus
876 3403 1017 3464 consulto
1033 3399 1143 3463 duabus

174 3482 305 3541 navibus
326 3485 432 3558 populi
447 3485 576 3545 Romani
597 3485 762 3561 imperator
782 3487 934 3548 fortunam
954 3487 1143 3563 publicamet
