2448 3900
160 199 226 263 ³34
323 197 439 258 LIBER
452 194 542 256 XXX.
566 194 649 256 cAl’.
666 203 708 260 12
724 202 764 256 te
787 199 824 268 [a.
837 197 872 253 U.
884 197 982 264 abab]

123 415 127 424 ,
163 370 230 416 rum
243 353 274 414 ln
283 352 437 412 Venerem
452 363 613 424 praeceps,
629 361 734 407 amore
748 346 890 421 captivae
903 346 1003 408 victor
1018 353 1155 422 captust

163 437 236 500 data
249 435 358 496 dextra
371 433 402 494 in
417 433 448 493 id
464 433 548 510 quod
563 431 724 508 petebatur
738 429 923 506 obligandae
937 429 1029 503 lidei,
1053 429 1089 489 ia
1106 444 1157 488 re·

162 522 243 597 giam
264 516 414 581 concedit
450 525 510 578 lum
526 532 595 577 vero
607 522 749 592 reputare
763 529 869 576 secum
884 515 967 590 ipse,
997 528 1100 590 quem
1117 512 1160 573 ad

163 605 287 665 modum
309 600 453 676 promissi
473 600 566 661 fldem
587 605 767 675 praestaret.
800 598 885 674 quod
906 614 978 659 cum
994 597 1159 672 expedire

163 703 224 748 non
245 691 367 760 posset,
389 684 428 744 ab
449 698 554 745 arnore
573 683 765 744 temerarium
786 690 878 757 alque
897 681 1072 758 impudens
1086 697 1160 740 mu·

164 776 264 831 luatur
285 766 461 828 consiliuma
489 766 611 842 nuptias
632 766 662 826 in
683 782 753 828 enm
767 768 869 842 lpsum
883 765 963 826 dem
979 764 1092 842 parari
1109 779 1159 824 re

163 858 255 931 pente
279 849 376 926 iubet,
401 866 441 911 ne
462 849 537 926 quid
555 849 742 925 relinqueret
762 851 870 925 integri
890 856 943 911 aut
965 849 1080 909 Laelio
1105 853 1163 909 aul

163 937 223 1013 ipsi
244 934 382 1012 Scipioni
401 934 581 996 consulendi
604 933 734 994 velutin
756 935 923 1010 captivam,
948 949 1035 1009 quae
1057 931 1159 992 Masi·

162 1020 268 1082 nissae
282 1019 342 1080 iam
356 1024 450 1094 nupta
464 1019 551 1078 loret.
588 1017 675 1079 iactis
690 1017 804 1093 nuptiis
818 1017 1000 1093 supervenit
1013 1017 1160 1088 Laelius,

163 1110 194 1165 et
208 1105 286 1164 adeo
308 1117 370 1162 non
392 1101 594 1162 dissimulavit
607 1101 780 1176 improbare
795 1117 831 1162 sc
846 1103 974 1177 iactuum,
998 1107 1035 1162 ιιι
1051 1101 1159 1177 primo

163 1187 252 1250 etiam
266 1201 336 1247 cum
352 1185 497 1265 Syphace
511 1193 541 1245 et
556 1185 665 1245 celeris
681 1185 810 1260 captivis
827 1185 997 1246 detractam
1011 1200 1088 1244 eam
1103 1201 1158 1259 ge-

162 1271 234 1332 niali
247 1270 364 1331 mittere
377 1270 420 1330 ad
429 1267 606 1345 Scipionem
620 1276 748 1330 conatus
764 1269 814 1330 sit
837 1270 935 1330 motus
948 1268 1070 1329 deinde
1082 1283 1154 1344 pre

163 1355 250 1416 cibus
264 1353 448 1415 Masinissae
463 1353 587 1427 orontis,
602 1359 637 1415 ιιι
649 1353 813 1429 arbitrium,
828 1352 925 1413 utrius
941 1367 1058 1427 regum
1074 1353 1156 1412 duo-

162 1455 229 1500 rum
253 1437 394 1500 fortunae
418 1437 558 1498 accessio
580 1435 760 1512 Sophoniba
779 1443 878 1510 esset,
903 1435 944 1496 ad
966 1435 1155 1512 Scipionem

160 1521 305 1593 reicerct,
325 1520 422 1582 misso
437 1519 583 1598 Syphace
603 1527 633 1581 ct
648 1520 776 1595 captivis
798 1526 916 1581 ceteras
932 1513 1030 1580 ur'bcs
1046 1520 1163 1580 Numi·

162 1604 247 1678 diae,
268 1618 349 1679 quae
369 1604 532 1679 praesidiis
549 1604 641 1679 regiis
656 1604 850 1680 tenebantur,
871 1603 1041 1664 adiuvante
1056 1604 1154 1663 hiasi-

163 1687 247 1748 nissa
260 1687 377 1763 recipit

245 1769 323 1830 xlii.
345 1769 521 1848 Syphacem
541 1770 571 1830 in
593 1777 694 1831 castre
714 1769 825 1830 adduci
840 1785 908 1830 cum
924 1776 1010 1831 esset
1025 1771 1154 1831 nuntia·

161 1863 233 1925 tum,
243 1852 342 1915 omnis
353 1853 481 1916 velutad
493 1855 703 1930 spectaculum
712 1853 856 1928 triumphi
867 1853 1031 1915 mmtitudo
1044 1852 1155 1914 effusa

161 1944 218 1998 est.
245 1936 451 2012 praecedebat
463 1937 532 2013 ipse
545 1938 682 2008 vinctus,
704 1937 890 2014 sequebatur
903 1953 981 2012 grex
994 1936 1153 1998 nobilium

161 2021 367 2082 Numidarum.
402 2028 480 2094 tum,
504 2029 650 2096 quantum
671 2020 804 2098 quisque
824 2020 988 2096 plurimum
1009 2028 1152 2096 poterat,

161 2103 359 2179 magnitudini
374 2102 544 2182 Syphacis,
566 2104 665 2164 lamae
685 2105 784 2180 gentis
804 2103 961 2167 victoriam
983 2121 1077 2165 suam
1094 2121 1150 2164 au-

161 2188 262 2263 gendo
278 2187 425 2248 addebam
444 2189 526 2248 illum
542 2203 614 2249 esse
627 2203 741 2264 regern,
759 2188 846 2249 cuius
860 2194 977 2249 tantum
988 2188 1149 2248 maiestati

162 2272 224 2333 duo
240 2272 442 2348 potentissimi
457 2273 487 2331 in
501 2271 589 2333 terris
601 2271 759 2333 tribuerint
769 2272 885 2347 populi
896 2270 1058 2333 Romanus
1072 2272 1149 2332 car-

160 2355 436 2432 thaginiensisque‚
457 2363 490 2416 ut
510 2355 614 2432 Scipio
634 2355 800 2431 imperator
820 2372 896 2417 suus
918 2355 959 2416 ad
978 2354 1149 2415 amicitiam
1208 2396 1209 2413 ι

161 2438 227 2500 eius
252 2438 428 2514 petendam,
454 2439 559 2500 relicta
584 2439 743 2515 provincia
761 2438 909 2516 hispania
929 2439 1148 2514 exercituque,

161 2523 280 2584 duabus
296 2523 565 2598 quinqueremibus
579 2523 610 2584 in
624 2523 761 2584 Africam
775 2521 979 2598 navigaverit,
998 2521 1145 2582 Hasdru·
1207 2513 1208 2535 ¹

160 2605 210 2665 hal
221 2603 393 2666 Poenorum
404 2606 567 2681 imperator
578 2623 640 2669 non
652 2607 721 2682 ipsa
732 2606 824 2668 modo
837 2607 877 2666 ad
888 2622 958 2666 eum
969 2606 999 2666 in
1010 2621 1145 2681 regnum
1206 2599 1207 2657 l

160 2689 284 2760 venerit,
300 2688 358 2747 sed
371 2689 461 2748 etiam
474 2689 567 2750 filiam
578 2689 607 2751 ei
621 2697 748 2766 nuptum
760 2690 887 2751 dederit.
909 2689 1060 2750 habuisse
1072 2704 1144 2749 eum
1205 2709 1206 2779 l

58 2805 62 2814 ·
146 2787 223 2833 ·uno
237 2777 375 2844 tempore
390 2771 420 2831 in
435 2779 587 2848 potestate
602 2775 681 2835 duos
695 2774 911 2850 imperatores,
926 2773 1066 2834 Poenum
1080 2773 1142 2832 Ro·

160 2869 353 2929 manumque.
388 2855 468 2918 sicut
490 2857 529 2916 ab
551 2858 599 2918 dis
616 2857 833 2919 immortalibus
851 2873 924 2932 pars
939 2867 1071 2933 utraque
1086 2855 1142 2916 ho·
1202 2807 1205 2902 X

159 2937 226 3001 stiis
242 2939 410 3001 mactandis
427 2956 535 3015 pacem
547 2942 683 3016 petisset,
700 2942 741 3002 ita
756 2941 793 3000 ab
808 2955 846 3001 eo
859 2941 1013 3016 utrimque
1026 2939 1142 3016 pariter

159 3022 321 3084 amicitiam
338 3022 470 3098 petitam.
499 3023 559 3084 iam
572 3031 671 3086 mutas
686 3025 832 3084 habuisse
847 3040 933 3099 opes,
949 3031 982 3085 ut
995 3023 1140 3083 Masinis-

159 3123 226 3168 sam
240 3122 336 3183 regno
356 3108 477 3182 pulsum
493 3123 530 3170 eo
545 3109 711 3185 redegerit,
732 3114 765 3169 ut
778 3109 841 3168 vita
855 3107 921 3168 eius
937 3109 1019 3167 lama
1032 3107 1138 3168 mortis

159 3196 190 3250 et
203 3191 342 3264 latebris,
365 3192 495 3250 leramm
514 3193 607 3252 modo
627 3192 658 3252 in
672 3192 758 3252 silvis
778 3199 867 3267 rapto
883 3191 1032 3263 viventis,
1053 3198 1138 3265 tege·

159 3277 250 3331 retur.
286 3271 334 3333 his
356 3274 549 3335 sermonibus
570 3275 828 3336 circumstantium
848 3275 1022 3336 celebratus
1036 3289 1094 3333 rex
1108 3275 1137 3333 in

160 3353 344 3424 praetorium
359 3357 397 3416 ad
413 3355 588 3432 Scipionem
603 3363 651 3417 est
664 3358 841 3432 perductus.
863 3358 958 3418 movit
972 3365 1003 3418 et
1016 3357 1135 3433 Scipio·

161 3448 230 3491 nem
250 3449 319 3496 cum
339 3437 460 3498 iortmm
479 3439 606 3515 pristina
621 3440 676 3499 viri
691 3441 846 3516 praesenti
860 3443 1001 3504 lortunae
1015 3441 1136 3513 collata,
