2448 3900
174 251 235 322 ott
296 247 411 308 arnna
424 247 558 308 xxvrn.
582 245 664 310 cnr.
679 254 723 309 cr.
737 254 781 308 cs.
803 247 839 324 [ι.
852 253 888 309 u.
903 248 1004 324 cnr]

171 408 282 466 nortem
303 407 364 460 turn
385 398 570 474 longinquae
585 397 763 473 provinciae
777 411 838 457 non
852 397 945 456 venit.
980 397 1005 456 si
1029 396 1148 458 hercule

167 485 261 546 nihilo
283 483 430 543 maturius
451 481 512 541 hoc
534 496 595 557 quo
620 496 677 556 ego
699 496 811 541 censeo
833 480 926 541 modo
951 480 1150 556 perficeretur

167 569 297 642 bellum,
317 575 418 627 tomen
440 565 480 624 ad
503 563 677 640 dignitatem
697 565 805 640 populi
824 564 954 624 Romani
977 565 1149 641 famamque

168 653 252 728 apud
266 665 356 726 reges
371 657 541 725 gentesque
556 655 697 709 externas
712 647 890 724 pertinebat,
911 665 974 709 non
990 649 1033 708 ad
1049 648 1148 708 deicu-

167 735 301 796 dendum
327 733 419 794 modo
440 733 557 794 ltaliam
583 733 639 792 sed
663 733 704 792 ad
728 733 885 794 inferenda
910 734 1002 792 etiarn
1029 732 1149 792 Africae

167 833 251 878 arma
271 817 369 878 videri
389 815 479 877 nobis
501 817 633 876 animum
654 831 742 886 esse;
765 831 822 876 nec
836 816 895 875 hoc
910 817 996 876 credi
1018 817 1149 892 vulgari-

168 917 237 978 que,
259 901 343 978 quod
357 901 508 962 Hannibal
522 916 616 962 ausus
631 900 684 975 sit,
706 900 857 960 neminem
871 900 981 960 ducem
995 901 1149 961 Romano·

166 1003 232 1047 rum
248 987 377 1057 audere,
400 990 430 1044 ct
449 985 552 1060 priore
565 982 679 1045 Punico
698 983 780 1045 bello
800 991 878 1059 tum,
901 1001 970 1044 cum
992 985 1035 1044 de
1051 984 1151 1044 Sicilia

167 1075 347 1143 certaretur,
369 1068 480 1129 totiens
501 1067 636 1128 Africam
659 1068 697 1128 ab
718 1069 831 1128 nostris
852 1067 1106 1144 exercitibusque
1125 1075 1151 1128 et

168 1153 321 1216 classibus
336 1159 553 1228 oppugnatam,
569 1167 658 1224 nnnc,
675 1168 743 1211 curn
758 1151 799 1211 de
811 1153 897 1212 ltalia
915 1159 1059 1227 certetur,
1073 1152 1151 1212 Airi-

167 1254 233 1299 cam
249 1243 388 1314 pacatam
410 1251 492 1296 esse.
522 1237 697 1312 requiescat
714 1236 879 1312 aliquando
895 1243 1006 1296 vexata
1020 1243 1087 1296 tam
1103 1236 1150 1296 din

166 1321 266 1397 ltalia,
287 1327 391 1383 uratur
410 1325 627 1395 evasteturque
647 1320 678 1379 in
697 1320 796 1380 vicem
817 1320 936 1391 Africa3
964 1327 1068 1380 castra
1091 1321 1150 1380 llo

166 1423 257 1466 nnana
270 1407 374 1483 potius
390 1403 580 1479 Carthaginis
594 1404 691 1480 portis
706 1403 889 1479 immineant,
913 1421 1005 1480 quarn
1021 1419 1083 1464 nos
1099 1403 1150 1463 ite·

166 1506 232 1552 rum
244 1489 498 1550 vallurnbostium
510 1504 549 1549 ex
558 1487 718 1548 moenibus
730 1488 844 1552 nostris
854 1487 1033 1558 videamus;
1045 1487 1151 1547 Africa

167 1574 206 1634 sit
217 1573 326 1649 reliqui
337 1572 408 1632 belli
419 1572 523 1645 sedes,
539 1571 609 1633 illuc
619 1578 717 1633 terror
726 1571 868 1648 fugaque,
885 1572 1046 1648 populatio
1060 1587 1151 1647 agro-

167 1673 242 1733 rum,
264 1657 396 1717 delectio
411 1657 574 1728 sociorum,
591 1663 710 1718 ceterae
724 1653 796 1716 belli
811 1655 925 1729 clades,
947 1655 1075 1732 quaein
1092 1671 1150 1717 nos

165 1757 223 1817 per
237 1739 479 1816 quattuordecim
494 1757 592 1802 annos
606 1740 791 1816 ingruomnt,
813 1747 979 1800 vertantur.
1013 1755 1097 1816 quae
1112 1741 1151 1800 ad

165 1839 229 1884 rem
244 1824 397 1901 publicam
412 1826 562 1900 pertinent
576 1830 606 1885 ot
619 1824 741 1900 bellum,
762 1824 846 1901 quod
861 1825 960 1895 instat,
977 1830 1007 1884 et
1021 1825 1150 1900 provin-

165 1909 238 1983 cias,
259 1909 298 1969 de
315 1909 425 1985 quibus
439 1909 545 1986 agitur,
566 1908 685 1988 dixisse
699 1908 774 1968 satis
788 1914 845 1969 est
876 1908 928 1968 illa
940 1908 1034 1990 longa
1048 1909 1151 1967 oratio

165 2009 222 2054 nec
242 1995 282 2054 ad
298 2009 354 2054 vos
369 1994 525 2070 pertinens
540 1992 595 2067 sit,
617 1992 659 2064 si,
684 2009 775 2068 quem
790 1993 830 2052 ad
844 1992 968 2052 modum
982 1990 1017 2064 Q.
1032 1991 1150 2051 Fabius

164 2093 315 2138 meceres
330 2084 434 2153 gestas
450 2078 480 2137 in
495 2077 643 2153 Hispania
657 2077 802 2150 elevavit,
825 2075 870 2136 sic
885 2091 943 2152 ego
959 2082 1066 2136 contra
1081 2076 1150 2151 glo·
1208 2081 1209 2132 t

164 2161 241 2221 riam
261 2162 327 2223 eius
349 2162 473 2223 eludere
493 2169 524 2222 et
537 2177 635 2222 meam
650 2161 753 2222 verbis
775 2159 922 2222 extollere
936 2159 1037 2219 velim.
1069 2175 1150 2221 neu·

164 2254 242 2306 trum
252 2246 371 2320 facium,
387 2252 490 2322 patres
501 2241 680 2322 conscripta
696 2253 734 2318 et,
751 2246 777 2306 si
789 2244 851 2304 nlla
864 2245 977 2318 aliare,
992 2243 1151 2305 modestia

165 2335 246 2390 certe
261 2337 291 2390 et
302 2331 500 2406 temperando
512 2331 633 2406 linguae
649 2330 832 2391 adolescens
847 2343 952 2389 senem
966 2327 1082 2388 vicero.
1105 2329 1151 2388 ita

165 2413 272 2474 etlei
293 2422 323 2475 et
336 2416 420 2490 gessi
440 2431 507 2492 res,
528 2423 563 2476 ut
575 2415 684 2476 tacitus
699 2430 737 2475 ea
750 2413 909 2490 opinione,
933 2429 1025 2488 quam
1037 2419 1149 2473 vestra

164 2505 274 2574 sponte
297 2505 476 2574 conceptam
496 2499 604 2560 animis
618 2497 787 2572 haberetis,
810 2497 900 2557 facile
915 2502 1077 2558 contentus
1094 2514 1148 2559 es·

164 2585 270 2642 sem“.'

246 2666 336 2726 XLV.
362 2667 462 2729 Minus
478 2669 585 2745 aequis
600 2668 707 2729 animis
725 2668 846 2730 auditus
862 2675 910 2729 est
926 2667 1045 2744 Scipio,
1070 2667 1147 2743 quie

162 2752 317 2826 vulgatum
339 2758 417 2825 erat,
438 2751 464 2812 si
479 2753 562 2828 apud
577 2760 714 2814 senatum
728 2767 790 2813 non
806 2751 1001 2824 obtinuisset,
1022 2757 1055 2812 ut
1069 2767 1147 2826 pro·

162 2835 263 2895 vincia
273 2835 378 2895 Africa
393 2835 451 2896 sibl
466 2835 689 2912 decerneretur,
711 2838 752 2898 ad
766 2838 913 2914 populum
929 2835 1084 2911 extemplo
1100 2835 1145 2894 la-

162 2924 270 2980 turum.
301 2919 404 2996 itaque
424 2919 458 2993 Q.
473 2919 615 2997 Ftrlvius,
637 2921 688 2997 qui
704 2921 812 2982 consul
829 2926 937 2996 quater
950 2921 1060 2991 irrorat,
1087 2934 1145 2995 po-

162 3003 285 3064 stulavit
295 3020 313 3064 a
324 3005 459 3078 consule,
471 3011 503 3064 nt
512 3006 612 3081 palam
623 3006 654 3066 in
665 3012 774 3067 senatu
782 3005 904 3081 diceret,
916 3004 1145 3080 permitteretne

161 3087 314 3164 patribus,
342 3093 374 3148 ut
395 3087 434 3148 de
454 3089 620 3166 prouinciis
641 3090 854 3163 decernerent,
887 3095 1084 3164 staturusque
1105 3103 1143 3146 co

161 3179 245 3233 esset
260 3172 343 3247 quod
359 3173 558 3248 censuissent,
575 3189 612 3233 an
626 3174 667 3234 ad
681 3175 830 3250 populum
844 3174 969 3234 laturus.
992 3187 1061 3234 cum
1077 3170 1142 3232 Sci·

161 3253 212 3328 pio
234 3255 462 3330 respondisset,
484 3274 519 3317 se
540 3257 623 3334 qnod
644 3273 662 3316 e
682 3273 715 3316 re
735 3253 861 3332 publica
877 3263 962 3317 esset
982 3257 1141 3329 iactrnum,

160 3341 223 3394 turn
236 3335 374 3398 Fulviusc
397 3355 478 3413 „non
500 3355 557 3415 ego
578 3341 710 3414 ignarus,
735 3340 808 3415 quid
822 3356 1031 3421 responsurus
1046 3341 1139 3400 iactu·

160 3431 254 3476 rusve
269 3433 366 3494 esses,
383 3421 530 3496 quaesivi,
552 3421 666 3498 quippe
680 3439 749 3483 curn
763 3439 838 3500 prae
850 3430 881 3483 te
896 3423 977 3483 ieras
993 3430 1141 3499 temptare

162 3502 193 3556 te
212 3499 310 3572 magis
333 3518 422 3575 quarn
444 3507 605 3565 consulere
620 3511 772 3580 senatum,
792 3513 822 3566 et
835 3507 866 3565 ni
882 3506 1074 3583 provinciam
1089 3504 1139 3566 tibi
