2466 3900
172 227 214 292 ao
317 227 433 290 nmen
447 227 554 288 xxiv.
577 227 719 290 clean
732 233 778 290 ss.
800 231 885 302 [au.
901 231 1000 299 0.an

173 386 341 441 mentorum
356 380 504 440 instructa
517 387 598 455 emt,
617 378 762 439 Hieronis
782 377 931 454 impensis
946 391 1083 452 curaque
1098 391 1156 454 per
1218 451 1219 460 ἵ

173 466 285 526 multos
306 481 420 539 annos,
439 463 634 524 Archimedis
654 463 746 523 unica
766 469 841 523 arte.
873 469 981 522 natura
994 461 1086 522 etiam
1101 460 1155 519 nd·
1218 465 1219 494 l

173 550 297 611 iuvabat
311 549 380 622 loci,
403 549 487 624 quod
502 564 620 623 saxum,
643 549 692 608 cui
706 547 852 622 imposita
865 546 942 605 nturi
956 545 1157 605 fundamenta

173 641 259 707 sunt,
280 649 392 708 magna
412 637 499 708 parte
520 632 561 692 ita
574 632 713 709 proclive
733 639 796 704 est,
818 637 928 691 utnon
942 629 1044 690 solum
1059 628 1156 689 missa

173 725 339 789 tomrento,
362 717 525 777 sedetiam
539 733 620 792 quae
635 716 773 793 pondere
787 731 846 776 suo
861 714 1026 790 provoluta
1039 721 1155 789 essent,

173 803 307 877 graviter
326 800 356 860 in
378 801 497 860 hostem
514 801 693 861 inciderent.
726 799 836 860 eadem
850 815 946 859 causa
966 799 1006 857 ad
1021 797 1157 858 subeun-

174 888 245 948 dum
260 886 389 946 arduum
403 886 518 946 aditum
537 883 774 960 instabilemque
788 885 962 959 ingressum
976 881 1157 957 praebebat.

171 972 214 1032 ila
227 971 356 1031 consilio
368 969 482 1043 babilo,
499 969 642 1045 quoniam
658 969 757 1030 omnis
772 977 902 1028 conatus
913 966 1047 1027 ludibrio
1062 975 1157 1040 esset,

171 1055 321 1116 absistere
346 1054 576 1130 oppugnatione
593 1062 686 1129 atque
711 1052 885 1112 obsidendo
906 1058 1020 1112 tantum
1048 1065 1158 1112 arcere

172 1139 404 1214 terminarique
419 1138 639 1199 commeatibus
654 1137 774 1199 hostem
787 1137 912 1212 placuit

255 1222 375 1284 XXXV.
394 1223 516 1284 Interim
523 1219 688 1283 Marcellus
700 1237 769 1282 cum
783 1221 871 1280 tertia
885 1221 950 1281 iere
964 1227 1054 1296 parte
1068 1235 1155 1279 exer·

172 1307 251 1369 citus
266 1309 306 1368 ad
322 1309 516 1382 recipiendas
530 1308 623 1367 urbes
636 1306 802 1383 proiectus
819 1305 944 1379 quaein
955 1313 1039 1364 motu
1054 1319 1156 1364 rerum

171 1393 210 1452 ad
226 1391 494 1466 Carthaginienses
510 1392 694 1466 deiecerant,
714 1389 860 1450 Helorum
876 1395 969 1464 atque
981 1387 1155 1448 Herbesum

171 1477 353 1536 dedentibus
369 1477 446 1550 ipsis
458 1475 576 1550 recipit,
591 1475 717 1549 Megara
729 1473 761 1534 vi
776 1481 866 1549 capta
876 1473 968 1534 diruit
982 1488 1019 1532 ac
1030 1472 1153 1548 diripuit

170 1560 211 1618 ad
230 1560 418 1634 reliquorum
440 1575 477 1619 ac
492 1559 623 1618 maxime
638 1559 904 1636 Syracusanorum
920 1565 1078 1618 terrorem.
1102 1573 1155 1632 per

170 1642 252 1703 idem
270 1643 334 1702 iere
351 1651 472 1718 tempus
488 1652 518 1703 et
531 1643 676 1717 Himilco,
700 1645 751 1720 qui
766 1643 805 1702 ad
820 1642 956 1720 Pachyni
976 1650 1155 1718 promunto-

169 1728 247 1788 rium
268 1727 400 1787 classem
422 1728 474 1788 diu
495 1735 646 1797 tenuerat,
668 1729 706 1788 ad
722 1727 915 1802 Heracleam,
935 1741 1027 1802 quam
1042 1736 1158 1786 vocant

169 1811 319 1886 Minoam,
341 1811 476 1887 quinque
496 1820 526 1873 et
539 1812 645 1886 viginti
660 1812 742 1871 milia
757 1811 907 1890 peditum,
930 1810 988 1871 tria
1007 1810 1156 1884 equilum,

169 1895 333 1957 duodecim
352 1895 532 1972 elephantos
556 1897 716 1972 exposuit,
739 1911 934 1972 nequaquam
948 1909 1017 1954 curn
1031 1895 1157 1970 quantis

170 1979 268 2056 copiis
276 1989 346 2040 ante
357 1980 724 2056 tenueratadPachynum
735 1981 876 2040 classem.
900 1978 1157 2056 etpostquamab

169 2064 357 2141 Hippocrate
373 2073 543 2140 occupatae
557 2064 732 2141 Syracusae
743 2073 838 2138 erant,
860 2065 1017 2140 proiectus
1024 2061 1156 2124 Cartha-

169 2149 284 2224 ginem,
308 2150 494 2225 adiutusque
513 2147 555 2208 ibi
570 2157 600 2209 et
614 2148 652 2208 ab
666 2149 775 2224 legatis
788 2148 985 2223 Hippocratis
1001 2153 1032 2207 et
1046 2147 1156 2208 litteris

168 2233 356 2305 Hannibalis,
371 2233 423 2310 qui
433 2234 558 2294 venisse
566 2241 688 2308 tempus
700 2231 801 2293 aiebat
807 2231 929 2293 Siciliae
938 2247 994 2309 per
1001 2247 1156 2292 summum

148 2368 154 2377 .
170 2317 265 2378 decus
279 2319 481 2394 repetendae,
502 2325 532 2378 et
546 2317 614 2394 ipse
629 2317 711 2378 haud
728 2333 828 2377 vanus
850 2332 999 2393 praesens
1019 2317 1156 2377 monitor

169 2400 259 2461 incile
280 2403 470 2476 perpulerat,
491 2409 525 2462 ut
546 2410 677 2477 quantae
697 2401 849 2462 maximae
872 2409 1001 2477 possent
1014 2401 1155 2476 peditum

168 2483 365 2559 equitumque
377 2487 486 2561 copiae
499 2486 528 2545 in
537 2486 670 2546 Siciliam
684 2488 891 2547 traicerentur.
913 2485 1154 2546 adveniensHe-

167 2570 301 2628 racleam
315 2570 393 2627 intra
407 2583 525 2643 paucos
540 2571 612 2630 inde
626 2571 694 2630 dies
707 2571 906 2646 Agrigentum
921 2570 1055 2646 recepit;
1079 2570 1155 2629 alia-

166 2666 296 2726 rumque
318 2651 497 2728 civilatium,
523 2670 602 2730 quae
623 2655 719 2730 partis
742 2655 1034 2730 carthaginiensium
1054 2663 1154 2728 erant,

65 2807 75 2820 „
167 2737 247 2795 adeo
269 2752 420 2797 accensae
441 2745 511 2797 sunt
531 2755 605 2814 spes
627 2739 666 2798 ad
687 2739 848 2813 pellendos
864 2739 968 2800 Sicilia
981 2739 1155 2813 Romanoa,-

167 2827 199 2880 ut
210 2827 365 2895 postremo
379 2821 468 2881 etiam
481 2824 532 2896 qui
545 2821 765 2883 obsidebantur
772 2823 936 2902 Syracusis
948 2823 1070 2883 animos
1083 2840 1153 2884 sus-

166 2903 297 2965 tulerint.
339 2911 369 2966 et
388 2913 475 2982 parte
502 2907 659 2983 copiarum
679 2909 754 2967 satis
776 2907 912 2967 delendi·
925 2905 1032 2966 urbem
1052 2923 1154 2983 posse

166 2989 222 3048 rati
244 2988 285 3048 ita
311 2990 388 3050 inter
408 3007 444 3051 se
464 3008 591 3052 munera
610 2991 682 3052 belli
703 2992 803 3066 partiti
823 2999 908 3064 sunt,
937 2998 971 3052 ut
990 2991 1153 3068 Epicydes

166 3083 326 3148 praeesset
347 3076 506 3137 custodiae
527 3077 634 3150 urbis,
663 3075 868 3150 Hippocrates
889 3075 1053 3136 Himilconi
1076 3091 1152 3136 con-

166 3157 284 3219 iunctus
295 3158 407 3220 bellum
420 3162 570 3220 adversus
582 3160 917 3220 consulemRomanum
929 3166 1058 3234 gereret.
1080 3176 1152 3221 eum

166 3241 273 3301 decem
292 3244 413 3302 milibus
434 3245 588 3319 peditum,
618 3243 792 3317 quingentis
813 3242 966 3317 equitibus
987 3249 1080 3304 nocte
1094 3259 1153 3319 per

166 3324 339 3386 intermissu
359 3327 509 3386 custodiis
531 3329 600 3386 loca
621 3327 777 3400 proiectus
799 3335 899 3387 castra
919 3327 1001 3387 circa
1013 3328 1151 3388 Acrillas

167 3407 273 3467 urbem
280 3409 423 3484 ponebat.
440 3408 643 3470 munientibus
654 3410 831 3484 supervenit
838 3409 1000 3470 Marcellus
1011 3410 1050 3470 ab
1057 3411 1151 3487 Agri-

166 3498 258 3564 ganto
279 3492 337 3550 ium
360 3500 525 3568 occupato,
547 3507 615 3552 cum
637 3493 749 3552 irustra
769 3509 806 3553 eo
822 3495 1003 3568 praevenire
1023 3495 1149 3554 hostem
1218 3541 1219 3588 ἶ
