2428 3892
232 235 349 298 LIBER
363 236 470 298 XXVI.
492 235 575 298 cal.
592 244 634 299 lu.
650 244 692 300 te.
716 240 752 312 [a.
765 241 799 296 c.
813 240 890 310 illl·
984 233 1048 302 12³

62 385 162 448 mode
183 385 353 448 sedetiam
372 385 512 448 homines
531 384 564 445 P.
585 383 724 462 Scipioni
744 385 905 464 imperium
925 403 998 450 osae
1017 387 1048 450 in

61 469 216 546 Hispania
235 469 401 530 iusserant.
433 476 565 532 ceterum
580 476 653 546 post
665 486 730 530 rem
750 477 858 546 acum,
879 477 913 532 ut
926 472 987 533 iam
1000 487 1048 534 re

62 552 193 615 sederat
206 552 338 630 impetus
352 553 524 614 animorum
535 553 698 630 ardorque,
714 555 867 616 edendum
881 554 982 618 subite
998 570 1046 616 or·

59 644 130 698 tum
143 643 174 697 et
187 638 279 698 tacita
290 636 442 712 cogitndo,
458 637 603 714 quidnam
618 637 775 714 egissemt
796 655 869 700 num
879 639 968 701 laver
977 639 1047 715 plus

61 721 217 782 valuisset
231 737 325 796 quarte
336 721 436 782 ratiot
452 721 559 784 aetatis
573 723 705 782 maxime
718 721 907 799 paenitebetr
923 723 1047 799 quidam

61 805 220 867 lertrrnant
240 805 334 866 etiam
352 806 462 866 domus
482 805 648 866 horrebant
667 821 841 882 aemonque
856 823 894 868 ex
917 807 1047 868 funestis

59 887 190 950 duabus
214 887 336 950 laeuus
362 889 393 949 ia
408 904 475 950 -eas
500 888 691 964 provincias,
723 889 776 950 ubi
803 890 881 951 inter
905 891 1049 967 sepulcra

62 972 164 1048 patris
194 973 357 1049 patruique
384 987 437 1033 res
467 973 621 1048 gerendae
652 981 773 1048 went,
810 974 1046 1049 proficiscentis.

61 1055 143 1116 xlx.
167 1071 259 1130 quem
271 1055 327 1117 ubi
339 1056 425 1119 abre
436 1062 519 1118 tanto
534 1056 649 1132 inipetu
663 1063 733 1120 aeta
745 1057 981 1120 sollicitudinem
995 1074 1046 1118 eu-

60 1155 195 1216 ramque
208 1138 367 1200 hominum
384 1139 608 1213 animadvertit,
630 1139 787 1204 advocate
796 1141 938 1205 contione
952 1142 994 1204 ita
1008 1143 1048 1202 de

62 1230 167 1284 aetate
182 1240 239 1285 sua
252 1223 445 1302 imperioque
457 1224 601 1286 mandate
615 1231 646 1284 et
659 1225 755 1298 belle,
779 1225 864 1301 qued
877 1226 1047 1301 perandum

65 1314 166 1382 esset,
185 1323 298 1384 magno
311 1309 454 1383 elatoque
467 1309 569 1368 aninlo
584 1307 743 1380 dissertat,
765 1314 799 1369 ut
819 1309 959 1370 arderem
976 1324 1045 1370 eum

68 1391 120 1466 qni
132 1393 294 1454 resederat
307 1390 454 1454 excitaret
465 1408 573 1452 rursus
586 1398 785 1466 novaretque,
800 1399 833 1453 et
843 1392 982 1470 impleret
991 1392 1047 1454 he-

66 1475 167 1536 mines
188 1476 327 1538 certioris
347 1477 431 1553 spei,
454 1491 547 1551 quarn
566 1481 711 1552 quaratam
731 1476 813 1537 fides
826 1477 971 1552 premissi
991 1475 1045 1538 hu·

64 1561 148 1620 mani
165 1566 217 1622 aut
229 1561 307 1622 ratio
322 1575 362 1622 ex
376 1560 491 1622 iidnda
502 1574 604 1620 rernm
619 1557 761 1620 subicere
775 1560 865 1621 solet.
897 1560 952 1622 luit
965 1560 1046 1620 enim

64 1643 248 1719 Scipiones
260 1644 343 1705 veris
354 1650 469 1706 tentum
483 1643 644 1704 virtutibus
652 1642 808 1720 mirabilis,
824 1643 881 1706 sed
895 1651 1047 1720 arteque

65 1743 129 1803 que
145 1729 277 1802 qaedam
291 1728 330 1788 ab
345 1728 468 1789 inventa
481 1727 512 1787 in
528 1728 761 1790 ostentationem
776 1744 878 1790 earnm
893 1729 1047 1804 composi-

64 1821 132 1886 tus,
156 1813 304 1888 pleraque
324 1813 410 1888 apud
425 1811 646 1874 multitudinem
666 1818 717 1873 aut
730 1827 787 1887 per
800 1818 964 1873 nocturnas
978 1813 1048 1872 visa

64 1896 193 1972 specics
211 1903 264 1957 aut
276 1896 361 1958 velut
381 1895 527 1958 divinitus
546 1902 648 1956 mente
661 1895 778 1957 monita
796 1909 908 1972 ageas,
930 1897 998 1958 sive
1018 1902 1049 1956 et

62 1981 137 2055 ipse
158 1981 238 2056 capti
260 1980 394 2056 quedam
413 1979 633 2056 superstitione
653 1979 760 2054 anirni,
784 1979 851 2040 sive
870 1985 903 2040 ut
922 1979 1050 2056 imperia

64 2064 261 2141 consiliaque
275 2066 359 2126 velut
369 2071 453 2126 sorte
468 2065 583 2125 oraculi
596 2065 694 2126 missa
705 2063 772 2124 sine
787 2063 980 2125 cunctatione
995 2078 1048 2124 ex·

64 2156 281 2225 sequerentur.
313 2149 355 2210 ad
373 2149 435 2209 hec
452 2149 513 2208 iam
533 2149 606 2208 inda
620 2149 660 2209 ab
680 2148 765 2208 initio
780 2161 970 2223 praeparans
984 2147 1048 2206 ani·

64 2248 146 2304 mes,
161 2249 204 2292 ex
217 2249 281 2308 quo
292 2239 395 2309 togam
406 2233 524 2292 virilem
537 2233 677 2309 sumpsit,
691 2232 775 2293 ntrlle
791 2231 841 2292 die
855 2231 941 2306 prius
956 2231 1049 2292 ullam

64 2315 223 2394 publicam
237 2317 449 2393 privatamque
462 2332 528 2376 rem
542 2317 611 2392 egil,
635 2332 728 2392 quarn
741 2315 773 2375 in
787 2314 969 2390 capitolium
983 2315 1049 2385 iret

64 2402 290 2477 ingressusque
304 2401 411 2461 aedem
427 2399 603 2461 consideret
615 2405 646 2460 et
659 2400 840 2475 plerumque
853 2399 943 2461 solus
955 2398 988 2458 in
1001 2412 1050 2458 se-

66 2492 153 2546 crete
174 2484 217 2545 ibi
236 2491 357 2560 tempus
371 2490 492 2544 tereret
522 2483 574 2544 hic
587 2498 666 2558 mos,
687 2498 779 2557 quem
792 2496 849 2557 per
870 2497 992 2543 ornnem
1005 2480 1050 2540 vi·

67 2585 129 2629 ram
144 2569 305 2641 servabat,
328 2584 385 2630 sen
399 2569 540 2633 consulto
555 2583 612 2628 seu
627 2573 740 2627 temere
757 2567 899 2642 vulgatae
913 2564 1050 2642 opinioni

65 2653 162 2713 tidem
183 2653 268 2729 apud
289 2653 441 2728 quasdem
462 2653 533 2713 lecit
553 2658 586 2711 ut
604 2651 708 2726 stirpis
730 2666 800 2710 eum
817 2648 940 2710 divinae
953 2650 1051 2710 virum

65 2751 141 2797 esse
163 2738 341 2808 crederent;
362 2737 536 2812 retmlitque
557 2735 666 2795 lamam
689 2734 720 2793 in
740 2734 919 2795 Alexandro
940 2743 1051 2808 magno

66 2821 154 2896 prins
178 2822 346 2897 vulgatam,
368 2827 399 2881 et
417 2823 550 2880 vanitate
570 2825 600 2878 et
613 2817 717 2878 labala
731 2833 850 2893 parem,
873 2818 983 2894 anguis
997 2818 1051 2876 im-

67 2905 169 2966 manis
192 2905 357 2968 concubitu
377 2911 572 2980 conceptum,
596 2908 627 2961 et
646 2902 677 2960 ie
699 2901 840 2963 cubiculo
862 2903 967 2963 mauu
985 2900 1052 2960 eius

67 2989 170 3050 visam
186 3003 341 3065 persaepe
355 2987 487 3066 prodigii
503 2987 570 3048 eius
586 2984 732 3061 speciem,
748 2985 982 3062 interventuque
996 2983 1051 3042 ho-

67 3073 185 3135 minum
205 3074 360 3134 evolutam
379 3077 506 3148 repento
525 3076 617 3144 atque
638 3083 678 3128 cx
699 3069 797 3132 oculis
818 3069 966 3145 elapsam.
1004 3063 1052 3123 his

67 3157 226 3218 miraculis
246 3171 413 3232 numquam
434 3154 473 3214 ab
492 3155 562 3231 ipso
582 3151 763 3214 elusaiides
777 3159 841 3222 est;
864 3152 935 3227 quin
950 3147 1053 3224 petius

68 3247 160 3302 aucte
170 3247 239 3301 arte
249 3241 382 3317 quadam
396 3253 454 3299 nec
468 3237 622 3299 mouendi
635 3236 696 3296 tale
709 3235 873 3311 quicquam
882 3247 940 3294 nec
951 3231 1053 3306 palam

69 3324 265 3389 adfirmandi.
286 3324 381 3384 multa
394 3322 454 3384 alia
467 3321 606 3382 eiusdem
620 3320 751 3396 generis,
765 3318 828 3378 alia¹
838 3331 912 3376 vera
926 3314 986 3374 alia
1000 3310 1054 3371 ad-

70 3409 222 3484 simulata,
239 3405 450 3470 admirationis
464 3405 617 3467 hnmanae
630 3403 662 3462 ia
677 3418 714 3462 eo
730 3401 841 3461 iuvene
855 3399 1054 3458 excesserant

71 3493 213 3565 modum;
246 3491 358 3570 quibus
380 3491 458 3551 treta
476 3495 549 3552 tttnc
571 3486 679 3546 civitas
701 3482 791 3544 armti
814 3479 1053 3556 haudquaquam
