2466 3900
241 206 355 269 studit
368 205 473 268 xxtv.
497 207 691 270 ensesue.
712 213 868 283 poeta]
1002 209 1041 278 si

78 361 182 420 irarum
194 357 385 434 indulgentes
399 357 536 433 ministri,
552 359 605 434 qni
616 359 725 422 avidos
736 367 828 436 atque
838 361 1041 438 intemperan-

75 445 122 504 tes
133 443 348 520 suppliciorum
362 442 481 504 animos
495 442 536 503 ad
550 444 731 518 seguinum
743 451 775 506 et
788 446 901 508 euodes
915 445 1041 510 irritem.

79 529 149 588 sieut
166 535 225 589 true
246 529 404 612 extemplo
423 533 581 602 passiones
595 527 788 603 mationem
801 531 1040 608 promulgarunt,

78 618 253 688 aooeptaque
268 627 370 688 paena
383 612 471 688 prius
486 626 579 687 quam
594 613 786 688 promrnlgatn
801 621 863 688 est,
883 621 919 675 ul
930 631 1039 678 omues

76 695 169 771 repas
181 695 285 771 stirpis
301 697 551 761 imerdoeronur.
577 695 727 772 missique
741 713 761 756 a
773 697 969 774 praetoribus
980 701 1039 760 De·

76 788 207 842 meeum
220 780 366 850 Hieronis
380 787 411 850 et
423 779 622 844 flamonium
634 779 760 842 Gelonis
775 781 876 855 liliam,
892 785 1039 858 coniuges

74 863 276 928 Andrnnodori
292 872 324 925 et
336 863 490 940 Themisti,
505 864 732 926 interruperunt.

146 947 248 1009 XXVI.
269 947 416 1010 Herodis
429 954 495 1010 emt
508 948 572 1008 illis
584 946 744 1022 Hierone,
757 965 839 1010 uuor
851 949 970 1027 Zoippi,
986 953 1039 1029 qui
1155 937 1157 942 ¹

42 1081 44 1088 ,
76 1034 178 1106 legantes¹
192 1031 232 1096 ab
244 1031 440 1111 Hieronymo
458 1033 500 1094 ad
518 1047 623 1106 regem
634 1031 842 1094 Ptolemaeum
856 1035 970 1096 missus
985 1053 1039 1098 vo·

76 1116 216 1182 tnnarinnn
238 1118 436 1178 consciverat
460 1115 611 1181 exsilium
643 1131 683 1180 ea
706 1131 776 1178 oum
798 1119 837 1178 ad
857 1133 893 1178 se
913 1135 1039 1198 quoque

76 1201 165 1260 venue
177 1201 377 1278 praescisset,
391 1204 421 1262 in
436 1200 605 1264 sacrarium
618 1200 659 1264 ad
673 1208 801 1276 papates
818 1203 956 1278 eonlugit
969 1221 1039 1266 omn

80 1284 180 1346 duabus
189 1285 316 1349 filiabus
326 1285 498 1364 virginibus
507 1285 653 1348 maluti-s
664 1285 799 1346 oriuibus
810 1286 1039 1362 miserabilique

81 1368 132 1428 allo
142 1367 251 1440 labitu;
273 1376 308 1430 et
321 1369 361 1429 ad
376 1385 415 1430 ea
428 1370 546 1430 addidit
560 1385 680 1445 prebes,
694 1384 776 1432 aune
790 1384 847 1444 per
861 1372 1038 1432 memoriam

78 1449 200 1544 Hierqnis
213 1454 315 1528 patris
328 1453 516 1529 Gelonisque
531 1455 643 1528 fratrs,
658 1469 697 1514 ne
708 1469 746 1514 se
756 1452 912 1515 iunoniam
923 1454 1038 1516 invidia

76 1533 234 1616 Hieronymi
256 1535 453 1614 conflagrare
476 1537 621 1600 sinerent
652 1537 727 1598 nihil
741 1551 776 1597 se
790 1553 831 1598 ex
843 1553 940 1613 regno
955 1538 1037 1602 illins

76 1625 178 1692 praeter
196 1621 342 1684 exsilium
358 1622 413 1682 vini
427 1621 558 1690 habeam
579 1637 682 1697 neque
695 1621 848 1684 fortunam
862 1638 950 1684 suam
964 1639 1036 1684 ean·

75 1703 130 1764 dem
147 1705 215 1768 vivo
228 1705 422 1782 Hieronymo
444 1705 542 1766 luisse
564 1721 655 1781 quam
672 1705 805 1778 sororis,
828 1721 931 1782 neque
944 1708 1036 1770 inler-

74 1787 140 1848 leoto
153 1805 188 1852 eo
203 1807 332 1852 eausam
350 1791 481 1851 eandem
495 1805 577 1850 esse.
598 1789 693 1864 qmda
712 1790 810 1864 quod,
834 1790 861 1851 si
874 1791 1036 1853 Andrano·

74 1869 136 1933 doro
150 1875 277 1936 consilia
290 1873 530 1950 processissem
545 1874 676 1934 illaesus
687 1875 751 1936 viro
763 1874 1035 1950 luetitregnalura,

73 1954 119 2014 sibl
137 1973 202 2020 cum
222 1958 336 2020 esteris
358 1959 566 2023 serviendum.
594 1959 621 2018 si
643 1958 713 2032 quis
726 1958 846 2034 Zoippo
861 1961 978 2020 nuntiet
990 1959 1036 2020 in-

72 2040 213 2103 terleelurn
226 2043 452 2122 Hieronymum
472 2058 510 2104 aa
530 2041 674 2106 liberatas
696 2041 887 2120 Syracusas,
908 2043 958 2104 oui
978 2043 1035 2104 du-

71 2121 140 2196 bium
160 2142 230 2188 esse
252 2128 328 2202 auin
348 2128 504 2202 extemplo
521 2141 750 2188 conscensurus
765 2125 805 2187 sit
819 2140 929 2188 navem
943 2131 1035 2201 atque
1107 2199 1109 2204 ,

71 2205 95 2264 iu
112 2212 233 2283 patriam
252 2212 431 2272 redimrnss
460 2217 608 2287 quantum
626 2225 702 2285 spes
722 2208 878 2270 homiuum
899 2210 976 2270 lallit
994 2209 1034 2268 ,in

73 2289 184 2355 liberata
204 2296 305 2371 patria
322 2297 485 2370 comagene
498 2295 566 2357 eius
579 2309 617 2354 eo
630 2290 746 2354 liberos
761 2294 800 2352 de
815 2292 876 2354 vita
890 2292 1035 2354 dimieme

72 2405 106 2418 -
118 2379 188 2452 quid
207 2379 371 2442 obstantes
389 2379 520 2441 libertati
541 2385 593 2440 aut
606 2377 749 2453 legibusl
770 2376 855 2451 quod
868 2376 907 2436 ab
923 2391 958 2436 se
973 2375 1035 2438 oui·

29 2491 32 2502 ›
73 2474 151 2536 quun
164 2465 344 2539 perieulum,
361 2480 380 2524 a
393 2463 462 2542 sola
475 2479 512 2525 aa
525 2477 625 2538 prope
641 2462 735 2524 vidua
745 2468 776 2522 el
788 2459 900 2536 puellis
911 2460 942 2522 in
954 2460 1035 2522 orbi·

73 2548 121 2603 tate
134 2547 315 2622 degentibus
329 2554 424 2608 esset
443 2555 476 2614 at
488 2547 568 2608 enim
582 2544 710 2622 perieuli
726 2544 850 2621 quidem
864 2543 936 2606 nihil
950 2545 987 2604 ab
1000 2560 1035 2604 se

73 2625 176 2690 iniere:
201 2633 333 2694 invisam
352 2638 454 2692 umen
475 2631 602 2705 stirpem
618 2630 733 2704 regiam
748 2643 829 2692 esse.
859 2627 1037 2702 ablegarent

73 2723 133 2785 erpo
147 2719 253 2790 proopl
268 2717 308 2778 ab
323 2713 492 2796 Syracusis
504 2713 679 2789 Siciliaque,
695 2720 725 2776 et
738 2711 891 2786 asportari
901 2713 980 2776 Alex
986 2725 1034 2772 m·

73 2791 153 2863 iriam
166 2796 305 2876 iuberent
319 2801 359 2870 ad
373 2799 471 2860 vuum
486 2813 630 2871 uxorem,
645 2797 685 2860 ad
700 2801 817 2872 patrem
832 2795 919 2858 illias.
948 2810 1034 2858 aver·

74 2876 108 2938 sis
121 2880 240 2946 auribus
263 2877 437 2960 animisque
453 2888 577 2960 questa,
602 2895 642 2943 ne
655 2886 777 2956 tempus
798 2886 953 2954 unusne,
975 2880 1035 2940 ior-

73 2975 127 3023 ilm
147 2970 297 3042 quosdam
312 2967 514 3044 expedientes
530 2964 685 3026 cernebat.
711 2971 774 3024 tum
789 2963 912 3024 omissis
927 2979 983 3038 pro
999 2977 1034 3021 se

75 3049 215 3126 precibus,
231 3052 344 3130 puellis
359 3060 392 3116 ut
407 3053 516 3112 saltem
530 3055 693 3126 parcerent
706 3062 796 3110 orare
810 3045 924 3118 institit,
940 3063 959 3106 a
973 3059 1034 3140 qua

75 3137 156 3194 aetate
175 3137 264 3198 etlam
284 3135 393 3198 hostes
413 3136 508 3196 Helos
529 3132 700 3201 abstineam
731 3146 770 3192 ne
790 3137 940 3208 tyrannos
961 3128 1032 3186 ulon-

76 3217 171 3279 soenitt
188 3236 269 3296 ques
283 3221 426 3282 odissent
439 3221 559 3280 scelera
571 3215 634 3292 ipsi
647 3214 843 3278 imitarentur.
865 3212 943 3273 inter
957 3208 1035 3304 baeu

77 3291 237 3366 abstractam
258 3321 278 3364 a
299 3303 509 3379 penetralibus
530 3301 682 3374 iugulaulp
714 3297 749 3358 in
766 3295 902 3369 virgines
923 3289 1034 3386 datnde

78 3391 218 3456 respersas
236 3387 345 3451 matris
366 3399 477 3446 eruore
492 3385 638 3458 impetum
651 3380 775 3442 radunt.
809 3391 889 3449 quae
904 3375 1034 3432 monela

79 3472 159 3528 nenle
178 3471 265 3539 simul
286 3473 371 3532 lustu
391 3474 536 3543 metuque
549 3467 633 3525 uelut
647 3468 756 3535 captes
770 3460 873 3517 lurore
888 3471 926 3514 eo
942 3469 1033 3515 eursu
