<?xml version="1.0" encoding="UTF-8"?>
<!DOCTYPE html PUBLIC "-//W3C//DTD XHTML 1.0 Transitional//EN"
    "http://www.w3.org/TR/xhtml1/DTD/xhtml1-transitional.dtd">
<html xmlns="http://www.w3.org/1999/xhtml" xml:lang="en" lang="en">
 <head>
  <title>
</title>
<meta http-equiv="Content-Type" content="text/html;charset=utf-8" />
  <meta name='ocr-system' content='tesseract 3.04.00' />
  <meta name='ocr-capabilities' content='ocr_page ocr_carea ocr_par ocr_line ocrx_word'/>
</head>
<body>
  <div class='ocr_page' id='page_1' title='image "./titiliviaburbec09livygoog_0281.png"; bbox 0 0 2434 3902; ppageno 0'>
   <div class='ocr_carea' id='block_1_1' title="bbox 180 245 1034 320">
    <p class='ocr_par' dir='ltr' id='par_1_1' title="bbox 180 245 1034 320">
     <span class='ocr_line' id='line_1_1' title="bbox 180 245 1034 320; baseline -0.006 -8"><span class='ocrx_word' id='word_1_1' title='bbox 180 247 243 312; x_wconf 78' lang='lat' dir='ltr'><strong>aas</strong></span> <span class='ocrx_word' id='word_1_2' title='bbox 314 245 577 306; x_wconf 76' lang='lat' dir='ltr'><strong>ursusxxvnt.</strong></span> <span class='ocrx_word' id='word_1_3' title='bbox 602 247 684 306; x_wconf 74' lang='lat' dir='ltr'><strong>our.</strong></span> <span class='ocrx_word' id='word_1_4' title='bbox 699 255 744 308; x_wconf 81' lang='lat' dir='ltr'><strong>ao.</strong></span> <span class='ocrx_word' id='word_1_5' title='bbox 760 255 804 308; x_wconf 80' lang='lat'><strong>31.</strong></span> <span class='ocrx_word' id='word_1_6' title='bbox 827 253 863 320; x_wconf 67' lang='lat' dir='ltr'><strong>[a</strong></span> <span class='ocrx_word' id='word_1_7' title='bbox 879 250 914 303; x_wconf 90' lang='lat' dir='ltr'><strong>u.</strong></span> <span class='ocrx_word' id='word_1_8' title='bbox 930 269 955 303; x_wconf 61' lang='grc' dir='ltr'><strong>ο.</strong></span> <span class='ocrx_word' id='word_1_9' title='bbox 970 253 1034 318; x_wconf 72' lang='lat' dir='ltr'><strong>soar</strong></span> 
     </span>
    </p>
   </div>
   <div class='ocr_carea' id='block_1_2' title="bbox 175 388 1176 3650">
    <p class='ocr_par' dir='ltr' id='par_1_2' title="bbox 179 388 1176 1733">
     <span class='ocr_line' id='line_1_2' title="bbox 181 388 1173 478; baseline -0.008 -12"><span class='ocrx_word' id='word_1_10' title='bbox 181 412 272 466; x_wconf 89' lang='lat' dir='ltr'><strong>esset.</strong></span> <span class='ocrx_word' id='word_1_11' title='bbox 306 417 367 463; x_wconf 90' lang='lat' dir='ltr'><strong>una</strong></span> <span class='ocrx_word' id='word_1_12' title='bbox 381 409 490 463; x_wconf 86' lang='lat' dir='ltr'><strong>natura</strong></span> <span class='ocrx_word' id='word_1_13' title='bbox 505 401 572 461; x_wconf 92' lang='lat' dir='ltr'><strong>ireti</strong></span> <span class='ocrx_word' id='word_1_14' title='bbox 595 407 779 478; x_wconf 87' lang='lat' dir='ltr'><strong>aestusque,</strong></span> <span class='ocrx_word' id='word_1_15' title='bbox 802 388 896 460; x_wconf 88' lang='lat' dir='ltr'><strong>totius</strong></span> <span class='ocrx_word' id='word_1_16' title='bbox 917 399 1098 458; x_wconf 74' lang='lat' dir='ltr'><strong>certaminis</strong></span> <span class='ocrx_word' id='word_1_17' title='bbox 1120 415 1173 475; x_wconf 89' lang='lat' dir='ltr'><strong>po—</strong></span> 
     </span>
     <span class='ocr_line' id='line_1_3' title="bbox 180 482 1174 564; baseline -0.009 -14"><span class='ocrx_word' id='word_1_18' title='bbox 180 499 257 564; x_wconf 91' lang='lat' dir='ltr'><strong>tens,</strong></span> <span class='ocrx_word' id='word_1_19' title='bbox 281 488 362 560; x_wconf 91' lang='lat' dir='ltr'><strong>suis,</strong></span> <span class='ocrx_word' id='word_1_20' title='bbox 386 487 494 546; x_wconf 90' lang='lat' dir='ltr'><strong>alienis</strong></span> <span class='ocrx_word' id='word_1_21' title='bbox 510 485 640 546; x_wconf 87' lang='lat' dir='ltr'><strong>navibus</strong></span> <span class='ocrx_word' id='word_1_22' title='bbox 655 485 845 562; x_wconf 84' lang='lat' dir='ltr'><strong>nequiquam</strong></span> <span class='ocrx_word' id='word_1_23' title='bbox 857 483 987 562; x_wconf 85' lang='lat' dir='ltr'><strong>remigio</strong></span> <span class='ocrx_word' id='word_1_24' title='bbox 1003 482 1033 542; x_wconf 91' lang='lat' dir='ltr'><strong>in</strong></span> <span class='ocrx_word' id='word_1_25' title='bbox 1051 492 1174 542; x_wconf 88' lang='lat' dir='ltr'><strong>contra·</strong></span> 
     </span>
     <span class='ocr_line' id='line_1_4' title="bbox 180 567 1174 644; baseline -0.007 -9"><span class='ocrx_word' id='word_1_26' title='bbox 180 575 258 635; x_wconf 91' lang='lat' dir='ltr'><strong>rium</strong></span> <span class='ocrx_word' id='word_1_27' title='bbox 279 571 439 632; x_wconf 90' lang='lat' dir='ltr'><strong>tendentes</strong></span> <span class='ocrx_word' id='word_1_28' title='bbox 469 569 646 644; x_wconf 84' lang='lat' dir='ltr'><strong>invehebat,</strong></span> <span class='ocrx_word' id='word_1_29' title='bbox 676 578 707 630; x_wconf 87' lang='lat' dir='ltr'><strong>et</strong></span> <span class='ocrx_word' id='word_1_30' title='bbox 728 569 893 644; x_wconf 86' lang='lat' dir='ltr'><strong>lugientem</strong></span> <span class='ocrx_word' id='word_1_31' title='bbox 913 583 1025 627; x_wconf 91' lang='lat' dir='ltr'><strong>navem</strong></span> <span class='ocrx_word' id='word_1_32' title='bbox 1046 567 1174 628; x_wconf 87' lang='lat' dir='ltr'><strong>videres</strong></span> 
     </span>
     <span class='ocr_line' id='line_1_5' title="bbox 182 653 1174 729; baseline -0.004 -13"><span class='ocrx_word' id='word_1_33' title='bbox 182 656 295 718; x_wconf 89' lang='lat' dir='ltr'><strong>vertice</strong></span> <span class='ocrx_word' id='word_1_34' title='bbox 310 661 392 716; x_wconf 88' lang='lat' dir='ltr'><strong>retro</strong></span> <span class='ocrx_word' id='word_1_35' title='bbox 407 655 548 714; x_wconf 91' lang='lat' dir='ltr'><strong>intortam</strong></span> <span class='ocrx_word' id='word_1_36' title='bbox 564 653 731 715; x_wconf 89' lang='lat' dir='ltr'><strong>victoribus</strong></span> <span class='ocrx_word' id='word_1_37' title='bbox 746 653 868 729; x_wconf 89' lang='lat' dir='ltr'><strong>illatam,</strong></span> <span class='ocrx_word' id='word_1_38' title='bbox 885 659 915 713; x_wconf 92' lang='lat' dir='ltr'><strong>et</strong></span> <span class='ocrx_word' id='word_1_39' title='bbox 929 656 1131 729; x_wconf 77' lang='lat' dir='ltr'><strong>sequentem,</strong></span> <span class='ocrx_word' id='word_1_40' title='bbox 1152 653 1174 714; x_wconf 89' lang='lat' dir='ltr'><strong>si</strong></span> 
     </span>
     <span class='ocr_line' id='line_1_6' title="bbox 180 737 1174 812; baseline -0.004 -10"><span class='ocrx_word' id='word_1_41' title='bbox 180 742 210 802; x_wconf 93' lang='lat' dir='ltr'><strong>in</strong></span> <span class='ocrx_word' id='word_1_42' title='bbox 233 740 416 802; x_wconf 87' lang='lat' dir='ltr'><strong>contrarium</strong></span> <span class='ocrx_word' id='word_1_43' title='bbox 438 746 573 799; x_wconf 89' lang='lat' dir='ltr'><strong>tractum·</strong></span> <span class='ocrx_word' id='word_1_44' title='bbox 591 738 752 799; x_wconf 90' lang='lat' dir='ltr'><strong>incidisset</strong></span> <span class='ocrx_word' id='word_1_45' title='bbox 771 738 880 812; x_wconf 88' lang='lat' dir='ltr'><strong>maris,</strong></span> <span class='ocrx_word' id='word_1_46' title='bbox 909 737 1059 812; x_wconf 79' lang='lat' dir='ltr'><strong>rugientis</strong></span> <span class='ocrx_word' id='word_1_47' title='bbox 1084 739 1174 798; x_wconf 90' lang='lat' dir='ltr'><strong>modo</strong></span> 
     </span>
     <span class='ocr_line' id='line_1_7' title="bbox 181 821 1175 900; baseline -0.005 -13"><span class='ocrx_word' id='word_1_48' title='bbox 181 841 253 887; x_wconf 90' lang='lat' dir='ltr'><strong>sese</strong></span> <span class='ocrx_word' id='word_1_49' title='bbox 267 831 464 885; x_wconf 89' lang='lat' dir='ltr'><strong>avertentem.</strong></span> <span class='ocrx_word' id='word_1_50' title='bbox 490 825 550 883; x_wconf 89' lang='lat' dir='ltr'><strong>iam</strong></span> <span class='ocrx_word' id='word_1_51' title='bbox 565 821 595 884; x_wconf 91' lang='lat' dir='ltr'><strong>in</strong></span> <span class='ocrx_word' id='word_1_52' title='bbox 611 825 682 900; x_wconf 90' lang='lat' dir='ltr'><strong>ipsa</strong></span> <span class='ocrx_word' id='word_1_53' title='bbox 698 839 803 900; x_wconf 87' lang='lat' dir='ltr'><strong>pugna</strong></span> <span class='ocrx_word' id='word_1_54' title='bbox 816 822 894 882; x_wconf 88' lang='lat' dir='ltr'><strong>lraee</strong></span> <span class='ocrx_word' id='word_1_55' title='bbox 909 838 978 882; x_wconf 91' lang='lat' dir='ltr'><strong>cum</strong></span> <span class='ocrx_word' id='word_1_56' title='bbox 993 821 1118 882; x_wconf 80' lang='lat' dir='ltr'><strong>infesta</strong></span> <span class='ocrx_word' id='word_1_57' title='bbox 1131 839 1175 882; x_wconf 90' lang='lat' dir='ltr'><strong>ro·</strong></span> 
     </span>
     <span class='ocr_line' id='line_1_8' title="bbox 182 907 1175 988; baseline -0.005 -16"><span class='ocrx_word' id='word_1_58' title='bbox 182 918 245 972; x_wconf 90' lang='lat' dir='ltr'><strong>stro</strong></span> <span class='ocrx_word' id='word_1_59' title='bbox 268 915 386 987; x_wconf 89' lang='lat' dir='ltr'><strong>peteret</strong></span> <span class='ocrx_word' id='word_1_60' title='bbox 406 909 541 970; x_wconf 88' lang='lat' dir='ltr'><strong>hostium</strong></span> <span class='ocrx_word' id='word_1_61' title='bbox 556 923 681 982; x_wconf 91' lang='lat' dir='ltr'><strong>navem,</strong></span> <span class='ocrx_word' id='word_1_62' title='bbox 705 907 832 984; x_wconf 88' lang='lat' dir='ltr'><strong>obliqua</strong></span> <span class='ocrx_word' id='word_1_63' title='bbox 845 907 915 988; x_wconf 87' lang='lat' dir='ltr'><strong>ipsa</strong></span> <span class='ocrx_word' id='word_1_64' title='bbox 930 907 1023 967; x_wconf 88' lang='lat' dir='ltr'><strong>ictum</strong></span> <span class='ocrx_word' id='word_1_65' title='bbox 1048 907 1175 967; x_wconf 88' lang='lat' dir='ltr'><strong>alterius</strong></span> 
     </span>
     <span class='ocr_line' id='line_1_9' title="bbox 179 989 1175 1070; baseline -0.002 -16"><span class='ocrx_word' id='word_1_66' title='bbox 179 995 271 1056; x_wconf 87' lang='lat' dir='ltr'><strong>rostri</strong></span> <span class='ocrx_word' id='word_1_67' title='bbox 292 992 478 1070; x_wconf 88' lang='lat' dir='ltr'><strong>accipiebat;</strong></span> <span class='ocrx_word' id='word_1_68' title='bbox 507 993 573 1068; x_wconf 90' lang='lat' dir='ltr'><strong>illa,</strong></span> <span class='ocrx_word' id='word_1_69' title='bbox 595 1009 665 1054; x_wconf 90' lang='lat' dir='ltr'><strong>cum</strong></span> <span class='ocrx_word' id='word_1_70' title='bbox 684 999 863 1053; x_wconf 86' lang='lat' dir='ltr'><strong>transversa</strong></span> <span class='ocrx_word' id='word_1_71' title='bbox 884 989 1065 1053; x_wconf 85' lang='lat' dir='ltr'><strong>obiceretur</strong></span> <span class='ocrx_word' id='word_1_72' title='bbox 1087 993 1175 1067; x_wconf 91' lang='lat' dir='ltr'><strong>hosti,</strong></span> 
     </span>
     <span class='ocr_line' id='line_1_10' title="bbox 180 1075 1174 1156; baseline -0.002 -18"><span class='ocrx_word' id='word_1_73' title='bbox 180 1085 307 1156; x_wconf 90' lang='lat' dir='ltr'><strong>repente</strong></span> <span class='ocrx_word' id='word_1_74' title='bbox 321 1079 432 1139; x_wconf 90' lang='lat' dir='ltr'><strong>intorta</strong></span> <span class='ocrx_word' id='word_1_75' title='bbox 447 1079 477 1138; x_wconf 92' lang='lat' dir='ltr'><strong>in</strong></span> <span class='ocrx_word' id='word_1_76' title='bbox 492 1093 616 1154; x_wconf 90' lang='lat' dir='ltr'><strong>proram</strong></span> <span class='ocrx_word' id='word_1_77' title='bbox 631 1075 902 1156; x_wconf 78' lang='lat' dir='ltr'><strong>circumagebatuu</strong></span> <span class='ocrx_word' id='word_1_78' title='bbox 939 1093 1010 1137; x_wconf 88' lang='lat' dir='ltr'><strong>curn</strong></span> <span class='ocrx_word' id='word_1_79' title='bbox 1025 1077 1117 1138; x_wconf 86' lang='lat' dir='ltr'><strong>inter</strong></span> <span class='ocrx_word' id='word_1_80' title='bbox 1131 1079 1174 1136; x_wconf 89' lang='lat' dir='ltr'><strong>tri-</strong></span> 
     </span>
     <span class='ocr_line' id='line_1_11' title="bbox 179 1158 1176 1240; baseline 0 -17"><span class='ocrx_word' id='word_1_81' title='bbox 179 1179 280 1224; x_wconf 87' lang='lat' dir='ltr'><strong>remes</strong></span> <span class='ocrx_word' id='word_1_82' title='bbox 296 1163 417 1224; x_wconf 87' lang='lat' dir='ltr'><strong>lortuna</strong></span> <span class='ocrx_word' id='word_1_83' title='bbox 431 1167 555 1240; x_wconf 87' lang='lat' dir='ltr'><strong>regente</strong></span> <span class='ocrx_word' id='word_1_84' title='bbox 571 1176 687 1237; x_wconf 82' lang='lat' dir='ltr'><strong>anceps</strong></span> <span class='ocrx_word' id='word_1_85' title='bbox 703 1158 853 1238; x_wconf 88' lang='lat' dir='ltr'><strong>proelium</strong></span> <span class='ocrx_word' id='word_1_86' title='bbox 869 1161 1066 1236; x_wconf 79' lang='lat' dir='ltr'><strong>misceretur,</strong></span> <span class='ocrx_word' id='word_1_87' title='bbox 1092 1163 1176 1238; x_wconf 91' lang='lat' dir='ltr'><strong>quin·</strong></span> 
     </span>
     <span class='ocr_line' id='line_1_12' title="bbox 181 1246 1176 1324; baseline -0.003 -14"><span class='ocrx_word' id='word_1_88' title='bbox 181 1248 493 1324; x_wconf 70' lang='lat' dir='ltr'><strong>queremis&#39;Romana</strong></span> <span class='ocrx_word' id='word_1_89' title='bbox 519 1262 577 1308; x_wconf 91' lang='lat' dir='ltr'><strong>seu</strong></span> <span class='ocrx_word' id='word_1_90' title='bbox 602 1247 740 1323; x_wconf 88' lang='lat' dir='ltr'><strong>pondere</strong></span> <span class='ocrx_word' id='word_1_91' title='bbox 764 1246 914 1319; x_wconf 82' lang='lat' dir='ltr'><strong>tenacior,</strong></span> <span class='ocrx_word' id='word_1_92' title='bbox 945 1247 1004 1305; x_wconf 83' lang='lat' dir='ltr'><strong>seu</strong></span> <span class='ocrx_word' id='word_1_93' title='bbox 1030 1247 1176 1322; x_wconf 85' lang='lat' dir='ltr'><strong>pluribus</strong></span> 
     </span>
     <span class='ocr_line' id='line_1_13' title="bbox 180 1311 1176 1394; baseline 0 -3"><span class='ocrx_word' id='word_1_94' title='bbox 180 1349 333 1394; x_wconf 88' lang='lat' dir='ltr'><strong>remorum</strong></span> <span class='ocrx_word' id='word_1_95' title='bbox 349 1311 508 1393; x_wconf 75' lang='lat' dir='ltr'><strong>ordinibus</strong></span> <span class='ocrx_word' id='word_1_96' title='bbox 525 1329 735 1393; x_wconf 79' lang='lat' dir='ltr'><strong>scindentibus</strong></span> <span class='ocrx_word' id='word_1_97' title='bbox 751 1331 883 1392; x_wconf 83' lang='lat' dir='ltr'><strong>vertices</strong></span> <span class='ocrx_word' id='word_1_98' title='bbox 899 1347 968 1391; x_wconf 85' lang='lat' dir='ltr'><strong>eum</strong></span> <span class='ocrx_word' id='word_1_99' title='bbox 985 1331 1119 1393; x_wconf 88' lang='lat' dir='ltr'><strong>lacilius</strong></span> <span class='ocrx_word' id='word_1_100' title='bbox 1134 1347 1176 1392; x_wconf 89' lang='lat' dir='ltr'><strong>re·</strong></span> 
     </span>
     <span class='ocr_line' id='line_1_14' title="bbox 179 1415 1175 1494; baseline -0.002 -16"><span class='ocrx_word' id='word_1_101' title='bbox 179 1425 311 1494; x_wconf 85' lang='lat' dir='ltr'><strong>geretur,</strong></span> <span class='ocrx_word' id='word_1_102' title='bbox 335 1418 413 1478; x_wconf 87' lang='lat' dir='ltr'><strong>duas</strong></span> <span class='ocrx_word' id='word_1_103' title='bbox 429 1417 568 1478; x_wconf 87' lang='lat' dir='ltr'><strong>triremes</strong></span> <span class='ocrx_word' id='word_1_104' title='bbox 584 1416 773 1492; x_wconf 87' lang='lat' dir='ltr'><strong>suppressit,</strong></span> <span class='ocrx_word' id='word_1_105' title='bbox 792 1417 884 1476; x_wconf 87' lang='lat' dir='ltr'><strong>unius&#39;</strong></span> <span class='ocrx_word' id='word_1_106' title='bbox 899 1416 1041 1492; x_wconf 88' lang='lat' dir='ltr'><strong>praelata</strong></span> <span class='ocrx_word' id='word_1_107' title='bbox 1059 1415 1175 1492; x_wconf 87' lang='lat' dir='ltr'><strong>impetu</strong></span> 
     </span>
     <span class='ocr_line' id='line_1_15' title="bbox 181 1501 1176 1578; baseline 0.001 -18"><span class='ocrx_word' id='word_1_108' title='bbox 181 1503 284 1563; x_wconf 89' lang='lat' dir='ltr'><strong>lateris</strong></span> <span class='ocrx_word' id='word_1_109' title='bbox 300 1501 424 1562; x_wconf 90' lang='lat' dir='ltr'><strong>alterius</strong></span> <span class='ocrx_word' id='word_1_110' title='bbox 440 1517 542 1564; x_wconf 91' lang='lat' dir='ltr'><strong>remos</strong></span> <span class='ocrx_word' id='word_1_111' title='bbox 559 1501 699 1573; x_wconf 71' lang='lat' dir='ltr'><strong>detersit,</strong></span> <span class='ocrx_word' id='word_1_112' title='bbox 729 1507 926 1577; x_wconf 87' lang='lat' dir='ltr'><strong>ceterasque,</strong></span> <span class='ocrx_word' id='word_1_113' title='bbox 949 1516 1031 1576; x_wconf 90' lang='lat' dir='ltr'><strong>quas</strong></span> <span class='ocrx_word' id='word_1_114' title='bbox 1048 1502 1176 1578; x_wconf 87' lang='lat' dir='ltr'><strong>indepta</strong></span> 
     </span>
     <span class='ocr_line' id='line_1_16' title="bbox 180 1581 1175 1663; baseline -0.001 -16"><span class='ocrx_word' id='word_1_115' title='bbox 180 1595 278 1660; x_wconf 88' lang='lat' dir='ltr'><strong>esset,</strong></span> <span class='ocrx_word' id='word_1_116' title='bbox 300 1588 482 1662; x_wconf 80' lang='lat' dir='ltr'><strong>mutuasset,</strong></span> <span class='ocrx_word' id='word_1_117' title='bbox 505 1589 535 1646; x_wconf 91' lang='lat' dir='ltr'><strong>ni</strong></span> <span class='ocrx_word' id='word_1_118' title='bbox 556 1601 624 1647; x_wconf 90' lang='lat' dir='ltr'><strong>cum</strong></span> <span class='ocrx_word' id='word_1_119' title='bbox 644 1584 772 1661; x_wconf 89' lang='lat' dir='ltr'><strong>reliquis</strong></span> <span class='ocrx_word' id='word_1_120' title='bbox 795 1586 931 1663; x_wconf 88' lang='lat' dir='ltr'><strong>quinque</strong></span> <span class='ocrx_word' id='word_1_121' title='bbox 951 1581 1094 1648; x_wconf 86' lang='lat' dir='ltr'><strong>navibus</strong></span> <span class='ocrx_word' id='word_1_122' title='bbox 1117 1587 1175 1647; x_wconf 83' lang='lat' dir='ltr'><strong>Ad-</strong></span> 
     </span>
     <span class='ocr_line' id='line_1_17' title="bbox 179 1670 820 1733; baseline -0.005 -3"><span class='ocrx_word' id='word_1_123' title='bbox 179 1671 284 1730; x_wconf 88' lang='lat' dir='ltr'><strong>herbal</strong></span> <span class='ocrx_word' id='word_1_124' title='bbox 300 1671 378 1731; x_wconf 87' lang='lat' dir='ltr'><strong>velis</strong></span> <span class='ocrx_word' id='word_1_125' title='bbox 393 1671 421 1731; x_wconf 95' lang='lat' dir='ltr'><strong>in</strong></span> <span class='ocrx_word' id='word_1_126' title='bbox 438 1671 573 1733; x_wconf 84' lang='lat' dir='ltr'><strong>Africam</strong></span> <span class='ocrx_word' id='word_1_127' title='bbox 588 1670 820 1731; x_wconf 85' lang='lat' dir='ltr'><strong>transmisisset.</strong></span> 
     </span>
    </p>

    <p class='ocr_par' dir='ltr' id='par_1_3' title="bbox 176 1753 1174 2936">
     <span class='ocr_line' id='line_1_18' title="bbox 262 1753 1174 1834; baseline 0.007 -19"><span class='ocrx_word' id='word_1_128' title='bbox 262 1753 367 1815; x_wconf 86' lang='lat' dir='ltr'><strong>XXXI.</strong></span> <span class='ocrx_word' id='word_1_129' title='bbox 389 1753 512 1816; x_wconf 86' lang='lat' dir='ltr'><strong>Laelius</strong></span> <span class='ocrx_word' id='word_1_130' title='bbox 523 1755 622 1816; x_wconf 90' lang='lat' dir='ltr'><strong>victor</strong></span> <span class='ocrx_word' id='word_1_131' title='bbox 630 1755 779 1816; x_wconf 83' lang='lat' dir='ltr'><strong>Carteiam</strong></span> <span class='ocrx_word' id='word_1_132' title='bbox 791 1761 933 1816; x_wconf 84' lang='lat' dir='ltr'><strong>revectus</strong></span> <span class='ocrx_word' id='word_1_133' title='bbox 948 1754 1081 1830; x_wconf 86' lang='lat' dir='ltr'><strong>auditis,</strong></span> <span class='ocrx_word' id='word_1_134' title='bbox 1100 1775 1174 1834; x_wconf 75' lang='lat' dir='ltr'><strong>quur</strong></span> 
     </span>
     <span class='ocr_line' id='line_1_19' title="bbox 179 1837 1174 1917; baseline 0.006 -20"><span class='ocrx_word' id='word_1_135' title='bbox 179 1845 246 1898; x_wconf 89' lang='lat' dir='ltr'><strong>aeta</strong></span> <span class='ocrx_word' id='word_1_136' title='bbox 255 1837 390 1900; x_wconf 89' lang='lat' dir='ltr'><strong>Gadibus</strong></span> <span class='ocrx_word' id='word_1_137' title='bbox 407 1845 500 1916; x_wconf 87' lang='lat' dir='ltr'><strong>erant,</strong></span> <span class='ocrx_word' id='word_1_138' title='bbox 515 1841 698 1916; x_wconf 78' lang='lat' dir='ltr'><strong>patefactam</strong></span> <span class='ocrx_word' id='word_1_139' title='bbox 711 1840 914 1916; x_wconf 86' lang='lat' dir='ltr'><strong>proditionem</strong></span> <span class='ocrx_word' id='word_1_140' title='bbox 927 1839 1174 1917; x_wconf 85' lang='lat' dir='ltr'><strong>coniuratosque</strong></span> 
     </span>
     <span class='ocr_line' id='line_1_20' title="bbox 179 1923 1174 2002; baseline 0.003 -19"><span class='ocrx_word' id='word_1_141' title='bbox 179 1925 292 1985; x_wconf 89' lang='lat' dir='ltr'><strong>missos</strong></span> <span class='ocrx_word' id='word_1_142' title='bbox 309 1923 535 2002; x_wconf 81' lang='lat' dir='ltr'><strong>Carthaginem,</strong></span> <span class='ocrx_word' id='word_1_143' title='bbox 559 1940 646 2000; x_wconf 89' lang='lat' dir='ltr'><strong>spem</strong></span> <span class='ocrx_word' id='word_1_144' title='bbox 668 1923 708 1985; x_wconf 92' lang='lat' dir='ltr'><strong>ad</strong></span> <span class='ocrx_word' id='word_1_145' title='bbox 729 1925 845 1985; x_wconf 89' lang='lat' dir='ltr'><strong>irritum</strong></span> <span class='ocrx_word' id='word_1_146' title='bbox 866 1923 1024 1984; x_wconf 88' lang='lat' dir='ltr'><strong>redactam</strong></span> <span class='ocrx_word' id='word_1_147' title='bbox 1043 1939 1112 2002; x_wconf 80' lang='lat' dir='ltr'><strong>qua</strong></span> <span class='ocrx_word' id='word_1_148' title='bbox 1127 1943 1174 1986; x_wconf 83' lang='lat' dir='ltr'><strong>ve</strong></span> 
     </span>
     <span class='ocr_line' id='line_1_21' title="bbox 180 2008 1174 2084; baseline 0.004 -17"><span class='ocrx_word' id='word_1_149' title='bbox 180 2010 310 2084; x_wconf 77' lang='lat' dir='ltr'><strong>cissent,</strong></span> <span class='ocrx_word' id='word_1_150' title='bbox 333 2009 444 2069; x_wconf 91' lang='lat' dir='ltr'><strong>nuntiis</strong></span> <span class='ocrx_word' id='word_1_151' title='bbox 460 2010 500 2070; x_wconf 91' lang='lat' dir='ltr'><strong>ad</strong></span> <span class='ocrx_word' id='word_1_152' title='bbox 515 2009 549 2068; x_wconf 91' lang='lat' dir='ltr'><strong>L.</strong></span> <span class='ocrx_word' id='word_1_153' title='bbox 563 2008 712 2069; x_wconf 86' lang='lat' dir='ltr'><strong>Marcium</strong></span> <span class='ocrx_word' id='word_1_154' title='bbox 726 2010 846 2083; x_wconf 89' lang='lat' dir='ltr'><strong>missis,</strong></span> <span class='ocrx_word' id='word_1_155' title='bbox 868 2008 927 2069; x_wconf 92' lang='lat' dir='ltr'><strong>nisi</strong></span> <span class='ocrx_word' id='word_1_156' title='bbox 943 2009 969 2069; x_wconf 91' lang='lat' dir='ltr'><strong>si</strong></span> <span class='ocrx_word' id='word_1_157' title='bbox 992 2017 1102 2071; x_wconf 85' lang='lat' dir='ltr'><strong>terere</strong></span> <span class='ocrx_word' id='word_1_158' title='bbox 1118 2013 1174 2071; x_wconf 88' lang='lat' dir='ltr'><strong>tru—</strong></span> 
     </span>
     <span class='ocr_line' id='line_1_22' title="bbox 179 2093 1174 2170; baseline 0.001 -16"><span class='ocrx_word' id='word_1_159' title='bbox 179 2099 241 2154; x_wconf 85' lang='lat' dir='ltr'><strong>stra</strong></span> <span class='ocrx_word' id='word_1_160' title='bbox 261 2101 382 2170; x_wconf 88' lang='lat' dir='ltr'><strong>tetnpus</strong></span> <span class='ocrx_word' id='word_1_161' title='bbox 410 2094 548 2154; x_wconf 92' lang='lat' dir='ltr'><strong>sedendo</strong></span> <span class='ocrx_word' id='word_1_162' title='bbox 576 2094 617 2154; x_wconf 91' lang='lat' dir='ltr'><strong>ad</strong></span> <span class='ocrx_word' id='word_1_163' title='bbox 639 2095 741 2155; x_wconf 90' lang='lat' dir='ltr'><strong>Gades</strong></span> <span class='ocrx_word' id='word_1_164' title='bbox 761 2094 888 2170; x_wconf 88' lang='lat' dir='ltr'><strong>vellent,</strong></span> <span class='ocrx_word' id='word_1_165' title='bbox 913 2093 1118 2156; x_wconf 87' lang='lat' dir='ltr'><strong>redeundum</strong></span> <span class='ocrx_word' id='word_1_166' title='bbox 1140 2096 1174 2156; x_wconf 88' lang='lat' dir='ltr'><strong>ad</strong></span> 
     </span>
     <span class='ocr_line' id='line_1_23' title="bbox 180 2178 1174 2260; baseline 0.005 -24"><span class='ocrx_word' id='word_1_167' title='bbox 180 2178 394 2254; x_wconf 90' lang='lat' dir='ltr'><strong>imperatorem</strong></span> <span class='ocrx_word' id='word_1_168' title='bbox 416 2195 502 2253; x_wconf 91' lang='lat' dir='ltr'><strong>esse,</strong></span> <span class='ocrx_word' id='word_1_169' title='bbox 527 2178 719 2254; x_wconf 89' lang='lat' dir='ltr'><strong>adsentiente</strong></span> <span class='ocrx_word' id='word_1_170' title='bbox 732 2179 849 2239; x_wconf 86' lang='lat' dir='ltr'><strong>Marcio</strong></span> <span class='ocrx_word' id='word_1_171' title='bbox 869 2191 990 2256; x_wconf 88' lang='lat' dir='ltr'><strong>paucos</strong></span> <span class='ocrx_word' id='word_1_172' title='bbox 1009 2188 1094 2260; x_wconf 87' lang='lat' dir='ltr'><strong>post</strong></span> <span class='ocrx_word' id='word_1_173' title='bbox 1110 2181 1174 2242; x_wconf 92' lang='lat' dir='ltr'><strong>dies</strong></span> 
     </span>
     <span class='ocr_line' id='line_1_24' title="bbox 178 2262 1173 2340; baseline 0.004 -18"><span class='ocrx_word' id='word_1_174' title='bbox 178 2263 268 2323; x_wconf 90' lang='lat' dir='ltr'><strong>ambo</strong></span> <span class='ocrx_word' id='word_1_175' title='bbox 292 2262 503 2339; x_wconf 81' lang='lat' dir='ltr'><strong>Carthaginem</strong></span> <span class='ocrx_word' id='word_1_176' title='bbox 524 2262 654 2323; x_wconf 88' lang='lat' dir='ltr'><strong>rediere.</strong></span> <span class='ocrx_word' id='word_1_177' title='bbox 693 2263 885 2340; x_wconf 88' lang='lat' dir='ltr'><strong>adquorum</strong></span> <span class='ocrx_word' id='word_1_178' title='bbox 909 2264 1090 2326; x_wconf 89' lang='lat' dir='ltr'><strong>discessum</strong></span> <span class='ocrx_word' id='word_1_179' title='bbox 1115 2283 1173 2326; x_wconf 91' lang='lat' dir='ltr'><strong>non</strong></span> 
     </span>
     <span class='ocr_line' id='line_1_25' title="bbox 177 2345 1172 2426; baseline 0.008 -22"><span class='ocrx_word' id='word_1_180' title='bbox 177 2347 342 2423; x_wconf 88' lang='lat' dir='ltr'><strong>respiravit</strong></span> <span class='ocrx_word' id='word_1_181' title='bbox 362 2347 455 2408; x_wconf 93' lang='lat' dir='ltr'><strong>modo</strong></span> <span class='ocrx_word' id='word_1_182' title='bbox 470 2345 578 2423; x_wconf 85' lang='lat' dir='ltr'><strong>Mago,</strong></span> <span class='ocrx_word' id='word_1_183' title='bbox 602 2363 669 2407; x_wconf 89' lang='lat' dir='ltr'><strong>eum</strong></span> <span class='ocrx_word' id='word_1_184' title='bbox 684 2355 766 2408; x_wconf 90' lang='lat' dir='ltr'><strong>terra</strong></span> <span class='ocrx_word' id='word_1_185' title='bbox 787 2349 926 2426; x_wconf 84' lang='lat' dir='ltr'><strong>marique</strong></span> <span class='ocrx_word' id='word_1_186' title='bbox 940 2349 1074 2426; x_wconf 83' lang='lat' dir='ltr'><strong>¹ancipiti</strong></span> <span class='ocrx_word' id='word_1_187' title='bbox 1091 2359 1172 2412; x_wconf 89' lang='lat' dir='ltr'><strong>metu</strong></span> 
     </span>
     <span class='ocr_line' id='line_1_26' title="bbox 176 2428 1172 2511; baseline 0.006 -21"><span class='ocrx_word' id='word_1_188' title='bbox 176 2439 343 2508; x_wconf 88' lang='lat' dir='ltr'><strong>urgeretur,</strong></span> <span class='ocrx_word' id='word_1_189' title='bbox 364 2432 420 2494; x_wconf 91' lang='lat' dir='ltr'><strong>sed</strong></span> <span class='ocrx_word' id='word_1_190' title='bbox 436 2433 524 2510; x_wconf 84' lang='lat' dir='ltr'><strong>etlam</strong></span> <span class='ocrx_word' id='word_1_191' title='bbox 540 2432 643 2493; x_wconf 86' lang='lat' dir='ltr'><strong>audita</strong></span> <span class='ocrx_word' id='word_1_192' title='bbox 658 2432 826 2493; x_wconf 88' lang='lat' dir='ltr'><strong>rebellione</strong></span> <span class='ocrx_word' id='word_1_193' title='bbox 838 2428 1000 2509; x_wconf 82' lang='lat' dir='ltr'><strong>Ilergetum</strong></span> <span class='ocrx_word' id='word_1_194' title='bbox 1016 2449 1114 2511; x_wconf 91' lang='lat' dir='ltr'><strong>spem</strong></span> <span class='ocrx_word' id='word_1_195' title='bbox 1129 2454 1172 2496; x_wconf 91' lang='lat' dir='ltr'><strong>re-</strong></span> 
     </span>
     <span class='ocr_line' id='line_1_27' title="bbox 178 2515 1171 2594; baseline 0.007 -20"><span class='ocrx_word' id='word_1_196' title='bbox 178 2517 374 2592; x_wconf 86' lang='lat' dir='ltr'><strong>cuperandae</strong></span> <span class='ocrx_word' id='word_1_197' title='bbox 394 2515 562 2594; x_wconf 87' lang='lat' dir='ltr'><strong>Hispaniae</strong></span> <span class='ocrx_word' id='word_1_198' title='bbox 583 2523 712 2578; x_wconf 90' lang='lat' dir='ltr'><strong>nanctus</strong></span> <span class='ocrx_word' id='word_1_199' title='bbox 740 2515 863 2578; x_wconf 90' lang='lat' dir='ltr'><strong>nuntios</strong></span> <span class='ocrx_word' id='word_1_200' title='bbox 885 2515 1107 2594; x_wconf 83' lang='lat' dir='ltr'><strong>Carthaginem</strong></span> <span class='ocrx_word' id='word_1_201' title='bbox 1136 2521 1171 2580; x_wconf 86' lang='lat' dir='ltr'><strong>ad</strong></span> 
     </span>
     <span class='ocr_line' id='line_1_28' title="bbox 178 2601 1171 2684; baseline 0.004 -24"><span class='ocrx_word' id='word_1_202' title='bbox 178 2607 318 2661; x_wconf 90' lang='lat' dir='ltr'><strong>senatum</strong></span> <span class='ocrx_word' id='word_1_203' title='bbox 337 2601 439 2676; x_wconf 92' lang='lat' dir='ltr'><strong>mittit,</strong></span> <span class='ocrx_word' id='word_1_204' title='bbox 470 2602 521 2676; x_wconf 91' lang='lat' dir='ltr'><strong>qui</strong></span> <span class='ocrx_word' id='word_1_205' title='bbox 544 2601 634 2663; x_wconf 92' lang='lat' dir='ltr'><strong>simul</strong></span> <span class='ocrx_word' id='word_1_206' title='bbox 655 2601 837 2662; x_wconf 86' lang='lat' dir='ltr'><strong>seditionem</strong></span> <span class='ocrx_word' id='word_1_207' title='bbox 859 2601 980 2663; x_wconf 86' lang='lat' dir='ltr'><strong>civilem</strong></span> <span class='ocrx_word' id='word_1_208' title='bbox 997 2603 1032 2664; x_wconf 76' lang='lat' dir='ltr'><strong>&#39;iu</strong></span> <span class='ocrx_word' id='word_1_209' title='bbox 1049 2605 1171 2684; x_wconf 85' lang='lat' dir='ltr'><strong>¹castris</strong></span> 
     </span>
     <span class='ocr_line' id='line_1_29' title="bbox 176 2682 1170 2758; baseline 0.005 -15"><span class='ocrx_word' id='word_1_210' title='bbox 176 2683 332 2758; x_wconf 84' lang='lat' dir='ltr'><strong>Romanis,</strong></span> <span class='ocrx_word' id='word_1_211' title='bbox 349 2685 438 2745; x_wconf 93' lang='lat' dir='ltr'><strong>simul</strong></span> <span class='ocrx_word' id='word_1_212' title='bbox 451 2685 655 2748; x_wconf 87' lang='lat' dir='ltr'><strong>delectionem</strong></span> <span class='ocrx_word' id='word_1_213' title='bbox 668 2682 868 2748; x_wconf 73' lang='lat' dir='ltr'><strong>sociorum&#39;in</strong></span> <span class='ocrx_word' id='word_1_214' title='bbox 880 2687 980 2748; x_wconf 82' lang='lat' dir='ltr'><strong>maius</strong></span> <span class='ocrx_word' id='word_1_215' title='bbox 993 2689 1102 2752; x_wconf 67' lang='lat' dir='ltr'><strong>verbis</strong></span> <span class='ocrx_word' id='word_1_216' title='bbox 1120 2707 1170 2750; x_wconf 84' lang='lat' dir='ltr'><strong>cx-</strong></span> 
     </span>
     <span class='ocr_line' id='line_1_30' title="bbox 177 2765 1169 2853; baseline 0.005 -24"><span class='ocrx_word' id='word_1_217' title='bbox 177 2766 317 2829; x_wconf 90' lang='lat' dir='ltr'><strong>tollentes</strong></span> <span class='ocrx_word' id='word_1_218' title='bbox 332 2767 506 2845; x_wconf 88' lang='lat' dir='ltr'><strong>hortentur,</strong></span> <span class='ocrx_word' id='word_1_219' title='bbox 525 2777 557 2831; x_wconf 89' lang='lat' dir='ltr'><strong>ut</strong></span> <span class='ocrx_word' id='word_1_220' title='bbox 577 2769 691 2831; x_wconf 87' lang='lat' dir='ltr'><strong>auxilia</strong></span> <span class='ocrx_word' id='word_1_221' title='bbox 705 2765 882 2846; x_wconf 72' lang='lat' dir='ltr'><strong>mitterent,</strong></span> <span class='ocrx_word' id='word_1_222' title='bbox 895 2771 1007 2853; x_wconf 84' lang='lat' dir='ltr'><strong>qulbus</strong></span> <span class='ocrx_word' id='word_1_223' title='bbox 1021 2773 1169 2836; x_wconf 74' lang='lat' dir='ltr'><strong>nuditum</strong></span> 
     </span>
     <span class='ocr_line' id='line_1_31' title="bbox 177 2849 964 2936; baseline 0.008 -26"><span class='ocrx_word' id='word_1_224' title='bbox 177 2865 196 2910; x_wconf 86' lang='lat' dir='ltr'><strong>a</strong></span> <span class='ocrx_word' id='word_1_225' title='bbox 210 2851 347 2928; x_wconf 88' lang='lat' dir='ltr'><strong>patribus</strong></span> <span class='ocrx_word' id='word_1_226' title='bbox 363 2853 521 2928; x_wconf 90' lang='lat' dir='ltr'><strong>imperium</strong></span> <span class='ocrx_word' id='word_1_227' title='bbox 536 2855 704 2930; x_wconf 88' lang='lat' dir='ltr'><strong>Hispaniae</strong></span> <span class='ocrx_word' id='word_1_228' title='bbox 718 2855 816 2931; x_wconf 89' lang='lat' dir='ltr'><strong>repeti</strong></span> <span class='ocrx_word' id='word_1_229' title='bbox 831 2849 964 2936; x_wconf 76' lang='lat' dir='ltr'><strong>posset‘</strong></span> 
     </span>
    </p>

    <p class='ocr_par' dir='ltr' id='par_1_4' title="bbox 175 2931 1167 3650">
     <span class='ocr_line' id='line_1_32' title="bbox 260 2931 1167 3024; baseline 0.009 -28"><span class='ocrx_word' id='word_1_230' title='bbox 260 2931 445 2998; x_wconf 86' lang='lat' dir='ltr'><strong>Mandonius</strong></span> <span class='ocrx_word' id='word_1_231' title='bbox 471 2945 501 2999; x_wconf 90' lang='lat' dir='ltr'><strong>et</strong></span> <span class='ocrx_word' id='word_1_232' title='bbox 521 2939 667 3001; x_wconf 90' lang='lat' dir='ltr'><strong>Indebilis</strong></span> <span class='ocrx_word' id='word_1_233' title='bbox 688 2939 717 2999; x_wconf 92' lang='lat' dir='ltr'><strong>in</strong></span> <span class='ocrx_word' id='word_1_234' title='bbox 742 2941 820 3002; x_wconf 88' lang='lat' dir='ltr'><strong>lines</strong></span> <span class='ocrx_word' id='word_1_235' title='bbox 841 2941 976 3024; x_wconf 79' lang='lat' dir='ltr'><strong>regressi</strong></span> <span class='ocrx_word' id='word_1_236' title='bbox 998 2939 1167 3023; x_wconf 78' lang='lat' dir='ltr'><strong>paulisper,</strong></span> 
     </span>
     <span class='ocr_line' id='line_1_33' title="bbox 177 3020 1166 3108; baseline 0.005 -27"><span class='ocrx_word' id='word_1_237' title='bbox 177 3020 250 3081; x_wconf 92' lang='lat' dir='ltr'><strong>dum</strong></span> <span class='ocrx_word' id='word_1_238' title='bbox 272 3023 419 3098; x_wconf 90' lang='lat' dir='ltr'><strong>quidnam</strong></span> <span class='ocrx_word' id='word_1_239' title='bbox 440 3024 479 3084; x_wconf 92' lang='lat' dir='ltr'><strong>de</strong></span> <span class='ocrx_word' id='word_1_240' title='bbox 494 3021 646 3086; x_wconf 88' lang='lat' dir='ltr'><strong>seditione</strong></span> <span class='ocrx_word' id='word_1_241' title='bbox 667 3027 849 3108; x_wconf 85' lang='lat' dir='ltr'><strong>statueretur</strong></span> <span class='ocrx_word' id='word_1_242' title='bbox 868 3027 997 3101; x_wconf 90' lang='lat' dir='ltr'><strong>scirent,</strong></span> <span class='ocrx_word' id='word_1_243' title='bbox 1019 3025 1166 3104; x_wconf 87' lang='lat' dir='ltr'><strong>suspensi</strong></span> 
     </span>
     <span class='ocr_line' id='line_1_34' title="bbox 177 3105 1165 3192; baseline 0.008 -27"><span class='ocrx_word' id='word_1_244' title='bbox 177 3105 367 3184; x_wconf 89' lang='lat' dir='ltr'><strong>quieverunt,</strong></span> <span class='ocrx_word' id='word_1_245' title='bbox 389 3108 415 3168; x_wconf 93' lang='lat' dir='ltr'><strong>si</strong></span> <span class='ocrx_word' id='word_1_246' title='bbox 431 3109 542 3170; x_wconf 84' lang='lat' dir='ltr'><strong>civium</strong></span> <span class='ocrx_word' id='word_1_247' title='bbox 558 3109 654 3170; x_wconf 90' lang='lat' dir='ltr'><strong>errori</strong></span> <span class='ocrx_word' id='word_1_248' title='bbox 669 3109 888 3192; x_wconf 86' lang='lat' dir='ltr'><strong>ignosceretur,</strong></span> <span class='ocrx_word' id='word_1_249' title='bbox 909 3126 971 3171; x_wconf 93' lang='lat' dir='ltr'><strong>non</strong></span> <span class='ocrx_word' id='word_1_250' title='bbox 988 3109 1165 3173; x_wconf 85' lang='lat' dir='ltr'><strong>diffidentes</strong></span> 
     </span>
     <span class='ocr_line' id='line_1_35' title="bbox 176 3189 1164 3274; baseline 0.008 -26"><span class='ocrx_word' id='word_1_251' title='bbox 176 3189 235 3250; x_wconf 91' lang='lat' dir='ltr'><strong>sibi</strong></span> <span class='ocrx_word' id='word_1_252' title='bbox 251 3209 376 3267; x_wconf 92' lang='lat' dir='ltr'><strong>quoque</strong></span> <span class='ocrx_word' id='word_1_253' title='bbox 390 3191 509 3269; x_wconf 90' lang='lat' dir='ltr'><strong>ignosci</strong></span> <span class='ocrx_word' id='word_1_254' title='bbox 524 3209 630 3269; x_wconf 90' lang='lat' dir='ltr'><strong>posse.</strong></span> <span class='ocrx_word' id='word_1_255' title='bbox 669 3202 835 3274; x_wconf 87' lang='lat' dir='ltr'><strong>postquam</strong></span> <span class='ocrx_word' id='word_1_256' title='bbox 854 3195 977 3274; x_wconf 87' lang='lat' dir='ltr'><strong>vulgata</strong></span> <span class='ocrx_word' id='word_1_257' title='bbox 991 3191 1041 3256; x_wconf 86' lang='lat' dir='ltr'><strong>es&#39;t</strong></span> <span class='ocrx_word' id='word_1_258' title='bbox 1055 3198 1164 3258; x_wconf 87' lang='lat' dir='ltr'><strong>atroci-</strong></span> 
     </span>
     <span class='ocr_line' id='line_1_36' title="bbox 175 3276 1162 3358; baseline 0.011 -27"><span class='ocrx_word' id='word_1_259' title='bbox 175 3279 223 3333; x_wconf 84' lang='lat' dir='ltr'><strong>tas</strong></span> <span class='ocrx_word' id='word_1_260' title='bbox 239 3276 391 3351; x_wconf 90' lang='lat' dir='ltr'><strong>supplicii,</strong></span> <span class='ocrx_word' id='word_1_261' title='bbox 407 3293 494 3338; x_wconf 91' lang='lat' dir='ltr'><strong>suam</strong></span> <span class='ocrx_word' id='word_1_262' title='bbox 507 3293 632 3355; x_wconf 92' lang='lat' dir='ltr'><strong>quoque</strong></span> <span class='ocrx_word' id='word_1_263' title='bbox 646 3295 760 3338; x_wconf 86' lang='lat' dir='ltr'><strong>noxam</strong></span> <span class='ocrx_word' id='word_1_264' title='bbox 775 3279 842 3356; x_wconf 89' lang='lat' dir='ltr'><strong>pari</strong></span> <span class='ocrx_word' id='word_1_265' title='bbox 857 3279 1162 3358; x_wconf 78' lang='lat' dir='ltr'><strong>poena&#39;acstimatam</strong></span> 
     </span>
     <span class='ocr_line' id='line_1_37' title="bbox 175 3357 1162 3441; baseline 0.013 -28"><span class='ocrx_word' id='word_1_266' title='bbox 175 3357 259 3433; x_wconf 86' lang='lat' dir='ltr'><strong>rati,</strong></span> <span class='ocrx_word' id='word_1_267' title='bbox 274 3360 393 3420; x_wconf 85' lang='lat' dir='ltr'><strong>vocatis</strong></span> <span class='ocrx_word' id='word_1_268' title='bbox 414 3373 522 3422; x_wconf 75' lang='lat' dir='ltr'><strong>narsus</strong></span> <span class='ocrx_word' id='word_1_269' title='bbox 544 3361 584 3421; x_wconf 87' lang='lat' dir='ltr'><strong>ad</strong></span> <span class='ocrx_word' id='word_1_270' title='bbox 605 3377 690 3421; x_wconf 89' lang='lat' dir='ltr'><strong>arma</strong></span> <span class='ocrx_word' id='word_1_271' title='bbox 710 3363 911 3438; x_wconf 87' lang='lat' dir='ltr'><strong>popularibus</strong></span> <span class='ocrx_word' id='word_1_272' title='bbox 922 3367 1162 3441; x_wconf 77' lang='lat' dir='ltr'><strong>&#39;&#39;contractisque</strong></span> 
     </span>
     <span class='ocr_line' id='line_1_38' title="bbox 177 3443 1162 3524; baseline 0.012 -28"><span class='ocrx_word' id='word_1_273' title='bbox 177 3453 257 3510; x_wconf 90' lang='lat' dir='ltr'><strong>quae</strong></span> <span class='ocrx_word' id='word_1_274' title='bbox 276 3448 347 3501; x_wconf 89' lang='lat' dir='ltr'><strong>ante</strong></span> <span class='ocrx_word' id='word_1_275' title='bbox 367 3443 536 3505; x_wconf 87' lang='lat' dir='ltr'><strong>habuerant</strong></span> <span class='ocrx_word' id='word_1_276' title='bbox 555 3445 676 3504; x_wconf 84' lang='lat' dir='ltr'><strong>auxiliis</strong></span> <span class='ocrx_word' id='word_1_277' title='bbox 698 3447 728 3506; x_wconf 92' lang='lat' dir='ltr'><strong>in</strong></span> <span class='ocrx_word' id='word_1_278' title='bbox 749 3450 939 3508; x_wconf 85' lang='lat' dir='ltr'><strong>Ausetanum</strong></span> <span class='ocrx_word' id='word_1_279' title='bbox 961 3463 1085 3524; x_wconf 82' lang='lat' dir='ltr'><strong>agrum,</strong></span> <span class='ocrx_word' id='word_1_280' title='bbox 1113 3449 1162 3509; x_wconf 92' lang='lat' dir='ltr'><strong>ubl</strong></span> 
     </span>
     <span class='ocr_line' id='line_1_39' title="bbox 177 3519 1157 3650; baseline 0.017 -75"><span class='ocrx_word' id='word_1_281' title='bbox 177 3519 327 3598; x_wconf 87' lang='lat' dir='ltr'><strong>principio</strong></span> <span class='ocrx_word' id='word_1_282' title='bbox 344 3525 525 3588; x_wconf 90' lang='lat' dir='ltr'><strong>delectionis</strong></span> <span class='ocrx_word' id='word_1_283' title='bbox 541 3528 650 3587; x_wconf 87' lang='lat' dir='ltr'><strong>stativa</strong></span> <span class='ocrx_word' id='word_1_284' title='bbox 671 3528 856 3608; x_wconf 88' lang='lat' dir='ltr'><strong>habuerant,</strong></span> <span class='ocrx_word' id='word_1_285' title='bbox 879 3533 1070 3650; x_wconf 45' lang='lat' dir='ltr'><strong>euertgtntt</strong></span> <span class='ocrx_word' id='word_1_286' title='bbox 1086 3532 1157 3593; x_wconf 90' lang='lat' dir='ltr'><strong>mili·</strong></span> 
     </span>
    </p>
   </div>
   <div class='ocr_carea' id='block_1_3' title="bbox 0 0 1222 3893">
    <p class='ocr_par' dir='ltr' id='par_1_5' title="bbox 0 0 1222 3893">
     <span class='ocr_line' id='line_1_40' title="bbox 0 0 1222 3893; baseline 0 0"><span class='ocrx_word' id='word_1_287' title='bbox 0 0 1222 3893; x_wconf 95' lang='lat' dir='ltr'><strong> </strong></span> 
     </span>
    </p>
   </div>
   <div class='ocr_carea' id='block_1_4' title="bbox 914 3685 1049 3782">
    <p class='ocr_par' dir='ltr' id='par_1_6' title="bbox 914 3685 1049 3782">
     <span class='ocr_line' id='line_1_41' title="bbox 941 3685 1028 3716; baseline 0 -4"><span class='ocrx_word' id='word_1_288' title='bbox 941 3685 1028 3716; x_wconf 51' lang='lat' dir='ltr'><strong>*su-‘ux</strong></span> 
     </span>
     <span class='ocr_line' id='line_1_42' title="bbox 923 3703 1049 3762; baseline -0.008 0"><span class='ocrx_word' id='word_1_289' title='bbox 923 3703 1049 3762; x_wconf 58' lang='lat' dir='ltr'><strong>t*</strong></span> 
     </span>
     <span class='ocr_line' id='line_1_43' title="bbox 914 3762 1006 3782; baseline 0.022 -2"><span class='ocrx_word' id='word_1_290' title='bbox 914 3762 941 3782; x_wconf 52' lang='lat' dir='ltr'><strong>ft:</strong></span> <span class='ocrx_word' id='word_1_291' title='bbox 1003 3767 1006 3772; x_wconf 89' lang='lat'>·</span> 
     </span>
    </p>
   </div>
  </div>
 </body>
</html>
