2428 3892
231 239 344 302 LtBhR
358 239 465 302 xxvl.
487 239 570 302 cAP.
584 249 628 304 aa.
643 247 687 304 ao.
710 247 747 318 [ι.
763 247 795 302 c.
809 247 872 316 aro]
978 239 1038 308 141

66 396 134 456 duur
147 393 264 456 Siculos
277 393 511 471 Campanosque
526 393 647 470 plebem
662 394 833 455 Romanam
847 395 1036 471 perdendam

65 479 310 555 ⁴lacerandamque
331 477 390 538 sibi
410 477 555 540 consules
577 477 760 555 sumpsisse.
799 496 855 555 pcr
873 485 918 540 tot
938 497 1036 542 annos

65 564 167 624 tributo
187 563 356 624 exhaustos
377 561 451 622 nihil
465 561 575 638 reliqui
591 571 712 638 praeter
733 569 844 624 terram
865 565 979 626 nudam
1000 581 1037 626 ao

66 654 174 708 vastam
187 645 310 706 habere.
342 654 422 707 tecta
435 645 542 706 hostes
557 645 744 723 incendisse,
768 663 878 710 servos
893 647 958 724 agri
974 649 1036 711 eul-

66 740 140 791 tores
159 747 221 790 rem
237 731 391 806 publicam
411 729 596 806 abduxisse,
618 746 699 791 nunc
719 731 761 791 ad
781 730 916 792 militiam
937 749 1034 809 parvo

64 815 277 890 remanendo,
290 831 371 876 nunc
382 814 514 890 remiges
526 813 717 890 imperando.
731 815 759 875 si
772 815 846 892 quid
858 817 907 878 cui
919 819 1035 894 argenti

67 899 174 960 aerisve
188 899 292 973 luerit,
315 898 468 974 stipendio
484 897 633 972 remigum
647 906 677 959 ct
692 897 810 961 tributis
826 901 936 962 annuis
951 900 1034 963 abla-

38 1001 40 1004 ·
69 991 128 1042 tum.
155 999 198 1058 se,
213 990 247 1044 ut
259 984 332 1044 dent
344 983 429 1058 quod
439 998 501 1043 non
512 981 653 1056 habeant,
674 983 757 1044 nulla
769 983 801 1043 vi
810 985 894 1046 nullo
905 985 1034 1061 imperio

67 1067 125 1142 cogi
134 1083 238 1142 posse.
266 1067 350 1128 bona
359 1083 417 1128 sua
429 1067 605 1142 venderent,
626 1067 656 1127 in
668 1083 809 1144 corpora,
824 1085 905 1146 quac
916 1070 1034 1147 reliqua

65 1159 165 1228 cssenl,
184 1151 348 1213 saevirent.
382 1167 422 1212 ne
435 1151 518 1212 unde
532 1151 719 1213 redimantur
731 1152 854 1228 quidem
869 1154 1034 1230 quicquam

67 1251 230 1311 superesse.
252 1236 331 1296 haec
346 1251 408 1296 non
423 1235 452 1296 in
468 1236 599 1311 occulto,
614 1237 671 1297 sed
686 1238 846 1312 propalam
861 1238 891 1298 in
906 1238 973 1300 loro
989 1245 1033 1300 at-

68 1335 118 1392 quc
130 1321 224 1382 oculis
238 1321 379 1396 ipsorum
389 1321 550 1381 consulum
563 1319 671 1395 ingens
684 1319 772 1382 turba
787 1320 963 1384 circumfusi
973 1324 1033 1383 ire·

66 1402 187 1478 nebant,
209 1421 269 1464 nec
285 1420 340 1466 eos
356 1404 467 1466 sedare
489 1405 634 1466 consules
650 1420 731 1466 nunc
752 1405 931 1482 castigando
952 1421 1033 1468 nuuc

65 1489 242 1551 consolando
264 1495 415 1565 poterant
449 1489 583 1565 spatium
603 1489 716 1552 deinde
738 1489 776 1550 iis
796 1490 887 1551 tridui
903 1507 937 1550 se
960 1491 1033 1552 dare

66 1573 99 1630 od
111 1574 305 1648 cogitandruu
315 1573 473 1644 dixerunt;
490 1591 551 1648 quo
562 1573 623 1650 ipsi
638 1573 753 1634 adrem
767 1575 989 1651 inspiciendam
1004 1583 1034 1636 et

65 1657 279 1732 expediendam
299 1658 348 1718 usi
370 1664 451 1718 sunt.
489 1653 639 1719 senatum
649 1666 775 1734 postero
792 1659 842 1719 die
863 1659 1034 1721 habuerunt

66 1739 98 1798 de
113 1743 260 1819 remigum
281 1741 511 1818 supplemento;
533 1741 586 1803 ubi
607 1759 676 1804 cum
690 1744 783 1804 multa
803 1743 1032 1822 disseruissent,

65 1839 219 1902 curaeque
233 1825 336 1903 plebis
350 1826 504 1887 recusatio
519 1833 611 1902 esset,
633 1835 788 1890 verterunt
801 1828 970 1890 orationem
984 1844 1032 1905 eo,

66 1915 91 1967 ut
108 1909 239 1972 dicerem
253 1910 383 1987 privatis
398 1911 431 1971 id
444 1927 500 1971 seu
515 1927 649 1986 aequum
664 1927 719 1972 seu
738 1912 877 1988 iniquum
894 1928 972 1974 onus
987 1913 1031 1973 ἰη-Ι

66 1993 235 2068 iungendum
251 2011 338 2056 esse:
361 2012 432 2055 nam
445 1994 542 2070 unde,
563 2011 632 2058 cum
646 1996 777 2072 pecunia
791 1994 821 2055 in
837 1995 955 2057 aerario
970 2011 1031 2057 uon

64 2085 150 2150 esset,
171 2089 337 2156 paraturos
358 2081 485 2140 navales
505 2079 632 2141 sociosl
654 2095 715 2156 quo
731 2079 824 2141 modo
843 2086 945 2141 autem
965 2078 1032 2141 sine

64 2161 201 2225 classibus
217 2172 274 2225 aut
287 2163 422 2226 Siciliam
438 2163 567 2225 obtineri
582 2171 634 2224 aut
646 2164 733 2224 Italia
746 2163 916 2239 Philippum
932 2163 1032 2224 arceri

63 2261 146 2317 posse
160 2258 212 2311 aut
224 2256 292 2310 tuta
303 2248 407 2308 Italiac
421 2249 511 2309 litora
525 2255 618 2310 esset
635 2247 768 2309 XXXVI.
784 2263 853 2310 cum
863 2247 894 2307 in
904 2248 962 2308 hac
975 2247 1031 2307 dil·

65 2329 182 2393 licultate
201 2349 305 2394 rerum
321 2332 483 2393 consilium
497 2331 652 2406 haereret,
674 2348 711 2392 ac
726 2348 825 2408 prope
844 2337 950 2407 torpor
966 2331 1031 2406 qui-

63 2413 123 2474 dam
142 2423 330 2493 occupasset
350 2417 507 2476 hominum
526 2423 658 2492 mentes,
678 2422 741 2477 turn
754 2415 907 2477 Laevinus
923 2415 1031 2476 consul

63 2499 244 2574 monstratus
258 2501 377 2562 senatui
389 2509 420 2562 et
430 2507 570 2561 senatum
582 2501 708 2576 populo,
723 2501 803 2562 sicut
813 2499 931 2562 honore
942 2515 1030 2576 prae·

64 2588 139 2657 stem
160 2585 202 2646 ita
216 2585 257 2646 ad
275 2585 385 2659 omnia,
401 2600 481 2660 quae
495 2585 573 2645 dura
587 2591 678 2660 atque
693 2600 807 2660 aspera
820 2590 934 2658 essent,
958 2585 1030 2645 sub·
1087 2607 1090 2612 ¹

63 2669 151 2730 cunda
164 2671 262 2730 duces
274 2669 388 2729 debere
403 2684 484 2728 csse.
506 2669 554 2744 „si
570 2669 644 2744 quid
658 2668 816 2745 iniungere
829 2667 965 2730 inferiori
978 2683 1030 2728 ve·

64 2748 106 2823 lis,
125 2754 156 2814 id
169 2753 256 2829 prius
277 2753 308 2812 in
323 2758 353 2812 le
368 2769 405 2812 ac
419 2759 490 2814 tuos
505 2752 532 2812 si
552 2752 620 2828 ipse
641 2753 715 2814 iuris
730 2753 888 2830 statueris,
910 2753 1030 2814 lucilius

63 2850 157 2898 onrucs
173 2837 357 2899 obedientes
371 2835 499 2897 babeas.
534 2853 593 2897 nec
606 2837 746 2912 impensa
759 2836 863 2914 gravis
879 2844 939 2914 est,
962 2853 1030 2899 curn

62 2933 96 2976 ex
113 2936 148 2981 ea
166 2923 239 2998 plus
263 2938 356 2998 quam
375 2937 432 2998 pro
454 2919 534 2981 virili
555 2929 643 2996 parte
664 2917 722 2982 sibi
743 2938 897 2998 quemque
918 2934 1030 2998 cupere

63 3002 221 3082 principum
236 3006 352 3067 vident.
384 3005 488 3080 itaque
504 3005 622 3066 classes
638 3005 665 3066 si
679 3004 794 3066 habere
808 3013 900 3082 atquc
920 3013 1030 3066 ornare

64 3087 190 3150 volumus
212 3090 362 3168 populum
382 3090 569 3164 Romanum,
591 3090 728 3165 privatos
749 3090 816 3150 sine
835 3089 1030 3150 recusatione

63 3172 179 3250 remiges
195 3175 278 3248 dare,
293 3172 446 3236 nobismet
460 3173 537 3248 ipsis
552 3173 683 3250 primurn
696 3174 890 3252 imperemus.
923 3185 1029 3232 aurum

64 3265 208 3330 argentum
228 3258 381 3334 signatum
404 3273 494 3318 omne
517 3274 571 3318 aes
593 3265 751 3318 senatores
773 3255 905 3318 crastino
927 3254 977 3314 die
997 3251 1028 3312 in

65 3338 202 3409 lublicum
222 3344 434 3416 conferamus,
456 3341 497 3402 ita
510 3350 544 3402 ut
564 3344 672 3402 anulos
688 3340 746 3401 sibi
761 3340 892 3417 quisque
912 3343 943 3398 et
957 3337 1029 3397 con·

64 3419 115 3497 'luel
128 3433 157 3486 et
171 3427 283 3498 liberis
300 3435 330 3488 et
340 3427 403 3488 lilio
414 3425 538 3502 bullam,
555 3434 584 3487 et
599 3426 709 3502 quibus
725 3439 805 3484 uxor
814 3422 935 3483 illiaeve
949 3423 1029 3494 sunt,

65 3503 187 3581 tingtrlas
201 3511 307 3574 uncias
323 3511 427 3588 pondo
444 3511 509 3572 auri
524 3511 712 3586 relinquant;
727 3505 852 3581 agenti,
869 3505 919 3582 qui
934 3501 1028 3566 curuli
