2466 3900
161 219 183 282 8
331 221 447 281 ntulit
459 221 566 282 xxiv.
587 218 671 280 cAP.
685 225 713 282 t.
722 225 750 282 8-
771 225 808 294 [a
824 222 859 275 U.
874 241 899 276 a.
913 222 978 290 537]

161 387 218 434 nes
232 377 348 432 mutum
361 371 512 430 intervalli
526 370 607 442 lecit,
630 377 670 445 ut,
689 384 759 429 cum
771 369 803 428 ia
816 376 1061 445 praetereuntem
1076 368 1147 430 sine

160 455 284 518 minatis
298 469 402 529 regern
415 455 548 530 impetus
562 455 665 528 lieret,
687 451 904 514 confoderetur
923 452 1042 528 aliquot
1055 453 1146 530 prius

160 539 337 602 vulneribus
353 555 445 613 quam
459 529 729 613 succurri'posset
754 538 888 596 clamore
902 545 933 598 et
946 538 1075 598 tumultu
1089 553 1146 596 au·

161 625 225 684 dito
244 625 275 684 in
287 622 488 683 Dinomenem
507 621 568 682 iam
582 621 666 683 baud
680 619 774 682 dubie
795 619 968 681 obstantem
981 622 1043 682 tela
1057 621 1145 683 coni-

160 709 294 782 ciuntur,
324 706 404 768 inter
423 721 504 782 quae
526 713 627 765 tamen
653 705 775 766 duobus
801 706 938 781 acceptis
963 705 1146 766 uulneribus

160 792 269 852 evasit.
300 791 376 865 luga
390 790 565 861 satellitum,
588 796 622 850 ut
634 791 784 850 iacentem
798 789 1039 864 videreregem,
1061 790 1148 850 lacta

159 883 217 935 est
249 875 461 934 interfectores
481 889 555 950 pars
570 875 601 932 in
621 875 721 934 iorum
741 873 772 932 in
793 873 1016 934 multitudinem
1030 874 1148 933 laetam

159 959 306 1033 libertate,
329 975 404 1035 pars
418 958 591 1035 Syracusas
606 965 738 1032 pergunt
751 957 793 1016 ad
806 957 1066 1034 praeoccupanda
1078 959 1148 1017 An·

160 1043 327 1104 menodori
346 1043 564 1118 regiorumque
584 1042 713 1101 aliorum
733 1041 870 1102 consilia.
902 1042 1019 1101 incerto
1039 1057 1148 1102 rerum

159 1134 239 1188 statu
252 1127 313 1203 Ap.
326 1127 470 1188 Claudius
484 1125 597 1185 bellum
617 1126 721 1185 oriens
740 1141 781 1184 ex
800 1126 976 1201 propinquo
992 1140 1062 1187 cum
1077 1140 1148 1184 cer·

158 1219 261 1284 neret,
283 1217 424 1271 senatum
437 1210 545 1270 litteris
567 1211 728 1270 certiorem
749 1210 820 1269 lecit
835 1207 972 1269 Siciliam
986 1209 1145 1282 Carthagi-

158 1296 258 1357 niensi
274 1295 390 1371 populo
406 1303 436 1355 et
448 1293 610 1353 Hannibali
631 1293 802 1364 conciliari,
824 1294 892 1368 ipse
914 1293 1067 1352 adversus
1083 1291 1144 1368 Sy·

158 1395 310 1440 racusana
336 1379 466 1440 consilia
490 1379 530 1438 ad
555 1378 734 1453 provinciae
758 1377 907 1453 regnique
930 1377 1010 1437 fines
1040 1377 1145 1436 omnia

158 1464 308 1524 convertit
321 1462 487 1538 praesidia

242 1547 331 1606 Exitu
347 1545 500 1604 annicius
515 1545 550 1619 Q.
564 1544 678 1606 Fabius
693 1561 731 1606 ex
747 1545 926 1607 auctoritaie
941 1553 1069 1605 senatus
1083 1545 1144 1605 Pu-

159 1631 272 1704 teolos,
295 1645 352 1704 per
364 1627 478 1690 bellum
493 1636 637 1704 coeptum
652 1629 836 1706 frequentari
851 1628 1035 1706 emporium,
1060 1644 1143 1688 coru-

156 1714 260 1788 munit,
276 1712 527 1788 praesidiumque
540 1714 697 1789 imposuit.
718 1713 791 1772 inde
806 1714 935 1772 Romam
950 1713 1144 1773 comitiorum

156 1813 252 1857 causa
265 1797 394 1856 veniens
408 1797 439 1856 in
457 1813 527 1862 eum
542 1813 634 1874 quern
648 1798 780 1872 primum
794 1796 875 1856 diem
889 1797 1072 1857 comitialem
1087 1797 1143 1856 ha-

155 1881 220 1942 buit
232 1880 354 1940 comitia
368 1880 471 1955 edixit,
486 1887 580 1958 atque
592 1897 632 1940 ex
642 1882 751 1942 itinere
762 1888 886 1954 praeter
896 1877 1004 1941 urbem
1015 1881 1046 1940 in
1059 1896 1142 1940 cam-

154 1982 228 2041 pum
250 1966 420 2025 descendit
458 1980 496 2025 eo
515 1966 566 2024 die
580 1981 650 2025 cum
669 1980 740 2024 sors
761 1965 996 2040 praerogativae
1009 1965 1142 2026 Aniensi

154 2050 306 2111 iuniorum
321 2050 446 2123 exisset,
468 2064 569 2124 eaque
582 2049 615 2107 T.
631 2048 791 2109 Otacilium
804 2049 845 2108 Μ.
859 2049 1023 2109 Aemilium
1036 2049 1142 2125 Regil-

154 2136 216 2196 lum
239 2135 383 2194 consules
405 2133 535 2205 diceret,
563 2139 626 2192 tum
646 2133 681 2207 Q.
702 2132 828 2216 Fabius,
841 2133 961 2193 silentio
982 2135 1064 2195 lacto
1086 2135 1142 2194 tali

154 2219 293 2279 oratione
307 2225 355 2278 est
370 2233 455 2278 usus.
498 2216 579 2275 VIII.
600 2215 655 2290 „Si
671 2223 724 2277 aul
737 2231 846 2291 pacem
860 2217 891 2277 in
905 2217 992 2277 ltalia
1006 2218 1060 2278 aiut
1075 2219 1141 2278 bel-

153 2303 216 2362 lum
227 2301 485 2377 eumquchostem
495 2300 689 2376 haberemus
700 2300 731 2359 in
743 2316 803 2374 quo
815 2302 1026 2376 neglegentiae
1037 2302 1142 2363 laxior

152 2387 241 2447 locus
256 2395 348 2455 essct,
366 2387 419 2460 qui
433 2387 546 2446 vestris
561 2386 682 2457 studiis,
700 2400 780 2459 quae
793 2384 825 2443 in
841 2401 983 2462 campum
997 2387 1039 2446 ad
1053 2403 1141 2446 man-

153 2469 274 2530 dandos
291 2468 403 2546 quibus
420 2469 518 2530 velitis
533 2469 669 2529 honores
684 2468 829 2543 adfertis,
850 2484 967 2529 moram
982 2471 1077 2530 ullam
1093 2473 1140 2530 ol·

152 2553 252 2626 ferret,
267 2553 295 2613 is
309 2551 381 2611 mihi
397 2568 505 2628 parum
518 2553 696 2614 meminisse
708 2552 864 2614 videretur
878 2561 1000 2614 vestrae
1014 2553 1140 2615 liberta-

152 2635 205 2694 tis:
226 2635 284 2696 sed
299 2650 369 2696 cum
381 2636 413 2694 in
426 2635 487 2696 hoc
501 2635 591 2712 bello,
614 2637 645 2697 in
659 2637 719 2697 hoc
734 2637 823 2698 hoste
838 2654 1004 2714 numquam
1018 2637 1058 2698 ab
1073 2639 1142 2699 ullo

152 2719 230 2779 duce
252 2720 319 2780 sine
338 2719 453 2795 ingenti
473 2728 579 2794 nostra
599 2722 689 2782 clade
709 2729 842 2782 erratum
863 2722 917 2796 sit,
947 2724 1057 2782 eadem
1078 2739 1142 2784 vos

151 2817 238 2878 cura,
261 2804 373 2881 quain
394 2805 492 2864 aciem
514 2807 622 2866 armati
636 2806 840 2880 descenditis,
861 2805 938 2865 irrire
954 2805 1138 2880 suffragium

150 2889 191 2946 ad
212 2888 363 2948 creandos
386 2889 530 2950 consules
551 2890 656 2963 decet,
680 2897 710 2950 et
724 2889 784 2951 sibi
799 2891 845 2951 sic
860 2905 1015 2967 quemque
1031 2890 1141 2950 dicere

151 2971 338 3033 “Hannibali
363 2973 539 3049 imperatori
565 2991 669 3049 parem
690 2975 850 3035 consulem
874 2975 1037 3048 nomino„.
1075 2974 1138 3035 boc

149 3072 230 3116 anno
245 3057 286 3117 ed
298 3056 432 3134 Capuam
444 3058 575 3120 Vibellio
585 3060 722 3120 Taureae
735 3059 891 3134 Campano
903 3074 1023 3118 summo
1039 3059 1139 3134 equiti

148 3142 329 3216 provocanti
344 3159 484 3204 summus
498 3143 656 3204 Romanus
671 3158 768 3218 eques
781 3142 908 3203 Asellus
924 3142 1071 3202 Claudius
1087 3151 1138 3203 est

53 3259 54 3264 κ
149 3226 323 3300 oppositus.
356 3226 507 3286 adversus
529 3226 648 3288 Gallum
674 3226 830 3300 quondam
855 3233 1078 3301 provocantem
1103 3226 1136 3286 in

149 3315 241 3382 ponte
254 3309 382 3368 Anienis
403 3309 436 3366 T.
456 3309 601 3368 Manlium
622 3309 767 3369 fidentem
787 3317 817 3369 et
838 3310 939 3370 animo
961 3317 991 3370 et
1013 3310 1135 3371 viribus

147 3392 259 3451 misere
280 3391 413 3450 uraiores
434 3391 541 3451 nostri.
574 3390 613 3450 ob
635 3393 765 3452 eandem
781 3409 907 3454 causam
922 3393 1004 3452 lraud
1027 3394 1136 3454 multis

144 3478 233 3539 annis
249 3485 320 3550 post
335 3473 433 3534 luisse
446 3488 508 3533 non
523 3475 707 3553 negaverim,
731 3491 785 3537 cur
797 3477 838 3538 Μ.
852 3475 977 3536 Valerio
993 3490 1056 3536 non
1072 3476 1130 3536 dii·
