2434 3902
177 211 241 276 aaa
309 212 426 274 utana
439 213 575 273 xxvtn.
599 211 681 273 car.
698 221 742 275 aa.
759 220 802 275 an.
826 212 912 290 [au.
928 215 1029 291 0.an

177 368 245 428 siue
259 366 338 429 duee
348 365 515 442 Hispaniae
530 366 648 426 luturae
663 365 774 426 luerint
786 388 845 421 -ε
866 365 907 426 Μ.
916 364 1039 426 Silanus
1055 365 1170 426 eodem

177 453 252 527 iure,
268 451 377 512 eodem
392 450 520 527 imperio
533 464 653 511 mecum
667 449 697 509 in
712 449 904 526 provinciam
918 449 1043 526 missus,
1059 448 1170 510 [4.δεί-

175 535 229 612 pio
251 535 344 596 irater
364 550 451 596 meus
474 540 504 594 et
519 534 550 594 c.
565 534 687 594 Laelius
708 534 815 610 legati,
836 533 975 596 vindices
996 534 1171 596 maiestatis

176 620 295 696 imperii
310 619 477 680 deessent?
490 625 592 680 utrum
606 619 759 680 exercitus
774 619 931 690 exercitui,
948 635 988 679 au
1001 619 1106 680 duces
1120 621 1171 680 du-

177 704 282 776 cibus,
304 719 344 763 an
359 702 507 779 dignitus,
531 719 570 762 an
586 719 682 764 causa
695 704 868 780 comparari
881 709 1025 779 poteram
1057 703 1171 780 quibus

176 787 203 848 si
226 787 368 849 omnibus
383 786 562 863 superiores
584 787 712 864 essetis,
734 804 820 848 arma
841 803 910 853 oum
923 787 1038 849 Poenis
1066 797 1172 849 cenna

176 872 323 950 patriam,
345 879 452 932 contra
473 871 558 933 cives
580 879 702 935 vestros
724 872 866 934 ferretis?
897 873 1036 934 Africam
1053 873 1171 946 Italiac,

176 956 389 1034 Carthaginem
411 955 478 1016 urbi
492 957 652 1018 Romanae
672 958 825 1034 imperare
846 957 987 1017 velletisa
1011 975 1115 1034 quam
1137 957 1172 1018 ob

175 1058 289 1104 noxam
304 1042 441 1118 patriae?
483 1040 588 1102 XXIX.
621 1040 816 1103 Coriolanum
832 1042 989 1118 quondam
1011 1043 1171 1104 damnatio

175 1126 301 1202 iniusta,
323 1126 468 1188 miserum
487 1132 518 1186 et
537 1125 694 1201 indignum
715 1126 858 1188 exsilium
877 1134 911 1188 ut
931 1126 989 1186 iret
1003 1127 1050 1187 ad
1073 1143 1171 1205 oppu-

174 1212 329 1287 gnandam
341 1211 472 1288 patriam
486 1210 619 1287 impulit;
635 1211 793 1272 revocavit
806 1217 907 1272 tamen
921 1227 941 1271 a
954 1211 1091 1287 publico
1108 1229 1170 1290 par-

175 1295 282 1356 ricidio
298 1297 420 1372 privata
433 1295 548 1372 pietas:
571 1310 629 1356 vos
645 1296 696 1372 qui
711 1296 817 1372 dolor,
840 1312 918 1373 quae
933 1296 1018 1358 iusta
1032 1297 1089 1358 ira
1103 1298 1174 1357 inei·

176 1381 270 1442 leviti
283 1381 509 1457 stipendimnne
521 1379 630 1441 diebus
642 1381 750 1456 paucis
762 1381 945 1458 imperatore
956 1397 1058 1457 aegro
1073 1384 1173 1443 serius

175 1472 364 1528 numeratum
378 1466 454 1527 satis
470 1464 564 1540 digua
577 1481 673 1526 causa
687 1465 757 1540 luit,
780 1480 836 1527 eur
848 1465 964 1543 patriae
987 1467 1173 1529 indiceretis

175 1551 304 1626 bellum,
327 1566 380 1610 cur
394 1551 435 1612 ad
448 1550 593 1626 Ilergetes
610 1551 826 1612 descisceretis
847 1567 867 1611 a
881 1553 998 1627 populo
1014 1553 1171 1624 Romano,

175 1651 230 1696 eur
241 1634 315 1694 nihil
326 1633 498 1696 divinarum
508 1635 751 1697 humanarumve
764 1651 867 1696 rerum
881 1635 1071 1698 inviolatum
1085 1638 1172 1698 vobis

177 1725 280 1779 esset‘t
300 1719 458 1780 insanistis
479 1720 636 1796 profecto,
657 1719 783 1796 milites,
806 1735 863 1780 nec
877 1721 976 1780 maior
998 1721 1031 1781 in
1058 1737 1172 1799 corpus

175 1819 275 1866 meum
297 1804 344 1864 vis
358 1803 457 1865 morbi
474 1821 566 1882 quarn
587 1805 618 1864 in
633 1812 755 1866 vestras
769 1812 888 1878 mentes
908 1805 1034 1867 invasit.
1070 1806 1172 1867 horret

175 1889 293 1950 animus
308 1888 432 1962 relerre,
457 1889 531 1966 quid
547 1889 733 1950 crediderint
746 1889 904 1966 nominee,
926 1889 1004 1966 quid
1018 1907 1171 1966 sperave·

174 1974 243 2050 rint,
260 1973 334 2049 quid
349 1974 536 2050 optaverint:
560 1975 677 2036 auferat
691 1975 795 2036 omnia
808 1974 891 2036 irrita
906 1973 1034 2049 oblivio,
1062 1977 1090 2036 si
1105 1985 1171 2052 pot·

175 2065 237 2120 esl=
265 2059 292 2119 si
313 2075 390 2134 non,
411 2057 577 2134 utcumque
598 2059 751 2122 silentium
771 2065 862 2137 tegat.
904 2075 965 2120 non
986 2061 1172 2135 negaverim

175 2143 290 2206 tristem
306 2149 503 2220 atrocemque
513 2143 604 2205 vobis
617 2143 717 2204 visam
732 2145 901 2206 orationem
915 2160 1034 2205 meam:
1053 2154 1170 2220 quanto

175 2228 299 2290 creditis
320 2229 401 2289 lacta
422 2237 525 2290 vestra
546 2229 700 2289 atrociora
719 2245 791 2290 esse
807 2245 900 2306 quam
915 2229 998 2290 dion
1011 2237 1112 2290 meat
1145 2238 1172 2290 et

175 2329 262 2374 arne
284 2329 422 2390 eaquae
443 2313 561 2374 lecistis
579 2329 636 2374 vos
651 2330 689 2374 ne
707 2314 768 2375 dici
790 2314 915 2390 quidem
937 2314 1043 2376 omnia
1065 2331 1170 2392 aequo

174 2398 275 2458 animo
293 2399 394 2458 lertist
422 2399 533 2460 sedne
553 2413 591 2460 ea
606 2398 730 2474 quidem
745 2399 816 2476 ipsa
829 2399 909 2460 ultra
929 2397 1170 2475 exprobrabun-

175 2491 231 2544 tnr.
264 2483 379 2545 utinam
399 2489 461 2544 tam
482 2484 571 2544 facile
590 2499 649 2543 vos
672 2483 897 2544 obliviscamini
918 2499 1043 2558 eorum,
1074 2502 1171 2560 quam

174 2583 233 2642 ego
255 2566 430 2628 obliviscar.
463 2566 566 2642 itaque
582 2568 667 2642 quod
681 2569 722 2628 ad
738 2569 901 2629 universos
915 2582 974 2628 vos
990 2570 1119 2642 attinet,
1143 2570 1169 2629 si

174 2652 287 2712 erroris
303 2653 443 2728 paenitet,
463 2652 538 2712 satis
554 2667 711 2728 superque
728 2668 897 2728 poenarum
911 2651 1024 2713 habeo.
1052 2653 1168 2715 Albius

175 2734 306 2797 Calenus
327 2741 357 2795 et
370 2736 475 2796 Atrius
490 2735 605 2797 Umber
619 2744 649 2797 et
663 2738 756 2797 ceteri
777 2737 912 2798 melariae
927 2737 1094 2798 seditionis
1115 2757 1168 2799 au·

174 2826 275 2880 olores
295 2820 444 2894 sangiune
465 2822 549 2881 luent
570 2822 653 2897 quod
672 2823 875 2884 admiserunt=
906 2822 995 2884 vobis
1017 2823 1167 2900 supplicii

173 2919 279 2964 eorum
300 2905 511 2980 spectaculum
532 2922 594 2967 non
609 2907 702 2968 modo
726 2922 788 2967 non
809 2907 955 2969 acerbum
976 2909 1035 2968 sed
1049 2909 1166 2969 laetum

173 2989 280 3065 etiam,
303 2988 330 3050 si
349 3006 425 3051 sana
446 3006 534 3051 mens
554 2991 659 3063 rediit,
683 2991 775 3052 debet
797 3009 885 3052 esse:
906 2993 945 3052 de
966 2993 1059 3053 nullis
1083 2993 1165 3053 enim

173 3091 265 3151 quarn
280 3075 320 3135 de
333 3074 424 3136 vobis
439 3075 579 3137 infestius
595 3082 647 3137 aut
660 3076 811 3138 inimicius
830 3078 1080 3138 consulueruut“.
1112 3078 1164 3138 vix

172 3161 263 3218 linem
279 3159 400 3220 dicendi
416 3161 546 3235 lecerat,
568 3174 637 3221 oum
659 3177 698 3222 ex
713 3169 897 3238 praeparato
914 3163 1003 3222 simul
1025 3163 1162 3223 omnium

115 3313 123 3321 .
171 3258 270 3301 rerum
287 3249 384 3302 terror
400 3243 496 3304 oculis
511 3243 701 3320 auribusque
717 3252 765 3306 est
779 3245 909 3308 offusus.
939 3248 1093 3308 exercitus
1110 3248 1161 3323 qui

173 3340 288 3386 corona
309 3327 482 3389 contionem
504 3327 761 3404 circumdederat,
783 3331 893 3406 gladiis
916 3330 956 3390 ad
978 3338 1066 3392 scuta
1088 3346 1160 3391 con·

173 3409 305 3482 crepuit,
330 3412 492 3484 praeconis
507 3411 702 3484 auditavox,
726 3413 846 3474 citantis
861 3415 987 3475 nomina
1002 3415 1157 3476 damnato·

175 3505 239 3548 rum
252 3492 283 3549 in
299 3495 445 3563 eonsilio;
465 3494 538 3554 nudi
553 3495 584 3554 in
599 3494 730 3556 medium
746 3499 1009 3574 protrahebantur,
1026 3507 1056 3558 et
1069 3499 1161 3558 simul
