2428 3892
194 243 239 310 eo
349 245 466 310 uuna
479 244 572 306 xxv.
595 243 679 308 cnr.
693 249 737 308 ιι.
753 250 797 306 ιι.
819 247 1015 318 [enemo]

195 399 322 460 militum
333 397 515 468 collocutus,
529 394 697 472 electisque
704 409 760 471 per
770 409 827 456 eos
837 393 879 454 ad
889 409 956 456 rem
962 399 1077 456 ιιιιιιιιι
1087 411 1165 473 agen·

196 484 265 545 darn
280 479 520 555 audendamque
533 479 655 541 idoneis
670 477 900 540 centurionibus
915 479 1132 557 militibusque,
1147 489 1171 541 et

196 567 289 628 scalis
305 565 335 624 ιιι
350 565 473 625 occulto
485 564 680 640 comparatis,
697 563 807 624 ceteris
823 562 944 640 signum
960 563 1026 626 dari
1039 563 1131 638 iubet,
1144 573 1169 624 ut

195 659 313 710 mature
327 662 459 723 corpora
473 654 616 708 curarent
629 646 785 725 quietique
796 648 920 709 darente
936 655 1027 712 nocte
1041 648 1073 709 iu
1088 664 1169 724 expe·

196 733 342 795 ditionem
357 733 490 794 eundum
504 747 586 794 esse.
619 731 690 794 inde
704 731 758 793 ubi
772 733 805 794 ld
818 734 966 809 temporis
980 733 1097 806 visum,
1119 749 1168 809 quo

197 818 298 880 dedic
312 816 443 894 epulatis
458 816 518 878 iam
531 817 592 877 vini
608 816 702 878 sedes
712 816 960 894 principiumque
971 817 1074 878 somni
1089 825 1168 891 esset

196 903 276 979 signi
290 902 381 964 unius
395 901 506 964 milites
521 903 602 963 lerre
617 900 719 962 scalas
734 901 839 973 iussit;
855 907 886 962 et
902 902 943 962 ad
958 903 1041 962 mille
1056 902 1119 962 iere
1131 917 1168 962 ar·

196 987 268 1048 mati
281 985 364 1048 tenui
379 987 500 1062 agmine
515 1001 571 1062 per
582 985 734 1047 silentium
749 1001 788 1046 eo
804 986 940 1048 deducti.
961 987 1013 1049 ubl
1024 986 1095 1047 sine
1105 992 1167 1046 stre·

196 1071 262 1148 pitu
276 1087 314 1132 ac
327 1071 455 1132 tumultu
472 1070 561 1147 primi
582 1077 747 1132 evaserunt
760 1071 790 1130 in
805 1083 933 1146 murum,
955 1071 1055 1132 secreti
1076 1069 1169 1132 ordine

196 1156 262 1231 alii,
285 1171 354 1217 cum
376 1155 511 1231 pdorum
531 1154 661 1215 audacia
676 1154 777 1216 dubiis
799 1155 889 1216 etiam
907 1155 1042 1216 animum
1058 1157 1167 1216 laceret

195 1239 302 1300 XXIV.
331 1239 391 1300 iam
404 1238 487 1300 mille
501 1245 685 1301 etmalorum
699 1246 845 1314 ceperant
859 1247 992 1316 portem,
1014 1255 1088 1302 cum
1102 1245 1158 1299 cete

195 1339 249 1384 rae
265 1325 406 1386 admotae
421 1323 546 1400 copiam
562 1322 765 1399 pluribusque
779 1324 873 1385 scalis
888 1323 919 1384 in
933 1339 1054 1386 murum
1069 1323 1166 1384 evade·

196 1409 270 1470 bant
283 1409 372 1485 signo
387 1408 427 1468 ab
441 1407 605 1486 Hexapylo
621 1407 702 1482 dato,
723 1423 785 1482 quo
800 1423 858 1485 per
871 1409 1025 1485 ingentem
1041 1407 1166 1470 solitudi-

196 1508 266 1553 nem
280 1499 345 1553 erat
360 1498 547 1568 perventum,
569 1491 642 1568 quia
655 1505 767 1566 magna
780 1507 855 1568 pars
869 1492 900 1552 in
915 1493 1052 1555 turribus
1068 1490 1165 1569 epulati

196 1583 247 1637 eut
266 1576 359 1651 sopiti
379 1575 451 1636 vino
473 1584 560 1636 erant
580 1581 632 1637 aut
652 1575 842 1651 semigraves
862 1577 1020 1654 potabant
1061 1591 1165 1653 paucos

195 1667 296 1720 tanen
311 1675 418 1720 eorum
433 1675 604 1736 oppressos
620 1660 650 1721 in
665 1659 817 1722 cubilibus
833 1661 1062 1724 interfecerunt.
1082 1674 1166 1738 prope

195 1743 380 1822 Hexapylon
393 1749 441 1804 cst
452 1746 571 1819 portula
583 1758 693 1820 uragua
704 1759 736 1804 vt
747 1745 872 1821 relnngr
884 1753 1010 1822 coepte
1021 1754 1164 1808 etemuro
1197 1745 1198 1750 ’

196 1843 236 1888 cx
257 1829 429 1926 composito
448 1827 523 1889 tuba
542 1829 645 1890 datum
666 1827 1022 1906 signumorat,et1am
1043 1829 1165 1905 undique

196 1927 257 1972 non
273 1893 373 1974 iurlim
394 1913 451 1974 scd
466 1913 497 1974 vi
517 1919 623 1989 aperte
641 1912 804 1988 gerebatur
821 1929 881 1975 res.
915 1915 1032 1992 quippe
1055 1916 1094 1976 ad
1108 1913 1160 1988 ilpi

195 1996 285 2072 potas
305 1998 494 2074 frequentem
516 1997 665 2058 custodiis
687 1998 789 2059 locum
809 2005 989 2075 perventum
1010 2007 1093 2074 erat,
1119 2005 1197 2058 ter

195 2081 346 2159 rendique
366 2082 464 2156 magis
478 2080 585 2143 hostes
607 2089 694 2142 erant
709 2099 800 2159 quam
822 2083 961 2159 lallendi,
985 2085 1067 2146 sicut
1086 2079 1163 2145 territi

196 2173 276 2227 sunt.
306 2183 377 2228 nam
398 2166 488 2228 simul
509 2181 546 2226 ac
560 2166 699 2227 tubarum
721 2175 769 2228 est
788 2168 910 2229 auditus
926 2176 1035 2230 contus
1051 2171 1163 2230 clamor·

196 2266 256 2325 que
269 2251 434 2313 tenentium
454 2265 560 2312 muros
575 2257 755 2326 partemque
771 2251 872 2326 urbis,
897 2252 998 2315 omnia
1012 2253 1108 2315 teneri
1123 2266 1162 2310 cu·

195 2335 302 2396 stodes
322 2337 379 2396 rati
400 2337 451 2396 alii
472 2352 529 2412 per
548 2351 668 2396 murum
689 2336 809 2411 lugere,
833 2336 884 2397 alii
905 2337 998 2398 salire
1018 2338 1061 2399 de
1080 2347 1161 2406 muro,
1195 2383 1196 2386 ι

194 2420 450 2496 praecipitarique
460 2420 549 2480 turba
560 2420 745 2495 paventium.
760 2435 951 2497 magnapars
958 2427 1062 2483 tamen
1074 2424 1162 2498 ignara

194 2502 267 2563 tanti
289 2505 360 2564 niati
381 2511 446 2564 erat
465 2511 495 2565 et
509 2503 644 2578 gravatis
666 2503 807 2565 omnibus
823 2503 895 2568 vino
911 2521 1087 2585 somnoque
1101 2509 1128 2565 ct
1138 2502 1160 2561 in

195 2593 302 2649 vastae
315 2588 531 2663 magnitudinis
551 2587 628 2648 urbe
643 2588 773 2664 partium
788 2603 884 2650 sensu
905 2607 967 2652 non
988 2591 1065 2653 satis
1086 2586 1161 2666 perti·

193 2671 334 2730 nentem
356 2671 467 2731 omnia
507 2669 565 2732 sub
586 2671 655 2732 lucc
675 2672 839 2750 Hexapylo
862 2673 991 2737 effracto
1013 2673 1195 2736 Marcellus

194 2753 334 2815 omnibus
356 2755 453 2832 copiis
479 2754 617 2817 urbem
609 2771 770 2831 ingressus
796 2759 942 2821 excitavit
966 2739 1195 2853 convertitque

194 2853 300 2899 omnes
315 2840 355 2900 ad
370 2855 455 2900 arma
469 2840 620 2917 capienda
635 2855 798 2919 opemque,
816 2842 844 2902 si
857 2859 948 2920 quam
963 2849 1098 2921 possent,
1112 2840 1159 2900 ian

193 2929 302 2999 captae
316 2939 414 3000 prope
429 2924 497 2986 urbi
512 2926 680 2988 terendam.
712 2925 872 3005 Epicydes
887 2928 925 2988 ab
940 2929 1059 3004 Insula,
1082 2937 1194 3006 quan

192 3006 252 3083 ipsi
262 3007 365 3069 Nason
381 3017 501 3086 vocant,
525 3010 615 3072 citato
630 3010 789 3086 proiectus
804 3012 933 3089 agmine,
951 3013 1038 3076 houd
1051 3010 1158 3081 dubius,
1193 3013 1194 3046 ι

193 3091 265 3167 quin
277 3109 396 3168 paucos
408 3110 464 3171 per
475 3094 698 3171 neglegentiam
711 3096 874 3160 custodum
885 3104 1095 3176 transgressos
1104 3109 1156 3153 mu·

190 3191 258 3236 rum
279 3181 464 3254 expulsurus
486 3179 578 3253 toret,
606 3180 834 3242 occurrentibus
856 3183 993 3258 pavidis,
1017 3181 1155 3246 tumultun

191 3274 303 3334 augere
318 3276 374 3324 cos
385 3263 527 3324 dictitans
540 3269 570 3323 et
582 3264 699 3325 maiora
710 3280 747 3325 ac
758 3265 941 3329 terribiliora
952 3283 1026 3330 vero
1042 3265 1152 3334 adierit

190 3351 355 3420 postquam
367 3346 531 3422 conspexit
542 3347 643 3408 omnia
655 3345 892 3426 circaiipipolas
904 3351 997 3414 annis
1010 3350 1152 3428 completis

191 3426 335 3490 lacessito
357 3436 472 3491 tanturn
486 3430 578 3491 hoste
599 3431 706 3506 paucis
722 3432 890 3497 missilibus
911 3443 994 3499 retro
1010 3437 1040 3499 in
1054 3434 1153 3498 Achra-

200 3507 292 3570 tuom
317 3527 426 3588 agmen
448 3513 611 3587 convertit,
641 3531 703 3576 non
724 3523 786 3578 tam
806 3518 867 3580 vim
889 3521 1154 3593 multitudinemque
