2448 3900
195 263 260 332 290
352 263 467 326 LlBlill
476 261 582 322 XXIX.
605 259 688 320 CAP-
700 267 744 321 1⁰.
758 267 800 318 11.
823 263 859 332 [a.
871 263 907 316 tJ.
920 280 946 316 c.
956 265 1023 330 547]

198 421 289 478 vento
300 413 436 476 carmine
446 411 477 473 iu
488 411 574 472 libris
587 409 747 488 Sibyllinis
759 415 888 486 propter
897 409 1045 470 crebrius
1059 425 1102 470 eo
1115 426 1194 472 auno

196 502 234 562 de
250 499 337 560 caelo
348 497 516 572 lapidatum
527 494 686 570 inspectis,
702 493 1001 570 quandoquehostis
1013 493 1195 569 alienigena

197 591 296 646 terrae
315 582 420 643 ltaliae
440 581 554 641 bellum
568 577 738 653 intulisset,
758 593 828 640 eum
848 578 921 653 pelli
935 578 1027 638 ltalia
1044 578 1194 654 vincique

195 681 302 744 posse,
317 665 345 726 si
359 671 456 726 mater
469 664 564 724 idaea
577 679 597 723 a
609 662 794 724 Pessinunte
805 662 933 724 Romam
947 663 1093 723 advecta
1108 664 1193 724 toret

196 752 226 814 id
248 765 371 811 emman
391 749 431 809 ab
446 747 629 808 decemviris
649 747 806 808 inventum
827 761 866 808 eo
879 746 979 822 magis
998 754 1118 823 patres
1134 765 1193 809 mo

196 834 248 910 vit,
264 834 349 910 quod
364 832 509 907 allegati,
531 831 583 907 qui
598 831 714 892 donum
728 830 865 906 Delphos
880 838 1102 907 portaverant,
1119 833 1192 892 rete

195 919 311 993 rebant,
327 923 358 978 et
369 915 613 978 sacrificantibus
628 914 706 992 ipsis
717 914 827 994 Pythio
837 915 975 991 Apollini
990 917 1082 976 laeta
1097 916 1192 976 fuisse

196 1009 226 1064 et
239 1017 427 1080 responsum
447 1001 573 1062 oraculo
595 1000 725 1072 editum,
748 999 895 1060 maiorem
909 1001 1008 1060 multo
1026 1000 1190 1062 victuman

197 1104 289 1164 quam
304 1085 392 1147 cuius
407 1100 445 1146 ex
462 1083 572 1159 spoliis
588 1084 671 1146 dona
686 1090 844 1160 portarent
856 1083 972 1144 adesse
988 1085 1122 1159 populo
1136 1086 1188 1145 lio·

195 1188 296 1234 mano.
320 1171 351 1231 iu
366 1169 506 1231 eiusdem
520 1167 590 1243 spei
604 1184 753 1228 summam
769 1166 969 1228 conferebant
977 1166 1012 1227 P.
1029 1167 1188 1244 Scipionis

195 1258 278 1316 velut
301 1253 546 1332 praesagientem
567 1253 701 1314 animum
723 1253 762 1312 de
782 1250 951 1326 tinebelli‚
978 1253 1072 1328 quod
1096 1253 1188 1329 depo

196 1340 352 1418 posuisset
364 1336 555 1415 provinciam
569 1336 714 1398 Africam.
737 1336 850 1413 itaque,
866 1352 929 1412 quo
944 1337 1108 1398 maturius
1124 1339 1188 1397 latis

196 1425 350 1485 ominibus
366 1421 563 1497 oraculisque
578 1421 790 1498 portendentis
805 1435 878 1481 sese
891 1420 1045 1482 victoriae
1061 1437 1186 1498 compo

204 1524 239 1569 es
255 1509 373 1581 tierent,
388 1507 421 1569 id
436 1505 580 1581 cogitare
598 1521 678 1581 quae
691 1504 769 1566 ratio
783 1506 1046 1579 transportandae
1057 1507 1185 1567 Romam

196 1592 271 1653 deae
283 1597 378 1652 esset.
397 1591 449 1652 xl.
464 1590 638 1652 nullasdum
651 1590 682 1650 in
693 1589 771 1650 Asia
781 1589 884 1650 socias
895 1590 1039 1650 civitates
1052 1589 1185 1650 hahebat

195 1675 329 1752 populus
341 1675 516 1736 Romanum
537 1682 637 1735 tamen
652 1689 805 1735 memores
816 1673 1040 1750 Aesculapium
1057 1691 1184 1751 quoque

196 1776 234 1820 ex
250 1758 380 1820 Graecia
401 1759 559 1833 quondam
573 1758 731 1819 hauddum
745 1759 807 1820 ulio
823 1758 949 1818 loedere
964 1758 1091 1819 sociata
1105 1761 1184 1819 vale·

205 1842 308 1905 udinis
329 1843 437 1919 pepuli
464 1859 560 1904 causa
584 1843 782 1916 arcessitum,
807 1850 879 1903 tunc
904 1842 964 1902 ium
986 1859 1059 1904 cum
1081 1844 1182 1904 Attalo
1220 1871 1221 1926 p

195 1943 267 2004 rege
284 1934 413 2004 propter
435 1943 597 1990 commune
618 1926 770 1988 adversus
784 1924 958 2003 Philippum
979 1927 1100 1988 bellum
1117 1943 1182 1988 coe

196 2019 276 2074 utam
296 2011 459 2075 amicitiam
482 2027 570 2087 esse,
590 2012 741 2094 iacturum
761 2025 831 2072 eum
853 2026 933 2086 quae
946 2018 1060 2086 posset
1076 2006 1182 2087 popul

194 2097 323 2158 Romani
344 2112 455 2169 eausa,
479 2098 600 2171 legates
620 2096 661 2156 ad
681 2111 751 2156 eum
771 2096 940 2156 decernunt
959 2094 999 2154 Μ.
1021 2095 1182 2156 Valerium

196 2180 371 2254 Laevinum,
395 2180 448 2256 qui
462 2180 511 2240 bis
527 2180 637 2242 consul
651 2181 751 2240 lueret
764 2195 801 2240 ac
814 2195 867 2240 ras
882 2179 913 2240 in
929 2179 1060 2240 Graecia
1074 2193 1181 2255 gesse·

195 2272 248 2339 rat,
261 2265 302 2326 Μ.
311 2264 473 2326 Caecilium
479 2264 634 2325 Metellum
648 2264 843 2340 praetorium,
856 2262 922 2324 Ser.
931 2261 1106 2338 Sulpicium
1115 2265 1181 2324 Gal-

195 2348 263 2410 bam
278 2347 468 2422 aedilicium,
489 2349 569 2409 duos
586 2348 797 2423 quaestorios,
819 2347 872 2408 Cn.
884 2347 1082 2408 Tremellium
1096 2347 1181 2409 Flac·

194 2448 263 2494 cum
284 2434 368 2494 etM.
383 2430 540 2494 Valerium
553 2431 721 2494 Faltonem.
757 2432 796 2492 iis
819 2432 955 2507 quinque
976 2447 1075 2493 naves
1096 2433 1180 2510 quin-
1218 2429 1219 2432 ’

196 2533 367 2594 queremes‚
385 2522 420 2578 ut
433 2532 472 2576 ex
486 2517 634 2592 dignitate
648 2517 755 2591 populi
770 2516 899 2577 Romani
915 2516 1037 2577 adirent
1050 2531 1109 2577 eas
1123 2523 1179 2577 ter·

193 2617 259 2676 ras,
281 2601 321 2661 ad
342 2616 421 2676 quas
437 2601 629 2661 concilianda
643 2600 787 2660 maiestas
801 2600 916 2662 nondni
927 2601 1071 2662 Romano
1087 2609 1179 2674 essel,

194 2686 371 2752 decernant.
403 2685 495 2759 legati
509 2685 616 2746 Asiam
636 2691 776 2760 petentes
797 2685 939 2760 protinus
952 2684 1096 2762 Delphos
1112 2702 1176 2746 aiau
1217 2663 1218 2713 ¹

193 2768 423 2843 ascendissent,
448 2771 607 2831 oraculum
632 2769 773 2830 adierunt
793 2771 1006 2844 consulentes,
1033 2770 1075 2830 ad
1096 2771 1177 2846 quod

194 2852 350 2928 negotium
370 2852 463 2913 domo
485 2851 571 2914 missi
589 2859 708 2926 esseut,
731 2853 911 2929 perficiendi
927 2853 994 2914 eius
1010 2869 1106 2928 quam
1121 2854 1175 2915 sihi
1216 2925 1217 2938 χ

194 2952 282 3013 spem
302 2938 484 3013 populoque
499 2938 638 2999 Romano
659 2939 866 3013 portenderet.
901 2953 1094 3013 responsum
1110 2954 1175 2999 essa

193 3021 294 3083 ierunt
313 3037 371 3098 per
384 3024 518 3084 Attalum
530 3036 637 3096 regem
651 3029 811 3098 compotes
827 3024 894 3084 eius
910 3023 978 3083 iore
993 3023 1081 3097 quod
1096 3029 1174 3099 pete

194 3112 275 3167 rann
297 3122 367 3167 oum
387 3107 515 3170 Romam
537 3107 627 3167 deam
648 3107 862 3182 devenissent,
883 3113 947 3168 tmn
966 3114 1128 3183 curarent,
1147 3115 1173 3166 at

193 3205 259 3250 eam
286 3190 338 3265 qui
363 3190 411 3249 vir
436 3191 569 3266 optimus
590 3191 707 3252 Romae
728 3196 827 3265 esset,
854 3189 990 3266 hospitio
1010 3191 1171 3267 exciperet

193 3270 371 3348 Pergamum
397 3275 438 3332 ad
462 3289 567 3348 regem
590 3281 750 3334 venerunt.
783 3275 811 3334 is
832 3275 952 3349 legatos
978 3275 1109 3337 comiter
1127 3291 1169 3334 ac·

193 3365 300 3430 ceptos
315 3356 529 3417 Pessinuntem
547 3357 577 3415 iu
591 3356 755 3434 Phrygiam
774 3358 916 3434 deduxit,
937 3374 1126 3434 sacrumque
1139 3359 1169 3417 iis

196 3436 341 3512 lapidem,
364 3454 455 3514 quam
469 3446 596 3499 matrem
612 3439 702 3498 deum
718 3456 790 3501 esse
804 3443 924 3502 incolae
939 3442 1100 3517 dicebant,
1119 3451 1169 3504 ua·

195 3517 270 3578 didit
291 3537 328 3580 ac
348 3520 513 3596 deportare
526 3522 655 3583 Romam
675 3523 774 3589 iussit.
806 3525 998 3600 praemissus
1013 3525 1054 3587 ab
1070 3526 1170 3602 legatis
