2448 3900
233 221 350 282 Ltttsstt
363 221 454 283 xxx.
478 222 560 284 cap.
578 231 620 284 ts.
634 231 675 284 14.
697 231 734 296 [a.
748 229 854 298 euos]
961 225 1025 290 335

25 381 111 434 tum
138 371 311 432 recordatio
339 370 466 449 hospitii
499 374 688 450 dextraeque
717 375 806 437 datae
836 384 866 438 et
894 378 1029 440 foederis
1070 441 1074 450 ,

27 454 171 532 publico
191 471 228 518 ac
244 455 384 531 privatim
405 457 507 519 iuncti.
543 457 652 518 eadem
671 459 748 519 hacc
768 468 799 522 et
813 459 950 538 Syphaci
964 462 1028 522 ani·

25 555 129 600 mum
143 538 295 601 dederunt
308 539 339 600 in
354 540 551 617 adloquendo
565 541 722 604 victorem.
755 560 824 604 narn
839 560 907 605 cum
924 545 1028 621 Scipio

28 624 122 699 quid
142 621 200 684 sibi
221 624 373 687 voluisset
394 633 570 702 quaereret,
591 627 643 702 qui
658 644 721 689 non
736 628 913 689 societatem
929 631 1029 691 solum

27 707 207 770 abnuisset
219 709 403 784 Romanam,
425 711 483 770 sed
497 711 576 772 ultro
591 710 704 772 bellum
718 711 879 787 intulisset,
900 718 964 774 tum
979 713 1029 773 ille

28 807 198 868 peccasse
213 793 337 869 quidem
352 809 424 854 sese
439 802 530 870 atque
544 794 698 856 insanisse
713 796 872 870 fatebatur,
892 797 1027 858 sednon

29 883 111 936 tum
131 877 251 936 demum
275 893 345 938 cum
365 893 450 939 arma
465 879 615 939 adversus
629 880 777 956 populum
791 880 962 941 Romanum
978 897 1028 941 ce·

30 959 161 1037 pisset;
187 961 301 1022 exitum
323 961 371 1024 sui
392 961 504 1023 furoris
526 962 637 1038 fuisse,
659 979 721 1024 non
744 963 939 1040 principium:
965 972 1028 1026 tum

30 1060 78 1106 se
91 1044 255 1120 insanisse,
264 1052 327 1106 tum
337 1045 472 1122 hospitia
483 1045 602 1121 privata
614 1052 644 1107 et
655 1048 778 1123 publiea
789 1047 916 1109 foedera
926 1047 1027 1109 omnia

30 1145 83 1189 ex
107 1130 208 1190 animo
229 1129 376 1204 eiecisse,
396 1146 467 1192 cum
482 1129 762 1206 Carthaginiensem
783 1138 951 1192 matronam
973 1132 1026 1193 do·

32 1229 129 1274 mum
150 1215 313 1288 acceperit.
348 1214 408 1274 illis
429 1212 616 1289 nuptialibus
637 1215 755 1277 facibus
780 1215 897 1290 regiam
911 1214 1026 1276 confla·

31 1312 155 1372 grasse
163 1313 258 1371 suam
267 1298 348 1358 illam
361 1297 469 1359 furiam
480 1296 659 1375 pestemque
668 1299 808 1360 omnibus
816 1298 1028 1365 delenimentis

33 1381 179 1442 animum
193 1397 283 1442 suum
298 1382 448 1443 avertisse
462 1388 555 1459 atque
568 1383 736 1458 alienasse,
758 1381 817 1444 n'ec
831 1384 1028 1460 conquiesse,

34 1467 145 1526 donec
165 1465 235 1542 ipsa
247 1465 389 1527 manibus
407 1467 473 1528 suis
495 1467 612 1527 nefaria
632 1466 690 1528 sibi
707 1484 792 1528 arma
806 1467 956 1528 adversus
971 1467 1027 1529 ho·

35 1551 156 1626 spitem
172 1557 266 1626 etque
281 1549 412 1611 amicum
426 1551 593 1612 induceret.
616 1550 735 1627 perdito
751 1558 851 1612 tamen
866 1559 958 1628 atque
972 1553 1027 1612 ad·

37 1633 129 1695 flicto
150 1633 208 1694 sibi
228 1633 289 1695 hoc
309 1634 340 1694 in
361 1635 493 1696 miseriis
514 1635 615 1696 solatii
637 1650 724 1710 esse,
747 1636 832 1713 quod
847 1635 878 1697 in
893 1636 1026 1697 omnium

36 1718 202 1780 hominum
226 1717 426 1780 inimicissimi
452 1718 511 1780 sibi
535 1720 660 1781 domum
680 1736 718 1780 ac
744 1727 872 1797 penates
897 1719 1026 1780 eandem

38 1809 165 1878 pestem
185 1818 222 1863 ac
243 1802 352 1864 furiam
372 1803 521 1865 transisse
535 1802 647 1864 videat
683 1818 785 1880 neque
799 1804 1027 1880 pmdentiorem

36 1903 148 1964 neque
171 1888 409 1949 constantiorem
429 1887 627 1948 Masinissam
647 1903 739 1963 quam
754 1887 929 1965 Syphacem
946 1903 1034 1962 esse,

38 1971 137 2032 etiam
158 1971 283 2032 iuventa
303 1971 516 2034 incautiorem
538 1978 620 2032 certe
642 1971 763 2032 stultius
777 1970 860 2031 illum
875 1977 968 2048 atque
982 1971 1026 2031 in·

36 2055 266 2132 temperantius
288 2072 355 2117 earn
371 2072 462 2132 quam
477 2055 666 2117 seduxisse.
699 2054 779 2116 xtv.
802 2054 880 2114 haec
894 2071 956 2115 non
970 2054 1026 2116 bo·

40 2140 105 2201 stili
128 2140 219 2202 modo
236 2139 307 2201 odio
324 2142 381 2200 sed
396 2140 509 2202 amoris
531 2139 621 2200 etiam
636 2137 781 2213 sumatis,
797 2145 927 2200 amatam
942 2139 1027 2214 apud

38 2223 201 2285 aemulum*
219 2240 363 2297 comens,
386 2240 456 2285 cum
470 2224 615 2297 dixisset,
631 2239 692 2284 non
707 2222 855 2284 mediocri
870 2237 945 2284 cura
960 2222 1025 2282 Sci·

38 2308 147 2382 pionis
162 2308 293 2370 animum
308 2309 435 2386 pepulit.
464 2316 495 2370 et
507 2308 600 2368 fldem
614 2306 791 2368 criminibus
806 2311 912 2382 raptae
927 2322 1027 2382 prope

39 2393 123 2454 inter
138 2409 221 2454 arma
234 2393 359 2469 nuptiae
373 2407 475 2469 neque
489 2391 630 2454 consulto
641 2406 744 2470 neque
758 2397 939 2466 exspectato
950 2391 1025 2450 Lae-

38 2477 81 2538 lio
111 2477 278 2553 faciebant,
303 2484 427 2552 tamque
453 2491 604 2553 praeceps
632 2475 801 2549 festinatio,
828 2482 863 2536 ut
888 2491 951 2551 quo
976 2474 1026 2534 die

39 2567 165 2637 captam
180 2561 300 2624 hostem
312 2561 451 2637 vidisset,
466 2561 576 2622 codem
590 2560 782 2622 matrimonio
798 2561 931 2621 iunctam
946 2559 1025 2619 acci-

38 2652 131 2721 peret
145 2652 174 2706 et
188 2645 228 2706 ad
242 2653 371 2722 penates
385 2644 485 2707 hostis
500 2643 550 2706 sui
563 2644 700 2721 nuptiale
714 2660 836 2707 sacrum
850 2643 1025 2705 conficeret.

41 2745 77 2791 eo
101 2730 243 2790 foediora
266 2730 344 2792 haec
368 2729 550 2790 videbantur
575 2729 728 2805 Scipioni,
756 2731 841 2804 quod
866 2727 969 2805 ipsum
994 2727 1025 2787 in

39 2813 193 2889 Hispania
201 2815 347 2878 iuvenem
363 2813 475 2876 nullius
492 2816 590 2876 forma
605 2815 765 2891 pepulerat
779 2813 928 2890 captivae.
947 2811 1025 2871 haec

40 2913 149 2959 secum
177 2900 323 2961 volutanti
350 2898 472 2960 Laelius
500 2914 537 2960 ac
564 2897 731 2960 Masinissa
761 2902 1024 2973 supervenemnt;

42 2999 124 3058 quos
151 2998 218 3044 cum
239 2983 353 3060 pariter
378 2980 467 3044 ambo
489 2989 520 3043 et
540 2982 672 3058 benigno
692 2982 778 3043 vultu
798 2981 976 3056 excepisset
996 2984 1027 3037 et

41 3065 184 3142 egregiis*
198 3068 340 3128 laudibus
362 3067 513 3143 frequenti
535 3066 689 3143 praetorio
704 3065 908 3136 celebrasset,
929 3062 1025 3122 abdu-

44 3161 123 3211 ctum
142 3152 173 3212 in
196 3159 348 3213 secrettun
362 3150 558 3212 Masinissam
580 3151 626 3212 sic
646 3148 837 3224 adloquitur=
858 3146 983 3222 „aliqua
996 3151 1026 3205 te

43 3235 383 3311 existimo,Masinissa‚
399 3235 566 3296 intuentem
580 3234 611 3294 in
626 3249 675 3294 me
689 3233 773 3294 bona
788 3236 818 3292 et
831 3228 982 3306 principio
995 3228 1025 3287 in

42 3318 192 3397 llispania
219 3320 469 3396 adiungendam
500 3333 620 3380 mecum
644 3315 806 3378 amicitiam
830 3313 971 3384 venisse,
996 3320 1027 3372 et

44 3412 153 3475 postea
172 3405 203 3465 in
218 3405 324 3466 Africa
348 3411 377 3466 te
391 3403 494 3480 ipsum
514 3417 652 3479 spesque
673 3414 781 3462 omnes
801 3404 870 3459 tuas
888 3395 919 3457 in
934 3395 1026 3456 fldem

44 3503 140 3550 meam
163 3489 365 3551 commisisse.
403 3487 488 3565 atqui
509 3487 592 3547 nulla
606 3501 710 3546 earum
724 3484 821 3544 virtus
836 3488 884 3543 est
899 3486 1025 3558 propter
