2434 3902
193 245 255 310 222
345 245 461 308 LIBER
475 245 609 308 xxviii.
631 245 714 306 CAP.
730 255 756 306 2.
771 253 797 308 3.
818 245 855 321 [a.
869 249 902 304 U.
914 266 939 303 c.
952 245 1019 323 545]

193 397 254 475 ipsi
275 404 477 473 consurgtmta
508 411 587 472 quae
608 413 677 458 oum
697 397 827 458 Romani
847 397 990 471 conferti,
1014 403 1050 458 ut
1072 397 1172 473 solent,

195 482 331 544 densatis
353 482 550 559 excepissent
571 480 682 553 scutis,
704 487 767 544 tum
781 497 838 557 pes
853 497 922 543 cum
935 480 1020 558 pede
1041 482 1174 556 collatus,

195 575 225 630 et
239 566 349 642 gladiis
364 567 429 642 geri
442 582 494 627 res
509 573 620 642 coepta
635 572 691 628 est.
725 572 859 626 ceterum
873 565 1028 642 asperitas
1043 566 1175 626 locomm

195 650 367 726 Celtiberis,
389 650 500 725 quibus
516 651 546 710 in
561 651 679 727 proelio
696 665 881 712 concursare
896 667 964 711 mos
980 657 1046 727 est,
1070 651 1175 710 veloci-

194 742 285 796 tatem
299 734 433 795 inutilem
448 734 588 811 faciebat,
603 741 633 796 et
647 734 730 796 haud
744 734 850 810 iniqua
865 736 974 795 eadem
988 742 1059 796 erat
1076 735 1177 795 Roma·
1210 789 1211 792 ,

194 819 242 880 nis
257 818 357 880 stabili
372 835 495 895 pugnae
515 819 669 892 adsuetis,
693 818 752 879 nisi
768 819 852 895 quod
866 818 1031 894 angustiae
1047 827 1083 878 et
1098 819 1178 878 inter-

195 911 265 966 nata
277 904 407 979 virgulta
421 903 546 964 ordines
561 902 756 978 dirimebant,
779 909 810 964 et
825 903 936 978 singuli
954 902 1091 978 binique
1108 905 1181 964 velat

195 1001 264 1049 cum
280 986 406 1064 paribus
422 1003 586 1049 conserere
602 1003 736 1064 pugnam
751 987 946 1063 cogebantur.
977 987 1070 1065 quod
1086 989 1128 1048 ad
1142 990 1179 1048 lu·

194 1089 264 1148 gam
284 1072 501 1149 impedimento
517 1071 658 1134 hostibus
673 1079 753 1146 erat,
773 1072 806 1132 id
820 1073 860 1132 ad
876 1073 1005 1133 caedem
1027 1088 1090 1132 eos
1106 1075 1179 1133 velut

195 1157 314 1218 vinctos
334 1155 511 1233 praebebat
544 1162 575 1217 et
591 1158 653 1218 iam
668 1157 762 1218 ierme
784 1156 925 1218 omuibus
945 1155 1084 1218 scutatis
1101 1156 1178 1217 Celti·

195 1241 338 1303 berorum
351 1239 517 1302 interiectis
528 1240 606 1302 levis
621 1247 774 1303 armatura
788 1248 820 1304 et
830 1239 1119 1316 carthaginienses,
1136 1241 1180 1317 qul

195 1343 235 1386 ex
250 1325 353 1386 alteris
366 1325 475 1386 castris
487 1324 626 1388 subsidio
639 1332 795 1401 venerant,
810 1326 945 1402 perculsi
960 1325 1180 1386 caedebantur.

196 1411 256 1471 duo
278 1410 360 1471 haud
381 1410 511 1486 amplius
526 1409 609 1472 milia
629 1410 765 1486 peditum
786 1417 816 1470 et
836 1409 989 1484 equitatus
1014 1410 1123 1470 omnis
1139 1411 1180 1468 vix

195 1496 268 1558 inito
284 1495 402 1571 proelio
418 1511 487 1556 cum
497 1494 629 1569 Magone
644 1494 825 1570 effugerunt.
859 1494 978 1568 Hanno,
995 1495 1079 1553 alter
1094 1495 1180 1570 impe

195 1587 286 1654 rator,
309 1595 378 1639 cum
392 1580 446 1655 eis,
470 1579 521 1654 qui
536 1579 684 1655 postremi
698 1581 757 1639 iam
772 1577 936 1655 profligato
951 1579 1079 1654 proelio
1096 1579 1180 1638 adve-

197 1670 311 1738 nerant,
323 1663 412 1724 vivus
424 1663 552 1740 capitur.
574 1663 736 1739 Magonem
744 1663 910 1738 lugientem
921 1663 1085 1807 ezuitatus
1094 1665 1183 1724 terme

197 1748 296 1810 omnis
311 1754 342 1809 et
356 1748 439 1823 quod
454 1755 592 1811 veterum
606 1748 742 1824 peditum
757 1754 822 1808 erat
836 1747 932 1809 secuti
969 1747 1075 1808 ecimo
1095 1749 1146 1808 die
1159 1750 1182 1806 in

197 1832 376 1893 Gaditanam
388 1833 578 1908 provinciam
592 1833 633 1892 ad
639 1832 863 1894 Hasdrubalem
877 1838 1109 1908 pervenerunta
1126 1833 1182 1892 Cel·

198 1917 294 1990 tiberi,
311 1933 410 1978 novus
423 1917 519 1991 miles,
535 1918 565 1977 in
577 1917 735 1994 proximas
749 1916 860 1994 dilapsi
872 1916 967 1978 silvas
982 1916 1060 1977 inde
1078 1918 1182 1978 domos

119 2041 123 2068 ,
198 2000 390 2077 diffugerunt.
1213 2039 1214 2068 t

283 2084 515 2162 Peropportune
537 2086 664 2147 victoria
685 2101 881 2162 nequaquam
894 2092 1012 2147 tantum
1032 2085 1102 2145 iam
1118 2101 1184 2145 can·
1213 2151 1214 2162 χ

199 2169 304 2231 ilatum
318 2169 440 2245 bellum,
463 2177 577 2247 quanta
591 2170 682 2232 lutari
697 2170 824 2232 materia
837 2170 924 2244 belli,
946 2169 973 2230 si
989 2169 1142 2231 licuisset
1154 2168 1184 2228 iis
1213 2173 1214 2178 ’

198 2255 416 2317 celtiberorum
430 2262 520 2331 gente
535 2254 635 2316 excita
649 2261 680 2316 et
694 2255 772 2316 alios
786 2254 827 2315 ad
849 2270 932 2315 arma
947 2253 1123 2314 sollicitare
1136 2271 1184 2330 po

199 2340 305 2415 pulos,
329 2355 480 2416 oppressa
501 2346 575 2400 erat.
608 2339 712 2414 itaque
732 2339 905 2400 collaudato
928 2337 1065 2414 benigne
1083 2337 1183 2398 Silano

200 2423 303 2500 Scipio
320 2440 407 2500 spem
423 2423 606 2498 debellandi,
627 2423 655 2484 si
673 2423 747 2484 nihil
763 2438 830 2484 eam
845 2423 913 2498 ipse
928 2423 1110 2484 cunctando
1127 2437 1185 2482 mo

198 2515 281 2569 ratus
297 2514 389 2584 esset,
401 2516 540 2582 nanctus,
549 2513 589 2571 ad
600 2509 631 2570 id
639 2508 722 2584 quod
737 2507 888 2583 reliquum
902 2506 973 2567 belli
988 2514 1058 2567 erat
1073 2506 1106 2566 in
1122 2507 1184 2567 ulti·

200 2609 279 2652 mam
299 2593 477 2668 Hispaniam
498 2594 650 2654 adversus
672 2590 895 2653 Hasdrubalem
916 2591 1026 2667 pergit.
1064 2592 1185 2652 Poenus

201 2692 269 2736 cum
283 2683 384 2736 castra
398 2682 461 2736 tum
477 2677 554 2738 iorte
570 2678 610 2738 ad
625 2677 779 2738 sociorum
794 2677 913 2737 animos
928 2675 958 2735 in
970 2675 1101 2737 Baetica
1117 2692 1186 2736 cau·

201 2760 342 2822 tinendos
369 2760 400 2818 in
420 2760 482 2820 lide
503 2761 643 2835 haberet,
675 2760 772 2837 signis
793 2767 919 2836 repente
940 2759 1074 2822 sublatis
1097 2762 1185 2836 lagae

200 2844 297 2920 magis
319 2860 409 2920 quam
431 2845 545 2907 itineris
561 2846 652 2906 modo
669 2845 790 2921 penitus
805 2846 846 2906 ad
861 2843 1017 2906 Oceanum
1037 2852 1070 2906 et
1085 2845 1184 2905 Gades

201 2929 291 2990 ducit.
323 2935 472 3005 ceterum,
495 2930 598 3007 quoad
613 2929 814 2991 continuisset
834 2929 1017 3004 exercitum,
1038 2929 1183 3005 proposi-

201 3019 264 3075 tum
285 3014 365 3075 bello
381 3014 614 3088 sereremus,
636 3021 799 3091 antequam
814 3016 892 3076 irato
908 3015 1012 3074 Gades
1034 3014 1182 3085 traiceret,

201 3099 367 3161 exercitum
388 3114 509 3159 omnem
525 3098 639 3175 passim
654 3099 686 3159 in
702 3099 840 3160 civitates
855 3098 975 3173 divisit,
997 3104 1032 3158 ut
1045 3106 1077 3158 et
1091 3098 1181 3156 muris

202 3200 236 3242 se
251 3183 310 3259 ipsi
324 3190 355 3244 et
369 3183 461 3244 armis
476 3200 581 3245 muros
595 3189 773 3245 tutarentur.
817 3185 867 3245 lli.
887 3181 1003 3259 Scipio,
1020 3182 1074 3243 ubi
1090 3182 1181 3240 anim·

201 3267 332 3328 advertit
351 3267 532 3343 dissipatum
548 3266 664 3343 passim
678 3267 792 3330 bellum
812 3277 842 3330 et
856 3267 1052 3328 circumferre
1067 3265 1108 3326 ad
1123 3265 1181 3325 sin·

202 3351 289 3423 gulas
309 3350 402 3410 urbes
423 3367 507 3411 arma
521 3350 627 3411 diutini
641 3352 739 3426 magis
755 3369 846 3427 quam
860 3349 961 3428 magni
976 3366 1049 3411 esse
1068 3349 1180 3426 operis,

203 3440 283 3493 retro
305 3434 395 3494 vertit
407 3435 473 3494 iter.
507 3451 545 3494 ne
564 3433 705 3494 hostibus
726 3442 827 3496 tarmen
848 3453 915 3497 eam
936 3434 1125 3511 relinqueret
1138 3447 1181 3491 re·

204 3512 341 3589 glanem,
364 3518 396 3576 L.
414 3517 589 3593 Scipionem
610 3517 733 3577 fratrem
748 3535 817 3580 cum
831 3521 938 3581 decem
958 3518 1083 3581 nnbbus
1098 3515 1182 3595 pedi·
