<?xml version="1.0" encoding="UTF-8"?>
<!DOCTYPE html PUBLIC "-//W3C//DTD XHTML 1.0 Transitional//EN"
    "http://www.w3.org/TR/xhtml1/DTD/xhtml1-transitional.dtd">
<html xmlns="http://www.w3.org/1999/xhtml" xml:lang="en" lang="en">
 <head>
  <title>
</title>
<meta http-equiv="Content-Type" content="text/html;charset=utf-8" />
  <meta name='ocr-system' content='tesseract 3.04.00' />
  <meta name='ocr-capabilities' content='ocr_page ocr_carea ocr_par ocr_line ocrx_word'/>
</head>
<body>
  <div class='ocr_page' id='page_1' title='image "./titiliviaburbec09livygoog_0097.png"; bbox 0 0 2466 3900; ppageno 0'>
   <div class='ocr_carea' id='block_1_1' title="bbox 190 155 1019 280">
    <p class='ocr_par' dir='ltr' id='par_1_1' title="bbox 190 155 1019 280">
     <span class='ocr_line' id='line_1_1' title="bbox 190 155 1019 280; baseline -0.013 -6"><span class='ocrx_word' id='word_1_1' title='bbox 190 207 233 274; x_wconf 77' lang='lat' dir='ltr'><strong>ra</strong></span> <span class='ocrx_word' id='word_1_2' title='bbox 344 155 566 269; x_wconf 42' lang='lat' dir='ltr'><strong>umm&#39;xxv.</strong></span> <span class='ocrx_word' id='word_1_3' title='bbox 590 203 673 266; x_wconf 77' lang='lat' dir='ltr'><strong>cnr.</strong></span> <span class='ocrx_word' id='word_1_4' title='bbox 689 212 731 268; x_wconf 79' lang='lat' dir='ltr'><strong>a.</strong></span> <span class='ocrx_word' id='word_1_5' title='bbox 749 209 791 266; x_wconf 84' lang='lat' dir='ltr'><strong>u.</strong></span> <span class='ocrx_word' id='word_1_6' title='bbox 814 203 852 280; x_wconf 79' lang='lat' dir='ltr'><strong>p.</strong></span> <span class='ocrx_word' id='word_1_7' title='bbox 867 207 902 261; x_wconf 89' lang='lat' dir='ltr'><strong>u.</strong></span> <span class='ocrx_word' id='word_1_8' title='bbox 917 197 1019 272; x_wconf 63' lang='lat' dir='ltr'><strong>aaut</strong></span> 
     </span>
    </p>
   </div>
   <div class='ocr_carea' id='block_1_2' title="bbox 189 337 1208 430">
    <p class='ocr_par' dir='ltr' id='par_1_2' title="bbox 189 337 1208 430">
     <span class='ocr_line' id='line_1_2' title="bbox 189 337 1208 430; baseline -0.011 -5"><span class='ocrx_word' id='word_1_9' title='bbox 189 363 302 426; x_wconf 87' lang='lat' dir='ltr'><strong>abesse</strong></span> <span class='ocrx_word' id='word_1_10' title='bbox 322 367 406 422; x_wconf 84' lang='lat' dir='ltr'><strong>ratus</strong></span> <span class='ocrx_word' id='word_1_11' title='bbox 428 374 465 420; x_wconf 86' lang='lat' dir='ltr'><strong>ac</strong></span> <span class='ocrx_word' id='word_1_12' title='bbox 491 355 686 419; x_wconf 82' lang='lat' dir='ltr'><strong>sindiitudinc</strong></span> <span class='ocrx_word' id='word_1_13' title='bbox 705 355 771 416; x_wconf 76' lang='lat' dir='ltr'><strong>ven·</strong></span> <span class='ocrx_word' id='word_1_14' title='bbox 793 359 901 430; x_wconf 84' lang='lat' dir='ltr'><strong>captus</strong></span> <span class='ocrx_word' id='word_1_15' title='bbox 922 367 990 414; x_wconf 88' lang='lat' dir='ltr'><strong>cum</strong></span> <span class='ocrx_word' id='word_1_16' title='bbox 1013 352 1167 414; x_wconf 85' lang='lat' dir='ltr'><strong>lictoribus</strong></span> <span class='ocrx_word' id='word_1_17' title='bbox 1207 337 1208 414; x_wconf 78' lang='lat' dir='ltr'><strong>i</strong></span> 
     </span>
    </p>
   </div>
   <div class='ocr_carea' id='block_1_3' title="bbox 104 436 1208 3533">
    <p class='ocr_par' dir='ltr' id='par_1_3' title="bbox 187 436 1208 1614">
     <span class='ocr_line' id='line_1_3' title="bbox 189 436 1208 520; baseline -0.017 -12"><span class='ocrx_word' id='word_1_18' title='bbox 189 463 227 508; x_wconf 91' lang='lat' dir='ltr'><strong>ac</strong></span> <span class='ocrx_word' id='word_1_19' title='bbox 247 456 346 508; x_wconf 86' lang='lat' dir='ltr'><strong>turma</strong></span> <span class='ocrx_word' id='word_1_20' title='bbox 366 442 501 520; x_wconf 86' lang='lat' dir='ltr'><strong>equitum</strong></span> <span class='ocrx_word' id='word_1_21' title='bbox 515 457 534 501; x_wconf 90' lang='lat' dir='ltr'><strong>e</strong></span> <span class='ocrx_word' id='word_1_22' title='bbox 546 439 657 502; x_wconf 82' lang='lat' dir='ltr'><strong>castris</strong></span> <span class='ocrx_word' id='word_1_23' title='bbox 671 440 828 516; x_wconf 86' lang='lat' dir='ltr'><strong>proiectus</strong></span> <span class='ocrx_word' id='word_1_24' title='bbox 843 439 922 499; x_wconf 92' lang='lat' dir='ltr'><strong>duce</strong></span> <span class='ocrx_word' id='word_1_25' title='bbox 936 437 1064 514; x_wconf 78' lang='lat' dir='ltr'><strong>hospite</strong></span> <span class='ocrx_word' id='word_1_26' title='bbox 1078 436 1109 496; x_wconf 88' lang='lat' dir='ltr'><strong>in</strong></span> <span class='ocrx_word' id='word_1_27' title='bbox 1129 437 1166 496; x_wconf 88' lang='lat' dir='ltr'><strong>in·</strong></span> <span class='ocrx_word' id='word_1_28' title='bbox 1207 455 1208 490; x_wconf 61' lang='lat'><em>2</em></span> 
     </span>
     <span class='ocr_line' id='line_1_4' title="bbox 189 521 1208 606; baseline -0.012 -14"><span class='ocrx_word' id='word_1_29' title='bbox 189 531 286 592; x_wconf 87' lang='lat' dir='ltr'><strong>sidias</strong></span> <span class='ocrx_word' id='word_1_30' title='bbox 307 527 533 606; x_wconf 84' lang='lat' dir='ltr'><strong>praecipitatur.</strong></span> <span class='ocrx_word' id='word_1_31' title='bbox 565 525 673 585; x_wconf 87' lang='lat' dir='ltr'><strong>hostes</strong></span> <span class='ocrx_word' id='word_1_32' title='bbox 688 523 789 585; x_wconf 76' lang='lat' dir='ltr'><strong>subito</strong></span> <span class='ocrx_word' id='word_1_33' title='bbox 809 522 926 593; x_wconf 65' lang='lat' dir='ltr'><strong>exortu</strong></span> <span class='ocrx_word' id='word_1_34' title='bbox 955 528 1001 597; x_wconf 87' lang='lat' dir='ltr'><strong>ct,</strong></span> <span class='ocrx_word' id='word_1_35' title='bbox 1025 521 1166 582; x_wconf 81' lang='lat' dir='ltr'><strong>nadabia</strong></span> <span class='ocrx_word' id='word_1_36' title='bbox 1207 521 1208 600; x_wconf 57' lang='grc' dir='ltr'>ᾗ</span> 
     </span>
     <span class='ocr_line' id='line_1_5' title="bbox 189 605 1166 692; baseline -0.013 -17"><span class='ocrx_word' id='word_1_37' title='bbox 189 614 322 692; x_wconf 88' lang='lat' dir='ltr'><strong>proditio</strong></span> <span class='ocrx_word' id='word_1_38' title='bbox 343 619 442 686; x_wconf 87' lang='lat' dir='ltr'><strong>esset,</strong></span> <span class='ocrx_word' id='word_1_39' title='bbox 467 610 581 671; x_wconf 84' lang='lat' dir='ltr'><strong>Flavus</strong></span> <span class='ocrx_word' id='word_1_40' title='bbox 601 608 640 670; x_wconf 84' lang='lat' dir='ltr'><strong>iis</strong></span> <span class='ocrx_word' id='word_1_41' title='bbox 659 623 695 670; x_wconf 82' lang='lat' dir='ltr'><strong>sc</strong></span> <span class='ocrx_word' id='word_1_42' title='bbox 715 607 860 684; x_wconf 70' lang='lat' dir='ltr'><strong>adiungit.</strong></span> <span class='ocrx_word' id='word_1_43' title='bbox 903 606 963 666; x_wconf 88' lang='lat' dir='ltr'><strong>teia</strong></span> <span class='ocrx_word' id='word_1_44' title='bbox 981 605 1124 680; x_wconf 85' lang='lat' dir='ltr'><strong>undique</strong></span> <span class='ocrx_word' id='word_1_45' title='bbox 1142 606 1166 663; x_wconf 85' lang='lat' dir='ltr'><strong>in</strong></span> 
     </span>
     <span class='ocr_line' id='line_1_6' title="bbox 190 690 1167 772; baseline -0.012 -13"><span class='ocrx_word' id='word_1_46' title='bbox 190 697 359 760; x_wconf 80' lang='lat' dir='ltr'>Gracchum</span> <span class='ocrx_word' id='word_1_47' title='bbox 380 703 473 772; x_wconf 86' lang='lat' dir='ltr'><strong>atque</strong></span> <span class='ocrx_word' id='word_1_48' title='bbox 494 693 613 770; x_wconf 88' lang='lat' dir='ltr'><strong>equites</strong></span> <span class='ocrx_word' id='word_1_49' title='bbox 628 691 828 754; x_wconf 72' lang='lat' dir='ltr'><strong>coniciuntur.</strong></span> <span class='ocrx_word' id='word_1_50' title='bbox 860 690 1017 751; x_wconf 78' lang='lat' dir='ltr'><strong>Gracchus</strong></span> <span class='ocrx_word' id='word_1_51' title='bbox 1033 705 1075 750; x_wconf 88' lang='lat' dir='ltr'><strong>ex</strong></span> <span class='ocrx_word' id='word_1_52' title='bbox 1094 703 1167 766; x_wconf 88' lang='lat' dir='ltr'><strong>equo</strong></span> 
     </span>
     <span class='ocr_line' id='line_1_7' title="bbox 190 774 1167 852; baseline -0.013 -8"><span class='ocrx_word' id='word_1_53' title='bbox 190 783 308 852; x_wconf 74' lang='lat' dir='ltr'><strong>desiiit3</strong></span> <span class='ocrx_word' id='word_1_54' title='bbox 330 781 413 842; x_wconf 88' lang='lat' dir='ltr'><strong>idem</strong></span> <span class='ocrx_word' id='word_1_55' title='bbox 434 784 553 840; x_wconf 86' lang='lat' dir='ltr'><strong>ceteros</strong></span> <span class='ocrx_word' id='word_1_56' title='bbox 572 779 674 838; x_wconf 86' lang='lat' dir='ltr'><strong>iacere</strong></span> <span class='ocrx_word' id='word_1_57' title='bbox 694 775 1010 851; x_wconf 70' lang='lat' dir='ltr'><strong>inproborumque,</strong></span> <span class='ocrx_word' id='word_1_58' title='bbox 1034 781 1071 834; x_wconf 89' lang='lat' dir='ltr'><strong>ut</strong></span> <span class='ocrx_word' id='word_1_59' title='bbox 1091 774 1167 849; x_wconf 90' lang='lat' dir='ltr'><strong>quod</strong></span> 
     </span>
     <span class='ocr_line' id='line_1_8' title="bbox 188 859 1167 941; baseline -0.016 -9"><span class='ocrx_word' id='word_1_60' title='bbox 188 865 443 941; x_wconf 84' lang='lat' dir='ltr'><strong>unumreiiquum</strong></span> <span class='ocrx_word' id='word_1_61' title='bbox 458 864 580 926; x_wconf 89' lang='lat' dir='ltr'><strong>iortuna</strong></span> <span class='ocrx_word' id='word_1_62' title='bbox 594 861 708 934; x_wconf 82' lang='lat' dir='ltr'><strong>iecerit,</strong></span> <span class='ocrx_word' id='word_1_63' title='bbox 723 861 755 921; x_wconf 90' lang='lat' dir='ltr'><strong>id</strong></span> <span class='ocrx_word' id='word_1_64' title='bbox 771 860 973 922; x_wconf 78' lang='lat' dir='ltr'><strong>cohonestent</strong></span> <span class='ocrx_word' id='word_1_65' title='bbox 983 859 1107 918; x_wconf 87' lang='lat' dir='ltr'><strong>virtute.</strong></span> <span class='ocrx_word' id='word_1_66' title='bbox 1128 872 1167 916; x_wconf 85' lang='lat' dir='ltr'><strong>re-</strong></span> 
     </span>
     <span class='ocr_line' id='line_1_9' title="bbox 189 941 1167 1026; baseline -0.01 -17"><span class='ocrx_word' id='word_1_67' title='bbox 189 951 306 1026; x_wconf 89' lang='lat' dir='ltr'><strong>iiquum</strong></span> <span class='ocrx_word' id='word_1_68' title='bbox 320 957 421 1010; x_wconf 86' lang='lat' dir='ltr'><strong>autem</strong></span> <span class='ocrx_word' id='word_1_69' title='bbox 433 947 507 1024; x_wconf 87' lang='lat' dir='ltr'><strong>quid</strong></span> <span class='ocrx_word' id='word_1_70' title='bbox 522 943 594 1008; x_wconf 85' lang='lat' dir='ltr'><strong>cs&#39;sc</strong></span> <span class='ocrx_word' id='word_1_71' title='bbox 606 946 712 1022; x_wconf 88' lang='lat' dir='ltr'><strong>paucis</strong></span> <span class='ocrx_word' id='word_1_72' title='bbox 724 962 743 1006; x_wconf 89' lang='lat' dir='ltr'><strong>a</strong></span> <span class='ocrx_word' id='word_1_73' title='bbox 756 941 945 1006; x_wconf 88' lang='lat' dir='ltr'><strong>multitudine</strong></span> <span class='ocrx_word' id='word_1_74' title='bbox 960 943 992 1002; x_wconf 89' lang='lat' dir='ltr'><strong>iu</strong></span> <span class='ocrx_word' id='word_1_75' title='bbox 1002 943 1089 1002; x_wconf 81' lang='lat' dir='ltr'><strong>valle</strong></span> <span class='ocrx_word' id='word_1_76' title='bbox 1098 941 1167 1002; x_wconf 86' lang='lat' dir='ltr'><strong>silva</strong></span> 
     </span>
     <span class='ocr_line' id='line_1_10' title="bbox 190 1026 1166 1108; baseline -0.012 -12"><span class='ocrx_word' id='word_1_77' title='bbox 190 1051 226 1096; x_wconf 89' lang='lat' dir='ltr'><strong>ac</strong></span> <span class='ocrx_word' id='word_1_78' title='bbox 240 1033 394 1095; x_wconf 89' lang='lat' dir='ltr'><strong>montibus</strong></span> <span class='ocrx_word' id='word_1_79' title='bbox 409 1037 518 1108; x_wconf 83' lang='lat' dir='ltr'><strong>saepia</strong></span> <span class='ocrx_word' id='word_1_80' title='bbox 539 1029 753 1092; x_wconf 86' lang='lat' dir='ltr'><strong>circumventis</strong></span> <span class='ocrx_word' id='word_1_81' title='bbox 766 1035 888 1106; x_wconf 87' lang='lat' dir='ltr'><strong>praeter</strong></span> <span class='ocrx_word' id='word_1_82' title='bbox 902 1033 1057 1087; x_wconf 66' lang='lat' dir='ltr'><strong>mortem?</strong></span> <span class='ocrx_word' id='word_1_83' title='bbox 1083 1026 1114 1085; x_wconf 87' lang='lat' dir='ltr'><strong>id</strong></span> <span class='ocrx_word' id='word_1_84' title='bbox 1126 1041 1166 1084; x_wconf 82' lang='lat' dir='ltr'><strong>rc</strong></span> 
     </span>
     <span class='ocr_line' id='line_1_11' title="bbox 190 1108 1164 1193; baseline -0.009 -16"><span class='ocrx_word' id='word_1_85' title='bbox 190 1119 278 1191; x_wconf 83' lang='lat' dir='ltr'><strong>terre,</strong></span> <span class='ocrx_word' id='word_1_86' title='bbox 294 1123 394 1179; x_wconf 87' lang='lat' dir='ltr'><strong>utrum</strong></span> <span class='ocrx_word' id='word_1_87' title='bbox 405 1117 588 1193; x_wconf 75' lang='lat' dir='ltr'><strong>praebentes</strong></span> <span class='ocrx_word' id='word_1_88' title='bbox 601 1130 733 1191; x_wconf 85' lang='lat' dir='ltr'><strong>corpora</strong></span> <span class='ocrx_word' id='word_1_89' title='bbox 743 1108 890 1190; x_wconf 86' lang='lat' dir='ltr'><strong>pecorum</strong></span> <span class='ocrx_word' id='word_1_90' title='bbox 901 1111 994 1173; x_wconf 89' lang='lat' dir='ltr'><strong>modo</strong></span> <span class='ocrx_word' id='word_1_91' title='bbox 1011 1110 1100 1172; x_wconf 88' lang='lat' dir='ltr'><strong>inuiti</strong></span> <span class='ocrx_word' id='word_1_92' title='bbox 1113 1117 1164 1169; x_wconf 89' lang='lat' dir='ltr'><strong>tru-</strong></span> 
     </span>
     <span class='ocr_line' id='line_1_12' title="bbox 189 1197 1208 1277; baseline -0.009 -15"><span class='ocrx_word' id='word_1_93' title='bbox 189 1199 761 1277; x_wconf 81' lang='lat' dir='ltr'><strong>cidentur,antotoanimoapatieudo</strong></span> <span class='ocrx_word' id='word_1_94' title='bbox 775 1197 1054 1273; x_wconf 83' lang='lat' dir='ltr'><strong>exspectandoque</strong></span> <span class='ocrx_word' id='word_1_95' title='bbox 1066 1200 1166 1254; x_wconf 86' lang='lat' dir='ltr'><strong>evento</strong></span> <span class='ocrx_word' id='word_1_96' title='bbox 1207 1247 1208 1268; x_wconf 58' lang='grc'>,</span> 
     </span>
     <span class='ocr_line' id='line_1_13' title="bbox 189 1269 1208 1364; baseline -0.01 -18"><span class='ocrx_word' id='word_1_97' title='bbox 189 1287 219 1346; x_wconf 89' lang='lat' dir='ltr'><strong>in</strong></span> <span class='ocrx_word' id='word_1_98' title='bbox 234 1287 380 1364; x_wconf 84' lang='lat' dir='ltr'><strong>impeturn</strong></span> <span class='ocrx_word' id='word_1_99' title='bbox 395 1293 488 1362; x_wconf 73' lang='lat' dir='ltr'><strong>atque</strong></span> <span class='ocrx_word' id='word_1_100' title='bbox 502 1285 578 1346; x_wconf 90' lang='lat' dir='ltr'><strong>iram</strong></span> <span class='ocrx_word' id='word_1_101' title='bbox 591 1299 694 1359; x_wconf 73' lang='lat' dir='ltr'><strong>vomo,</strong></span> <span class='ocrx_word' id='word_1_102' title='bbox 717 1288 842 1359; x_wconf 70' lang='lat' dir='ltr'><strong>agentes</strong></span> <span class='ocrx_word' id='word_1_103' title='bbox 858 1281 1085 1356; x_wconf 72' lang='lat' dir='ltr'><strong>audentesque,</strong></span> <span class='ocrx_word' id='word_1_104' title='bbox 1106 1293 1163 1354; x_wconf 87' lang='lat' dir='ltr'><strong>per·</strong></span> <span class='ocrx_word' id='word_1_105' title='bbox 1207 1269 1208 1360; x_wconf 52' lang='lat' dir='ltr'><strong>i</strong></span> 
     </span>
     <span class='ocr_line' id='line_1_14' title="bbox 189 1365 1208 1447; baseline -0.011 -15"><span class='ocrx_word' id='word_1_106' title='bbox 189 1372 250 1433; x_wconf 89' lang='lat' dir='ltr'><strong>iusi</strong></span> <span class='ocrx_word' id='word_1_107' title='bbox 261 1371 395 1432; x_wconf 91' lang='lat' dir='ltr'><strong>hostium</strong></span> <span class='ocrx_word' id='word_1_108' title='bbox 406 1385 524 1447; x_wconf 89' lang='lat' dir='ltr'><strong>cruore,</strong></span> <span class='ocrx_word' id='word_1_109' title='bbox 540 1369 617 1430; x_wconf 86' lang='lat' dir='ltr'><strong>inter</strong></span> <span class='ocrx_word' id='word_1_110' title='bbox 631 1367 851 1444; x_wconf 72' lang='lat' dir='ltr'><strong>exspirantium</strong></span> <span class='ocrx_word' id='word_1_111' title='bbox 865 1365 1061 1427; x_wconf 87' lang='lat' dir='ltr'><strong>inimieorum</strong></span> <span class='ocrx_word' id='word_1_112' title='bbox 1072 1379 1164 1424; x_wconf 89' lang='lat' dir='ltr'><strong>cumu-</strong></span> <span class='ocrx_word' id='word_1_113' title='bbox 1207 1369 1208 1394; x_wconf 65' lang='lat'>¹</span> 
     </span>
     <span class='ocr_line' id='line_1_15' title="bbox 187 1450 1208 1530; baseline -0.013 -14"><span class='ocrx_word' id='word_1_114' title='bbox 187 1459 250 1516; x_wconf 88' lang='lat' dir='ltr'><strong>iata</strong></span> <span class='ocrx_word' id='word_1_115' title='bbox 264 1471 411 1530; x_wconf 82' lang='lat' dir='ltr'><strong>armaque</strong></span> <span class='ocrx_word' id='word_1_116' title='bbox 424 1461 456 1516; x_wconf 84' lang='lat' dir='ltr'><strong>et</strong></span> <span class='ocrx_word' id='word_1_117' title='bbox 470 1469 602 1530; x_wconf 86' lang='lat' dir='ltr'><strong>corpora</strong></span> <span class='ocrx_word' id='word_1_118' title='bbox 618 1453 738 1514; x_wconf 85' lang='lat' dir='ltr'><strong>cadant.</strong></span> <span class='ocrx_word' id='word_1_119' title='bbox 760 1452 916 1512; x_wconf 88' lang='lat' dir='ltr'><strong>Lucanum</strong></span> <span class='ocrx_word' id='word_1_120' title='bbox 930 1450 1122 1527; x_wconf 76' lang='lat' dir='ltr'><strong>proditorem</strong></span> <span class='ocrx_word' id='word_1_121' title='bbox 1136 1461 1167 1506; x_wconf 88' lang='lat' dir='ltr'><strong>ec</strong></span> <span class='ocrx_word' id='word_1_122' title='bbox 1207 1465 1208 1482; x_wconf 55' lang='lat'>¹</span> 
     </span>
     <span class='ocr_line' id='line_1_16' title="bbox 189 1535 1164 1614; baseline -0.011 -15"><span class='ocrx_word' id='word_1_123' title='bbox 189 1541 378 1614; x_wconf 78' lang='lat' dir='ltr'><strong>transfugam</strong></span> <span class='ocrx_word' id='word_1_124' title='bbox 399 1553 506 1598; x_wconf 85' lang='lat' dir='ltr'><strong>omncs</strong></span> <span class='ocrx_word' id='word_1_125' title='bbox 527 1543 682 1613; x_wconf 83' lang='lat' dir='ltr'><strong>peterent;</strong></span> <span class='ocrx_word' id='word_1_126' title='bbox 707 1536 757 1612; x_wconf 87' lang='lat' dir='ltr'><strong>qui</strong></span> <span class='ocrx_word' id='word_1_127' title='bbox 779 1551 846 1597; x_wconf 82' lang='lat' dir='ltr'><strong>eam</strong></span> <span class='ocrx_word' id='word_1_128' title='bbox 866 1535 1022 1596; x_wconf 79' lang='lat' dir='ltr'><strong>victimam</strong></span> <span class='ocrx_word' id='word_1_129' title='bbox 1044 1547 1119 1610; x_wconf 83' lang='lat' dir='ltr'><strong>prae</strong></span> <span class='ocrx_word' id='word_1_130' title='bbox 1136 1545 1164 1590; x_wconf 84' lang='lat' dir='ltr'><strong>se</strong></span> 
     </span>
    </p>

    <p class='ocr_par' dir='ltr' id='par_1_4' title="bbox 104 1616 1156 2120">
     <span class='ocr_line' id='line_1_17' title="bbox 104 1616 1156 1697; baseline -0.011 -13"><span class='ocrx_word' id='word_1_131' title='bbox 104 1627 110 1634; x_wconf 87' lang='lat'><em>&#39;</em></span> <span class='ocrx_word' id='word_1_132' title='bbox 191 1623 232 1684; x_wconf 88' lang='lat' dir='ltr'><strong>ad</strong></span> <span class='ocrx_word' id='word_1_133' title='bbox 245 1623 361 1682; x_wconf 78' lang='lat' dir='ltr'><strong>inieras</strong></span> <span class='ocrx_word' id='word_1_134' title='bbox 375 1621 520 1697; x_wconf 73' lang='lat' dir='ltr'><strong>misisset,</strong></span> <span class='ocrx_word' id='word_1_135' title='bbox 540 1637 613 1682; x_wconf 83' lang='lat' dir='ltr'><strong>cum</strong></span> <span class='ocrx_word' id='word_1_136' title='bbox 627 1621 722 1682; x_wconf 87' lang='lat' dir='ltr'><strong>decus</strong></span> <span class='ocrx_word' id='word_1_137' title='bbox 739 1620 897 1692; x_wconf 87' lang='lat' dir='ltr'><strong>eximium,</strong></span> <span class='ocrx_word' id='word_1_138' title='bbox 918 1619 1079 1695; x_wconf 74' lang='lat' dir='ltr'><strong>egregium</strong></span> <span class='ocrx_word' id='word_1_139' title='bbox 1092 1616 1156 1676; x_wconf 88' lang='lat' dir='ltr'><strong>sota</strong></span> 
     </span>
     <span class='ocr_line' id='line_1_18' title="bbox 190 1703 1154 1780; baseline -0.009 -13"><span class='ocrx_word' id='word_1_140' title='bbox 190 1706 263 1767; x_wconf 89' lang='lat' dir='ltr'><strong>tium</strong></span> <span class='ocrx_word' id='word_1_141' title='bbox 275 1721 351 1766; x_wconf 83' lang='lat' dir='ltr'><strong>suaa</strong></span> <span class='ocrx_word' id='word_1_142' title='bbox 362 1706 450 1766; x_wconf 88' lang='lat' dir='ltr'><strong>morti</strong></span> <span class='ocrx_word' id='word_1_143' title='bbox 461 1705 662 1767; x_wconf 85' lang='lat' dir='ltr'><strong>inventurum.</strong></span> <span class='ocrx_word' id='word_1_144' title='bbox 684 1703 1154 1780; x_wconf 81' lang='lat' dir='ltr'><strong>intcrheecdictupaiudamenb</strong></span> 
     </span>
     <span class='ocr_line' id='line_1_19' title="bbox 188 1785 1152 1862; baseline -0.009 -12"><span class='ocrx_word' id='word_1_145' title='bbox 188 1791 270 1850; x_wconf 89' lang='lat' dir='ltr'><strong>circa</strong></span> <span class='ocrx_word' id='word_1_146' title='bbox 291 1791 413 1850; x_wconf 87' lang='lat' dir='ltr'><strong>laevum</strong></span> <span class='ocrx_word' id='word_1_147' title='bbox 431 1789 589 1852; x_wconf 82' lang='lat' dir='ltr'><strong>brachium</strong></span> <span class='ocrx_word' id='word_1_148' title='bbox 610 1790 720 1851; x_wconf 89' lang='lat' dir='ltr'><strong>intorto</strong></span> <span class='ocrx_word' id='word_1_149' title='bbox 740 1821 785 1832; x_wconf 91' lang='lat'>-</span> <span class='ocrx_word' id='word_1_150' title='bbox 805 1805 875 1849; x_wconf 90' lang='lat' dir='ltr'><strong>uam</strong></span> <span class='ocrx_word' id='word_1_151' title='bbox 888 1803 928 1848; x_wconf 86' lang='lat' dir='ltr'><strong>ne</strong></span> <span class='ocrx_word' id='word_1_152' title='bbox 943 1795 1035 1848; x_wconf 87' lang='lat' dir='ltr'><strong>scuta</strong></span> <span class='ocrx_word' id='word_1_153' title='bbox 1050 1785 1152 1862; x_wconf 80' lang='lat' dir='ltr'><strong>quidet</strong></span> 
     </span>
     <span class='ocr_line' id='line_1_20' title="bbox 188 1872 1151 1950; baseline -0.007 -16"><span class='ocrx_word' id='word_1_154' title='bbox 188 1889 293 1934; x_wconf 88' lang='lat' dir='ltr'><strong>secum</strong></span> <span class='ocrx_word' id='word_1_155' title='bbox 306 1874 528 1934; x_wconf 82' lang='lat' dir='ltr'><strong>extuleraut-</strong></span> <span class='ocrx_word' id='word_1_156' title='bbox 539 1875 569 1934; x_wconf 92' lang='lat' dir='ltr'><strong>in</strong></span> <span class='ocrx_word' id='word_1_157' title='bbox 585 1875 691 1935; x_wconf 86' lang='lat' dir='ltr'><strong>hostes</strong></span> <span class='ocrx_word' id='word_1_158' title='bbox 705 1875 851 1950; x_wconf 89' lang='lat' dir='ltr'><strong>impetum</strong></span> <span class='ocrx_word' id='word_1_159' title='bbox 866 1873 944 1934; x_wconf 86' lang='lat' dir='ltr'><strong>iecit.</strong></span> <span class='ocrx_word' id='word_1_160' title='bbox 967 1872 1070 1932; x_wconf 87' lang='lat' dir='ltr'><strong>maior</strong></span> <span class='ocrx_word' id='word_1_161' title='bbox 1080 1879 1151 1944; x_wconf 82' lang='lat' dir='ltr'><strong>qum</strong></span> 
     </span>
     <span class='ocr_line' id='line_1_21' title="bbox 187 1955 1151 2034; baseline -0.006 -16"><span class='ocrx_word' id='word_1_162' title='bbox 187 1974 244 2034; x_wconf 91' lang='lat' dir='ltr'><strong>pro</strong></span> <span class='ocrx_word' id='word_1_163' title='bbox 256 1973 381 2018; x_wconf 85' lang='lat' dir='ltr'><strong>numero</strong></span> <span class='ocrx_word' id='word_1_164' title='bbox 394 1958 549 2019; x_wconf 89' lang='lat' dir='ltr'><strong>hominum</strong></span> <span class='ocrx_word' id='word_1_165' title='bbox 558 1960 660 2020; x_wconf 86' lang='lat' dir='ltr'><strong>editur</strong></span> <span class='ocrx_word' id='word_1_166' title='bbox 670 1973 788 2034; x_wconf 73' lang='lat' dir='ltr'><strong>pugna:</strong></span> <span class='ocrx_word' id='word_1_167' title='bbox 800 1957 907 2018; x_wconf 89' lang='lat' dir='ltr'><strong>iacuiis</strong></span> <span class='ocrx_word' id='word_1_168' title='bbox 919 1955 1054 2016; x_wconf 85' lang='lat' dir='ltr'><strong>maxime</strong></span> <span class='ocrx_word' id='word_1_169' title='bbox 1065 1963 1151 2030; x_wconf 75' lang='lat' dir='ltr'><strong>apert</strong></span> 
     </span>
     <span class='ocr_line' id='line_1_22' title="bbox 188 2031 1151 2120; baseline -0.008 -17"><span class='ocrx_word' id='word_1_170' title='bbox 188 2057 320 2120; x_wconf 85' lang='lat' dir='ltr'><strong>corpora</strong></span> <span class='ocrx_word' id='word_1_171' title='bbox 333 2043 557 2116; x_wconf 85' lang='lat' dir='ltr'><strong>Romanorum,</strong></span> <span class='ocrx_word' id='word_1_172' title='bbox 579 2049 610 2102; x_wconf 90' lang='lat' dir='ltr'><strong>et</strong></span> <span class='ocrx_word' id='word_1_173' title='bbox 622 2057 689 2102; x_wconf 89' lang='lat' dir='ltr'><strong>cum</strong></span> <span class='ocrx_word' id='word_1_174' title='bbox 704 2041 840 2118; x_wconf 85' lang='lat' dir='ltr'><strong>undiquc</strong></span> <span class='ocrx_word' id='word_1_175' title='bbox 860 2055 899 2102; x_wconf 84' lang='lat' dir='ltr'><strong>ex</strong></span> <span class='ocrx_word' id='word_1_176' title='bbox 918 2040 1081 2102; x_wconf 87' lang='lat' dir='ltr'><strong>altioribus</strong></span> <span class='ocrx_word' id='word_1_177' title='bbox 1095 2031 1151 2096; x_wconf 87' lang='lat' dir='ltr'><strong>lois</strong></span> 
     </span>
    </p>

    <p class='ocr_par' dir='ltr' id='par_1_5' title="bbox 184 2123 1208 3533">
     <span class='ocr_line' id='line_1_23' title="bbox 187 2123 1148 2202; baseline -0.007 -14"><span class='ocrx_word' id='word_1_178' title='bbox 187 2128 217 2188; x_wconf 92' lang='lat' dir='ltr'><strong>in</strong></span> <span class='ocrx_word' id='word_1_179' title='bbox 232 2143 340 2188; x_wconf 88' lang='lat' dir='ltr'><strong>cavam</strong></span> <span class='ocrx_word' id='word_1_180' title='bbox 351 2128 461 2187; x_wconf 85' lang='lat' dir='ltr'><strong>vallem</strong></span> <span class='ocrx_word' id='word_1_181' title='bbox 473 2126 629 2190; x_wconf 87' lang='lat' dir='ltr'><strong>coniectus</strong></span> <span class='ocrx_word' id='word_1_182' title='bbox 641 2132 732 2202; x_wconf 81' lang='lat' dir='ltr'><strong>esset,</strong></span> <span class='ocrx_word' id='word_1_183' title='bbox 748 2126 974 2200; x_wconf 78' lang='lat' dir='ltr'><strong>transfiguntur.</strong></span> <span class='ocrx_word' id='word_1_184' title='bbox 996 2123 1148 2185; x_wconf 74' lang='lat' dir='ltr'><strong>Graeciam</strong></span> 
     </span>
     <span class='ocr_line' id='line_1_24' title="bbox 186 2209 1148 2286; baseline -0.015 -14"><span class='ocrx_word' id='word_1_185' title='bbox 186 2212 246 2272; x_wconf 90' lang='lat' dir='ltr'><strong>iam</strong></span> <span class='ocrx_word' id='word_1_186' title='bbox 260 2211 408 2272; x_wconf 85' lang='lat' dir='ltr'><strong>nudatum</strong></span> <span class='ocrx_word' id='word_1_187' title='bbox 422 2210 578 2286; x_wconf 87' lang='lat' dir='ltr'><strong>praesidio</strong></span> <span class='ocrx_word' id='word_1_188' title='bbox 593 2209 699 2272; x_wconf 87' lang='lat' dir='ltr'><strong>vivum</strong></span> <span class='ocrx_word' id='word_1_189' title='bbox 714 2225 826 2285; x_wconf 87' lang='lat' dir='ltr'><strong>capere</strong></span> <span class='ocrx_word' id='word_1_190' title='bbox 840 2209 933 2270; x_wconf 84' lang='lat' dir='ltr'><strong>Poeni</strong></span> <span class='ocrx_word' id='word_1_191' title='bbox 950 2209 1101 2270; x_wconf 70' lang='lat' dir='ltr'><strong>nitunturr</strong></span> <span class='ocrx_word' id='word_1_192' title='bbox 1110 2215 1148 2262; x_wconf 82' lang='lat' dir='ltr'><strong>:e-</strong></span> 
     </span>
     <span class='ocr_line' id='line_1_25' title="bbox 187 2285 1148 2370; baseline -0.007 -13"><span class='ocrx_word' id='word_1_193' title='bbox 187 2302 284 2357; x_wconf 86' lang='lat' dir='ltr'><strong>terum</strong></span> <span class='ocrx_word' id='word_1_194' title='bbox 299 2295 496 2370; x_wconf 85' lang='lat' dir='ltr'><strong>conspicatus</strong></span> <span class='ocrx_word' id='word_1_195' title='bbox 510 2294 666 2356; x_wconf 84' lang='lat' dir='ltr'><strong>Lucanum</strong></span> <span class='ocrx_word' id='word_1_196' title='bbox 681 2293 833 2369; x_wconf 85' lang='lat' dir='ltr'><strong>hospitem</strong></span> <span class='ocrx_word' id='word_1_197' title='bbox 849 2294 927 2354; x_wconf 85' lang='lat' dir='ltr'><strong>inter</strong></span> <span class='ocrx_word' id='word_1_198' title='bbox 942 2293 1069 2368; x_wconf 86' lang='lat' dir='ltr'><strong>hostes,</strong></span> <span class='ocrx_word' id='word_1_199' title='bbox 1090 2285 1148 2350; x_wconf 80' lang='lat' dir='ltr'><strong>deo</strong></span> 
     </span>
     <span class='ocr_line' id='line_1_26' title="bbox 186 2377 1146 2454; baseline -0.016 -14"><span class='ocrx_word' id='word_1_200' title='bbox 186 2380 316 2440; x_wconf 77' lang='lat' dir='ltr'><strong>iniustus</strong></span> <span class='ocrx_word' id='word_1_201' title='bbox 332 2380 486 2440; x_wconf 81' lang='lat' dir='ltr'><strong>confertos</strong></span> <span class='ocrx_word' id='word_1_202' title='bbox 501 2379 628 2453; x_wconf 86' lang='lat' dir='ltr'><strong>invasit,</strong></span> <span class='ocrx_word' id='word_1_203' title='bbox 649 2385 683 2440; x_wconf 86' lang='lat' dir='ltr'><strong>ut</strong></span> <span class='ocrx_word' id='word_1_204' title='bbox 697 2377 782 2454; x_wconf 88' lang='lat' dir='ltr'><strong>parci</strong></span> <span class='ocrx_word' id='word_1_205' title='bbox 798 2379 825 2438; x_wconf 87' lang='lat' dir='ltr'><strong>ei</strong></span> <span class='ocrx_word' id='word_1_206' title='bbox 839 2377 907 2438; x_wconf 87' lang='lat' dir='ltr'><strong>sine</strong></span> <span class='ocrx_word' id='word_1_207' title='bbox 921 2378 1087 2438; x_wconf 83' lang='lat' dir='ltr'><strong>multorum</strong></span> <span class='ocrx_word' id='word_1_208' title='bbox 1097 2383 1146 2429; x_wconf 75' lang='lat' dir='ltr'><strong>ter·</strong></span> 
     </span>
     <span class='ocr_line' id='line_1_27' title="bbox 186 2454 1146 2538; baseline -0.004 -16"><span class='ocrx_word' id='word_1_209' title='bbox 186 2463 265 2523; x_wconf 89' lang='lat' dir='ltr'><strong>nicic</strong></span> <span class='ocrx_word' id='word_1_210' title='bbox 279 2479 341 2523; x_wconf 90' lang='lat' dir='ltr'><strong>non</strong></span> <span class='ocrx_word' id='word_1_211' title='bbox 353 2469 470 2538; x_wconf 78' lang='lat' dir='ltr'><strong>posset</strong></span> <span class='ocrx_word' id='word_1_212' title='bbox 492 2463 663 2524; x_wconf 85' lang='lat' dir='ltr'><strong>exanimem</strong></span> <span class='ocrx_word' id='word_1_213' title='bbox 676 2479 746 2524; x_wconf 86' lang='lat' dir='ltr'><strong>eum</strong></span> <span class='ocrx_word' id='word_1_214' title='bbox 756 2461 848 2537; x_wconf 81' lang='lat' dir='ltr'><strong>Mago</strong></span> <span class='ocrx_word' id='word_1_215' title='bbox 863 2463 1018 2538; x_wconf 87' lang='lat' dir='ltr'><strong>extempio</strong></span> <span class='ocrx_word' id='word_1_216' title='bbox 1034 2459 1076 2522; x_wconf 91' lang='lat' dir='ltr'><strong>ad</strong></span> <span class='ocrx_word' id='word_1_217' title='bbox 1089 2454 1146 2518; x_wconf 81' lang='lat' dir='ltr'><strong>ian·</strong></span> 
     </span>
     <span class='ocr_line' id='line_1_28' title="bbox 188 2543 1208 2622; baseline 0 -16"><span class='ocrx_word' id='word_1_218' title='bbox 188 2546 317 2606; x_wconf 87' lang='lat' dir='ltr'><strong>nibaiem</strong></span> <span class='ocrx_word' id='word_1_219' title='bbox 338 2547 434 2620; x_wconf 89' lang='lat' dir='ltr'><strong>misit,</strong></span> <span class='ocrx_word' id='word_1_220' title='bbox 462 2546 598 2622; x_wconf 89' lang='lat' dir='ltr'><strong>ponique</strong></span> <span class='ocrx_word' id='word_1_221' title='bbox 619 2563 686 2608; x_wconf 90' lang='lat' dir='ltr'><strong>cum</strong></span> <span class='ocrx_word' id='word_1_222' title='bbox 709 2548 808 2622; x_wconf 87' lang='lat' dir='ltr'><strong>captis</strong></span> <span class='ocrx_word' id='word_1_223' title='bbox 829 2546 918 2607; x_wconf 91' lang='lat' dir='ltr'><strong>simui</strong></span> <span class='ocrx_word' id='word_1_224' title='bbox 940 2543 1147 2607; x_wconf 74' lang='lat' dir='ltr'><strong>fascibusante</strong></span> <span class='ocrx_word' id='word_1_225' title='bbox 1207 2581 1208 2616; x_wconf 49' lang='lat' dir='ltr'><strong>p</strong></span> 
     </span>
     <span class='ocr_line' id='line_1_29' title="bbox 186 2623 1145 2706; baseline -0.014 -16"><span class='ocrx_word' id='word_1_226' title='bbox 186 2629 315 2690; x_wconf 85' lang='lat' dir='ltr'><strong>tribuual</strong></span> <span class='ocrx_word' id='word_1_227' title='bbox 339 2629 533 2706; x_wconf 87' lang='lat' dir='ltr'><strong>imperatoris</strong></span> <span class='ocrx_word' id='word_1_228' title='bbox 553 2630 651 2691; x_wconf 84' lang='lat' dir='ltr'><strong>iussit</strong></span> <span class='ocrx_word' id='word_1_229' title='bbox 693 2631 770 2691; x_wconf 86' lang='lat' dir='ltr'><strong>haec</strong></span> <span class='ocrx_word' id='word_1_230' title='bbox 790 2645 865 2690; x_wconf 85' lang='lat' dir='ltr'><strong>vera</strong></span> <span class='ocrx_word' id='word_1_231' title='bbox 885 2631 966 2692; x_wconf 88' lang='lat' dir='ltr'><strong>iama</strong></span> <span class='ocrx_word' id='word_1_232' title='bbox 987 2637 1049 2690; x_wconf 79' lang='lat' dir='ltr'><strong>cst:</strong></span> <span class='ocrx_word' id='word_1_233' title='bbox 1073 2623 1145 2680; x_wconf 81' lang='lat' dir='ltr'><strong>imc-</strong></span> 
     </span>
     <span class='ocr_line' id='line_1_30' title="bbox 186 2705 1163 2790; baseline -0.012 -17"><span class='ocrx_word' id='word_1_234' title='bbox 186 2714 262 2774; x_wconf 89' lang='lat' dir='ltr'><strong>chus</strong></span> <span class='ocrx_word' id='word_1_235' title='bbox 283 2713 313 2772; x_wconf 91' lang='lat' dir='ltr'><strong>in</strong></span> <span class='ocrx_word' id='word_1_236' title='bbox 328 2713 459 2774; x_wconf 86' lang='lat' dir='ltr'><strong>Lucanis</strong></span> <span class='ocrx_word' id='word_1_237' title='bbox 481 2715 521 2774; x_wconf 92' lang='lat' dir='ltr'><strong>ad</strong></span> <span class='ocrx_word' id='word_1_238' title='bbox 536 2729 663 2790; x_wconf 90' lang='lat' dir='ltr'><strong>campos</strong></span> <span class='ocrx_word' id='word_1_239' title='bbox 686 2714 737 2788; x_wconf 88' lang='lat' dir='ltr'><strong>qui</strong></span> <span class='ocrx_word' id='word_1_240' title='bbox 752 2715 882 2775; x_wconf 89' lang='lat' dir='ltr'><strong>Veteros</strong></span> <span class='ocrx_word' id='word_1_241' title='bbox 903 2721 1055 2776; x_wconf 89' lang='lat' dir='ltr'><strong>vocantur</strong></span> <span class='ocrx_word' id='word_1_242' title='bbox 1067 2705 1163 2766; x_wconf 75' lang='lat' dir='ltr'><strong>›eriit</strong></span> 
     </span>
     <span class='ocr_line' id='line_1_31' title="bbox 185 2789 1208 2875; baseline 0 -19"><span class='ocrx_word' id='word_1_243' title='bbox 185 2797 278 2857; x_wconf 87' lang='lat' dir='ltr'><strong>XVII.</strong></span> <span class='ocrx_word' id='word_1_244' title='bbox 302 2805 372 2857; x_wconf 88' lang='lat' dir='ltr'><strong>sant</strong></span> <span class='ocrx_word' id='word_1_245' title='bbox 394 2799 445 2874; x_wconf 68' lang='lat' dir='ltr'><strong>crui</strong></span> <span class='ocrx_word' id='word_1_246' title='bbox 461 2799 491 2858; x_wconf 90' lang='lat' dir='ltr'><strong>in</strong></span> <span class='ocrx_word' id='word_1_247' title='bbox 505 2813 583 2874; x_wconf 66' lang='lat' dir='ltr'><strong>agro</strong></span> <span class='ocrx_word' id='word_1_248' title='bbox 598 2800 815 2860; x_wconf 85' lang='lat' dir='ltr'><strong>Beneventano</strong></span> <span class='ocrx_word' id='word_1_249' title='bbox 836 2814 934 2875; x_wconf 85' lang='lat' dir='ltr'><strong>prope</strong></span> <span class='ocrx_word' id='word_1_250' title='bbox 950 2799 1071 2866; x_wconf 78' lang='lat' dir='ltr'><strong>Coiorct</strong></span> <span class='ocrx_word' id='word_1_251' title='bbox 1092 2789 1143 2849; x_wconf 73' lang='grc' dir='ltr'><strong>Ηυ-</strong></span> <span class='ocrx_word' id='word_1_252' title='bbox 1207 2789 1208 2864; x_wconf 52' lang='grc' dir='ltr'>ᾗ</span> 
     </span>
     <span class='ocr_line' id='line_1_32' title="bbox 187 2872 1143 2946; baseline 0.003 -5"><span class='ocrx_word' id='word_1_253' title='bbox 187 2880 269 2941; x_wconf 91' lang='lat' dir='ltr'><strong>vium</strong></span> <span class='ocrx_word' id='word_1_254' title='bbox 290 2882 454 2944; x_wconf 86' lang='lat' dir='ltr'><strong>ostendant</strong></span> <span class='ocrx_word' id='word_1_255' title='bbox 473 2899 492 2942; x_wconf 87' lang='lat' dir='ltr'><strong>a</strong></span> <span class='ocrx_word' id='word_1_256' title='bbox 510 2885 621 2945; x_wconf 90' lang='lat' dir='ltr'><strong>castris</strong></span> <span class='ocrx_word' id='word_1_257' title='bbox 636 2899 706 2944; x_wconf 89' lang='lat' dir='ltr'><strong>cum</strong></span> <span class='ocrx_word' id='word_1_258' title='bbox 725 2883 881 2944; x_wconf 83' lang='lat' dir='ltr'><strong>lictoribus</strong></span> <span class='ocrx_word' id='word_1_259' title='bbox 902 2899 938 2944; x_wconf 92' lang='lat' dir='ltr'><strong>ac</strong></span> <span class='ocrx_word' id='word_1_260' title='bbox 952 2872 1143 2946; x_wconf 68' lang='lat' dir='ltr'><strong>tribusieriis</strong></span> 
     </span>
     <span class='ocr_line' id='line_1_33' title="bbox 187 2961 1208 3043; baseline -0.011 -20"><span class='ocrx_word' id='word_1_261' title='bbox 187 2965 309 3026; x_wconf 79' lang='lat' dir='ltr'><strong>iuvandi</strong></span> <span class='ocrx_word' id='word_1_262' title='bbox 324 2981 420 3027; x_wconf 85' lang='lat' dir='ltr'><strong>causa</strong></span> <span class='ocrx_word' id='word_1_263' title='bbox 434 2981 649 3043; x_wconf 81' lang='lat' dir='ltr'><strong>progressum,</strong></span> <span class='ocrx_word' id='word_1_264' title='bbox 673 2983 741 3028; x_wconf 88' lang='lat' dir='ltr'><strong>com</strong></span> <span class='ocrx_word' id='word_1_265' title='bbox 757 2968 835 3028; x_wconf 78' lang='lat' dir='ltr'><strong>forte</strong></span> <span class='ocrx_word' id='word_1_266' title='bbox 849 2969 927 3028; x_wconf 89' lang='lat' dir='ltr'><strong>inter</strong></span> <span class='ocrx_word' id='word_1_267' title='bbox 941 2961 1142 3028; x_wconf 84' lang='lat' dir='ltr'><strong>saliciaiunaia</strong></span> <span class='ocrx_word' id='word_1_268' title='bbox 1207 2971 1208 3040; x_wconf 78' lang='lat' dir='ltr'>j</span> 
     </span>
     <span class='ocr_line' id='line_1_34' title="bbox 185 3043 1208 3128; baseline -0.012 -20"><span class='ocrx_word' id='word_1_269' title='bbox 185 3049 260 3124; x_wconf 89' lang='lat' dir='ltr'><strong>ripis</strong></span> <span class='ocrx_word' id='word_1_270' title='bbox 272 3049 400 3112; x_wconf 77' lang='lat' dir='ltr'><strong>laterani</strong></span> <span class='ocrx_word' id='word_1_271' title='bbox 408 3052 525 3124; x_wconf 86' lang='lat' dir='ltr'><strong>hostes,</strong></span> <span class='ocrx_word' id='word_1_272' title='bbox 539 3052 653 3113; x_wconf 87' lang='lat' dir='ltr'><strong>nudum</strong></span> <span class='ocrx_word' id='word_1_273' title='bbox 665 3058 756 3126; x_wconf 90' lang='lat' dir='ltr'><strong>atquo</strong></span> <span class='ocrx_word' id='word_1_274' title='bbox 767 3051 912 3112; x_wconf 86' lang='lat' dir='ltr'><strong>inermem</strong></span> <span class='ocrx_word' id='word_1_275' title='bbox 924 3053 1054 3128; x_wconf 81' lang='lat' dir='ltr'><strong>saxisqe</strong></span> <span class='ocrx_word' id='word_1_276' title='bbox 1066 3053 1140 3118; x_wconf 89' lang='lat' dir='ltr'><strong>quae</strong></span> <span class='ocrx_word' id='word_1_277' title='bbox 1207 3043 1208 3122; x_wconf 68' lang='lat' dir='ltr'><strong>t</strong></span> 
     </span>
     <span class='ocr_line' id='line_1_35' title="bbox 186 3125 1208 3212; baseline 0.006 -20"><span class='ocrx_word' id='word_1_278' title='bbox 186 3133 281 3193; x_wconf 77' lang='lat' dir='ltr'><strong>coivit</strong></span> <span class='ocrx_word' id='word_1_279' title='bbox 300 3136 397 3196; x_wconf 87' lang='lat' dir='ltr'><strong>amnis</strong></span> <span class='ocrx_word' id='word_1_280' title='bbox 412 3142 656 3212; x_wconf 78' lang='lat' dir='ltr'><strong>propugnantem</strong></span> <span class='ocrx_word' id='word_1_281' title='bbox 677 3135 875 3197; x_wconf 83' lang='lat' dir='ltr'><strong>interiectum.</strong></span> <span class='ocrx_word' id='word_1_282' title='bbox 908 3142 979 3196; x_wconf 89' lang='lat' dir='ltr'><strong>sunt</strong></span> <span class='ocrx_word' id='word_1_283' title='bbox 999 3154 1033 3212; x_wconf 78' lang='lat' dir='ltr'><strong>qa</strong></span> <span class='ocrx_word' id='word_1_284' title='bbox 1054 3127 1139 3186; x_wconf 87' lang='lat' dir='ltr'><strong>haru-</strong></span> <span class='ocrx_word' id='word_1_285' title='bbox 1207 3125 1208 3198; x_wconf 62' lang='grc' dir='ltr'><em>ἶ</em></span> 
     </span>
     <span class='ocr_line' id='line_1_36' title="bbox 185 3218 1208 3326; baseline -0.003 -48"><span class='ocrx_word' id='word_1_286' title='bbox 185 3218 304 3294; x_wconf 85' lang='lat' dir='ltr'><strong>spicum</strong></span> <span class='ocrx_word' id='word_1_287' title='bbox 323 3219 439 3281; x_wconf 86' lang='lat' dir='ltr'><strong>monitu</strong></span> <span class='ocrx_word' id='word_1_288' title='bbox 460 3219 643 3295; x_wconf 83' lang='lat' dir='ltr'><strong>quingentos</strong></span> <span class='ocrx_word' id='word_1_289' title='bbox 657 3235 805 3294; x_wconf 89' lang='lat' dir='ltr'><strong>passusa</strong></span> <span class='ocrx_word' id='word_1_290' title='bbox 825 3219 933 3280; x_wconf 82' lang='lat' dir='ltr'><strong>castris</strong></span> <span class='ocrx_word' id='word_1_291' title='bbox 955 3223 1137 3296; x_wconf 66' lang='lat' dir='ltr'><strong>propcssum</strong></span> <span class='ocrx_word' id='word_1_292' title='bbox 1207 3237 1208 3326; x_wconf 43' lang='lat' dir='ltr'><strong>p</strong></span> 
     </span>
     <span class='ocr_line' id='line_1_37' title="bbox 185 3297 1208 3384; baseline -0.003 -22"><span class='ocrx_word' id='word_1_293' title='bbox 185 3303 226 3362; x_wconf 91' lang='lat' dir='ltr'><strong>uti</strong></span> <span class='ocrx_word' id='word_1_294' title='bbox 241 3304 309 3362; x_wconf 88' lang='lat' dir='ltr'><strong>ioco</strong></span> <span class='ocrx_word' id='word_1_295' title='bbox 325 3319 402 3378; x_wconf 87' lang='lat' dir='ltr'><strong>puro</strong></span> <span class='ocrx_word' id='word_1_296' title='bbox 417 3319 456 3362; x_wconf 84' lang='lat' dir='ltr'><strong>ea</strong></span> <span class='ocrx_word' id='word_1_297' title='bbox 467 3319 547 3378; x_wconf 88' lang='lat' dir='ltr'><strong>quae</strong></span> <span class='ocrx_word' id='word_1_298' title='bbox 560 3310 630 3363; x_wconf 85' lang='lat' dir='ltr'><strong>ante</strong></span> <span class='ocrx_word' id='word_1_299' title='bbox 645 3303 726 3363; x_wconf 89' lang='lat' dir='ltr'><strong>dicta</strong></span> <span class='ocrx_word' id='word_1_300' title='bbox 737 3303 878 3379; x_wconf 84' lang='lat' dir='ltr'><strong>prodigia</strong></span> <span class='ocrx_word' id='word_1_301' title='bbox 891 3297 1135 3379; x_wconf 73' lang='lat' dir='ltr'><strong>suncprcuraret</strong></span> <span class='ocrx_word' id='word_1_302' title='bbox 1207 3327 1208 3384; x_wconf 52' lang='lat' dir='ltr'><strong>p</strong></span> 
     </span>
     <span class='ocr_line' id='line_1_38' title="bbox 184 3380 1136 3448; baseline -0.011 -5"><span class='ocrx_word' id='word_1_303' title='bbox 184 3384 222 3443; x_wconf 86' lang='lat' dir='ltr'><strong>ab</strong></span> <span class='ocrx_word' id='word_1_304' title='bbox 248 3385 450 3447; x_wconf 79' lang='lat' dir='ltr'><strong>insidentibus</strong></span> <span class='ocrx_word' id='word_1_305' title='bbox 475 3387 552 3445; x_wconf 85' lang='lat' dir='ltr'><strong>iorte</strong></span> <span class='ocrx_word' id='word_1_306' title='bbox 573 3388 673 3448; x_wconf 88' lang='lat' dir='ltr'><strong>iocum</strong></span> <span class='ocrx_word' id='word_1_307' title='bbox 695 3386 814 3448; x_wconf 83' lang='lat' dir='ltr'><strong>duabus</strong></span> <span class='ocrx_word' id='word_1_308' title='bbox 842 3387 946 3448; x_wconf 90' lang='lat' dir='ltr'><strong>turmis</strong></span> <span class='ocrx_word' id='word_1_309' title='bbox 967 3380 1136 3448; x_wconf 79' lang='lat' dir='ltr'><strong>Nuridcrum</strong></span> 
     </span>
     <span class='ocr_line' id='line_1_39' title="bbox 184 3456 1134 3533; baseline 0.001 -9"><span class='ocrx_word' id='word_1_310' title='bbox 184 3468 421 3530; x_wconf 86' lang='lat' dir='ltr'><strong>circumventum</strong></span> <span class='ocrx_word' id='word_1_311' title='bbox 442 3469 587 3528; x_wconf 80' lang='lat' dir='ltr'><strong>scribant.</strong></span> <span class='ocrx_word' id='word_1_312' title='bbox 618 3469 697 3530; x_wconf 90' lang='lat' dir='ltr'><strong>adeo</strong></span> <span class='ocrx_word' id='word_1_313' title='bbox 711 3485 769 3530; x_wconf 89' lang='lat' dir='ltr'><strong>nec</strong></span> <span class='ocrx_word' id='word_1_314' title='bbox 784 3471 871 3532; x_wconf 92' lang='lat' dir='ltr'><strong>locus</strong></span> <span class='ocrx_word' id='word_1_315' title='bbox 886 3487 944 3533; x_wconf 85' lang='lat' dir='ltr'><strong>nee</strong></span> <span class='ocrx_word' id='word_1_316' title='bbox 964 3475 1022 3533; x_wconf 78' lang='lat' dir='ltr'><strong>rai)</strong></span> <span class='ocrx_word' id='word_1_317' title='bbox 1035 3456 1134 3526; x_wconf 67' lang='lat' dir='ltr'><strong>morbi</strong></span> 
     </span>
    </p>
   </div>
   <div class='ocr_carea' id='block_1_4' title="bbox 0 0 1238 3900">
    <p class='ocr_par' dir='ltr' id='par_1_6' title="bbox 0 0 1238 3900">
     <span class='ocr_line' id='line_1_40' title="bbox 0 0 1238 3900; baseline 0 2"><span class='ocrx_word' id='word_1_318' title='bbox 0 0 1238 3900; x_wconf 95' lang='lat' dir='ltr'><strong> </strong></span> 
     </span>
    </p>
   </div>
  </div>
 </body>
</html>
