2466 3900
548 228 736 280 uninomia.
1086 253 1117 296 x,

136 383 219 434 simile
236 385 299 447 quid
316 383 400 433 scribi.
430 381 458 434 G.
473 381 515 434 15.
534 383 558 432 Α
564 385 650 447 foreat
666 384 702 433 ad
718 385 908 450 municipr'oram,
926 401 1013 438 rursus
1026 389 1118 454 scripto

136 454 227 503 eodem
243 453 383 510 vocubulo;
404 451 450 500 sed
460 467 492 501 ex
510 450 558 500 hoc
573 454 638 517 ipso,
657 453 724 514 qnod
741 453 766 502 li.
780 470 803 502 v.
818 453 857 502 bis
869 456 953 518 posita
967 464 1012 517 est,
1029 472 1114 524 perpe·

134 538 190 572 ram
212 522 290 586 paulo
307 536 384 586 supra
402 535 459 570 eam
484 520 616 570 delendam
635 537 691 570 esse
711 521 867 587 Madvigium
883 539 987 574 censere
1004 535 1118 591 apparet,

136 591 171 641 cl.
190 595 257 640 Anu.
277 591 386 642 Dormst.
405 605 463 641 anu.
482 587 551 640 1841
567 606 594 655 p.
612 587 671 642 853.
696 592 731 643 ib.
751 607 848 657 „nepae
867 594 927 658 qaid
944 595 1073 646 dicerent‘
1092 598 1117 646 iu

135 661 194 712 cdd.
215 675 266 710 non
286 661 414 726 leguntur.
451 659 478 710 G.
498 657 540 712 16.
570 663 606 709 A:
631 661 755 724 delipatua
778 664 837 726 quia
849 676 1060 728 param—qaae
1077 681 1117 715 vo·

134 731 261 792 ciferatar
276 732 410 788 silentiam,
423 739 481 779 ante
498 728 557 793 quia
572 729 678 776 verbum
692 728 814 776 omissum
827 739 911 788 ratus,
931 735 1063 798 quodiam
1073 736 1118 784 ad.

134 799 203 858 didi,
222 813 376 862 quamquam
394 798 497 859 dubito,
518 813 579 847 uum
596 799 623 848 id
640 798 723 863 ipsum
741 799 795 849 Liv.
815 801 957 866 scripserit;
982 811 1034 852 tum
1055 802 1116 854 (12.

133 876 236 917 secutus
253 867 442 933 vociferabatur
458 868 582 918 revocavi.
613 868 646 916 ib.
664 867 749 916 Duker
764 876 832 918 recte
850 885 916 934 „nec
930 871 1060 922 eenatmn“
1078 874 1117 922 vi·

135 937 333 992 detursnadere.
356 935 384 986 n.
397 933 623 987 ll.Aaeror'narto
632 952 675 987 rea
683 945 749 988 esaei
756 945 795 988 set
803 940 1007 991 caduceateorem
1015 941 1115 992 addidi:

132 1007 232 1058 insedit.
246 1006 397 1057 Hasdrubal
404 1021 466 1066 carn,
484 1013 510 1054 et
525 1005 578 1055 inc
595 1005 621 1056 2.
638 1008 702 1056 aaut
718 1007 858 1058 hasdrubal
871 1009 992 1074 scriptum
1007 1019 1053 1062 eet.
1081 1011 1116 1065 ib.

130 1083 159 1125 ut
167 1075 268 1125 Romam
281 1077 308 1126 in
320 1075 376 1126 cdd.
398 1083 445 1138 est,
464 1075 510 1124 sed
520 1075 619 1125 Romam
627 1073 698 1140 leges
711 1077 867 1126 conscribere
881 1079 925 1128 vix
940 1087 1007 1129 recte
1017 1080 1116 1140 (licitur,
1137 1077 1141 1088 '

130 1145 470 1208 qrrareunciscircnmded13
490 1145 678 1209 epraecedentc
689 1161 715 1195 v.
725 1145 850 1196 Ronanus
861 1155 942 1197 ortum
953 1149 1060 1200 videtur.
1081 1149 1115 1199 ib.

130 1216 255 1275 acteniplo
270 1214 378 1264 fortasse
389 1220 456 1263 recte
474 1213 558 1272 habet,
577 1207 734 1278 quodvulgo
752 1214 853 1280 legitur.
881 1214 909 1268 G.
927 1214 969 1268 18.
987 1218 1116 1268 damalius

132 1282 203 1334 aab.
230 1285 286 1333 sed
299 1291 367 1334 recta
385 1282 472 1332 Alsch.
496 1283 602 1348 „Publii
622 1281 750 1332 (ιὀνησὶιϊιι
772 1283 931 1348 interposuit.
967 1286 1003 1338 ib.
1030 1287 1115 1336 nescio

132 1367 161 1401 an
175 1367 189 1401 e
201 1350 253 1406 BD.
272 1349 439 1417 ‚,reeiderat⁴‘
460 1351 633 1414 recipiendum
645 1351 729 1413 luerit,
750 1352 784 1405 cl.
799 1351 896 1418 Reisig.
909 1352 993 1404 Sclrol.
1008 1369 1113 1420 gamm.

128 1436 155 1486 p.
170 1417 232 1474 258.
271 1419 299 1473 G.
318 1419 361 1473 19.
379 1429 436 1470 ante
453 1418 539 1486 „per“
557 1420 643 1470 addidi
660 1418 777 1486 „puem“,
795 1421 862 1484 qnod
881 1423 906 1471 in
917 1423 941 1472 Α
958 1421 1115 1488 „servabam

129 1491 234 1556 legitur3
255 1505 287 1539 an
306 1490 354 1542 luit
373 1505 463 1540 crimem
481 1490 552 1540 euml
569 1489 718 1554 paulopost
735 1489 906 1556 „crederent“
923 1492 955 1541 ab
967 1492 1056 1545 Alscb.
1069 1492 1114 1543 nd·

129 1560 210 1609 (litum
228 1568 280 1618 est;
299 1560 332 1612 cl.
345 1557 389 1620 38,
402 1556 444 1611 58.
464 1559 499 1612 ib.
518 1566 562 1623 „et
576 1555 645 1621 ipsi“
664 1559 718 1608 iure
732 1559 836 1611 offendit
849 1558 967 1620 Crcvier„
980 1570 1005 1612 ot
1019 1561 1115 1625 aliquid

129 1628 161 1677 de
177 1628 292 1678 Massilia
310 1628 391 1679 luisse
407 1627 520 1678 additum
539 1628 614 1677 etiam
633 1643 647 1677 e
666 1626 711 1677 Sil.
731 1628 784 1682 ltul.
801 1627 858 1688 XV,
881 1627 931 1681 168
947 1639 1002 1695 sqq.
1022 1631 1113 1680 intelli-

128 1699 206 1762 gitur.
239 1696 325 1750 (1.20.
345 1695 446 1764 „bostr“‘
464 1697 562 1747 restitui
581 1697 649 1760 quod
666 1699 692 1746 in
704 1695 735 1762 A,
752 1697 795 1747 ubl
813 1698 890 1749 boetii
907 1699 1008 1764 legitur,
1026 1715 1041 1750 a
1057 1714 1114 1750 sae·

127 1767 235 1832 pissime
253 1767 380 1818 adiectum
400 1773 447 1818 est.
484 1765 510 1816 G.
530 1765 574 1818 21.
596 1765 736 1830 fabrefacti
755 1783 818 1817 oasa
835 1767 866 1832 D,
886 1769 955 1830 qnod
972 1769 1045 1818 Fabri
1063 1784 1113 1818 non

127 1837 265 1902 improbat.
303 1838 338 1887 ib.
366 1837 388 1885 Α
411 1837 722 1900 rampeniaetervesccutae
748 1837 928 1899 defensionen,-
963 1838 1113 1903 suspicabar

127 1905 297 1971 „Marpentia
313 1914 338 1957 ct
354 1902 493 1964 Herbita“,
514 1905 546 1954 de
564 1903 710 1969 Murgentia
726 1904 759 1956 cf.
773 1905 863 1971 Zumpt
879 1907 912 1956 ad
928 1905 978 1960 Cic.
999 1909 1072 1959 Verr.
1086 1905 1112 1967 2,

125 1972 153 2034 3,
167 1971 210 2026 18.
241 1973 326 2029 (1.22.
345 1975 382 2024 A:
401 1975 523 2025 otacilium
541 1976 583 2038 qai
595 1987 728 2035 praescita,
747 1974 844 2036 reliqna
862 1989 893 2024 ax
908 1984 979 2040 parte
996 1977 1027 2026 de
1038 1977 1112 2026 Fabri

126 2045 252 2093 sententia
268 2045 358 2094 adieci.
388 2044 422 2094 ib.
442 2043 534 2092 rectius
545 2043 653 2092 Fortasse
665 2041 741 2093 Gron.
756 2051 781 2093 et
797 2045 940 2096 maduisse.
967 2045 1003 2095 ib.
1021 2059 1112 2112 „arec

125 2110 197 2162 rim“
217 2114 287 2162 dedit
303 2111 400 2176 Arsen,
422 2113 448 2162 in
464 2111 522 2163 cdd.
541 2119 579 2160 est
598 2113 714 2162 asserint.
744 2113 778 2163 ib.
798 2113 884 2162 nescio
901 2127 934 2162 an
950 2123 1018 2163 recte
1036 2115 1109 2164 Frob.

125 2179 280 2248 ,‚ceaseam“
297 2181 434 2247 scripserit,
453 2181 522 2244 quod
535 2195 608 2230 suam
624 2181 712 2230 Livius
732 2180 861 2230 tloctornm
874 2183 1013 2230 sententiae
1030 2197 1097 2248 oppo

125 2253 170 2300 nit.
202 2252 237 2301 ib.
260 2253 463 2314 ternperantiores
487 2251 618 2309 revocavi,
646 2249 680 2302 cl.
698 2247 741 2308 42,
759 2249 805 2312 11;
831 2248 907 2298 Drak.
926 2250 960 2298 ad
977 2249 1002 2314 ὀ,
1019 2249 1062 2314 48,
1080 2249 1111 2314 3,

126 2318 214 2372 Alsclr.
232 2319 261 2369 T.
280 2320 335 2372 Liv.
354 2319 399 2371 lib.
417 2317 498 2368 XXX.
517 2334 542 2383 p.
560 2317 637 2368 XGV.
675 2317 701 2371 (l.
719 2316 761 2368 24.
784 2318 844 2381 sore
864 2332 951 2381 pacem
969 2320 1001 2368 de
1019 2319 1111 2370 Mureti

125 2391 252 2439 sententia
270 2390 369 2454 scripsi,
384 2390 410 2439 in
423 2389 481 2441 cdd.
492 2403 575 2438 eoram
591 2403 678 2450 pacem
690 2395 744 2448 est3
763 2402 795 2436 an
809 2387 856 2436 luit
870 2388 929 2451 fore
942 2403 996 2438 eam
1006 2391 1112 2452 pacem?

126 2457 154 2513 G.
174 2456 218 2510 25.
244 2458 454 2514 Ameadbcllam
478 2457 537 2507 dedi
559 2465 622 2506 meta
635 2457 679 2506 'ad
694 2456 761 2515 beli..
784 2455 870 2509 Alsolr.
895 2457 953 2506 inde
970 2459 1007 2508 ad
1023 2459 1046 2510 b.
1074 2460 1108 2510 ib.

123 2528 182 2592 „ad
197 2526 375 2592 '‘cooperarius“
392 2527 512 2578 substitui
534 2526 591 2579 cdd.
614 2525 717 2576 lectioni
730 2526 767 2574 ad
780 2526 952 2590 franpendae,
978 2527 1011 2580 ci.
1031 2529 1109 2578 Lcctt.

123 2596 197 2648 Livv.
207 2599 226 2656 I,
240 2594 283 2657 28,
300 2596 374 2647 Fabri
392 2597 425 2646 ad
443 2596 468 2645 lr.
482 2595 499 2648 1.
519 2595 582 2644 ibid.
603 2603 647 2661 „et
664 2593 829 2644 ecbamcam“
846 2595 973 2657 revocavi,
992 2597 1039 2646 sed
1052 2611 1109 2646 cnm

122 2667 149 2714 lu
167 2665 189 2713 1)
208 2673 232 2716 et
250 2681 301 2716 uon
318 2665 424 2732 legatur,
441 2665 541 2714 mallem
560 2665 691 2716 omissum.
729 2663 756 2712 0.
776 2660 817 2714 27.
835 2664 930 2714 Manae
946 2665 971 2714 in
990 2667 1109 2726 addest,

123 2734 170 2783 sod
193 2734 301 2784 fortasse
325 2750 417 2784 nomen
441 2733 534 2784 Oscum
557 2741 623 2797 erat,
649 2733 682 2784 cl.
705 2731 845 2782 Mommsen
865 2733 1007 2799 Nachtriigc
1031 2751 1063 2783 zu
1083 2735 1108 2789 (1.

124 2802 186 2853 Osk.
201 2803 274 2856 Stud.
284 2819 310 2869 p.
328 2800 371 2856 47.
384 2803 461 2868 paulo
474 2809 533 2854 aute
543 2802 655 2852 Muretus
671 2817 702 2851 ex
713 2815 764 2850 uno
777 2802 817 2851 cd.
828 2801 937 2852 malebat
942 2811 1034 2865 postea
1044 2811 1109 2853 oete-

121 2888 174 2932 rea,
192 2873 225 2924 cl.
235 2873 436 2924 BeckerHaodb.
455 2873 500 2922 der
509 2871 583 2923 nom.
593 2869 699 2921 Alterth.
710 2870 729 2933 l,
743 2867 804 2923 297.
824 2871 858 2922 lb.
869 2874 997 2936 ‚amessia
1006 2874 1108 2922 secutis-

121 2939 189 3008 que“
208 2943 267 2991 odd.
286 2941 386 2992 lectioni
405 2942 533 3008 „eprcosis
550 2936 706 3004 saculioqne“
722 2940 850 3005 substitui,
860 2940 894 2990 cl.
913 2940 993 2994 Lcctt.
1004 2942 1076 2992 Livv.
1088 2943 1107 3000 I,

121 3010 166 3064 23.
183 3012 219 3064 ib.
239 3011 436 3062 acceleberrima'e
454 3018 492 3060 est
508 3011 534 3058 iu
551 3016 623 3074 opta:
643 3009 689 3058 sed
708 3007 865 3058 dubitonum
882 3011 915 3060 ad
931 3024 1034 3060 cansam
1053 3009 1108 3074 glo-

120 3081 175 3129 riae
191 3083 249 3145 ipsa
271 3080 352 3147 gloria
371 3088 430 3146 apte
447 3080 613 3144 adiungatur,
637 3087 661 3126 et
679 3077 795 3127 librarios
812 3078 845 3127 ad
862 3076 928 3127 bello
946 3086 1107 3130 accraatores

121 3150 255 3200 aberrasse
271 3152 428 3214 putaverim;
453 3157 481 3198 ut
496 3148 615 3210 praebuit
628 3162 674 3212 pro
686 3147 812 3209 pervenit:
833 3147 981 3197 adducentis
999 3162 1044 3211 pro
1061 3148 1097 3196 ad

121 3219 216 3268 doceas
233 3219 395 3283 scripserunt.
433 3217 460 3270 G.
478 3215 521 3270 29.
550 3218 633 3267 sortiti
649 3217 761 3279 servavi;
789 3216 835 3266 aed
854 3231 911 3264 cum
928 3217 951 3264 A
968 3217 1066 3265 sortirii
1083 3225 1107 3264 et

120 3294 179 3352 post
196 3286 246 3338 hoc
264 3287 415 3338 vocabulum
432 3287 550 3336 lacunam
568 3285 668 3344 habeat,
688 3284 759 3334 alind
775 3286 852 3334 latere
865 3285 974 3347 videtur,
990 3284 1024 3336 cl.
1038 3284 1107 3333 Britt-

120 3357 181 3406 cher
198 3358 233 3407 ad
248 3356 274 3408 h.
288 3356 305 3406 l.
335 3357 371 3410 ib.
389 3357 412 3406 Α
428 3363 487 3420 poet
503 3355 637 3413 adversae,
652 3354 748 3416 reliqua
767 3351 853 3402 Alsch.
871 3351 978 3403 addidit.
1016 3351 1044 3404 G.
1063 3348 1106 3402 30.

119 3427 240 3490 [ortanae
264 3426 296 3476 ab
311 3424 433 3475 Rhenano
453 3440 467 3474 e
486 3439 533 3473 suo
552 3425 593 3474 cd.
616 3422 731 3471 additum
753 3428 804 3475 est3
830 3419 876 3466 sed
898 3432 930 3465 ne
948 3420 985 3467 sic
1004 3419 1105 3480 quidem
1182 3463 1184 3470 ,

122 3496 248 3544 sententia
267 3496 329 3544 satis
351 3495 486 3559 perspicua
510 3501 562 3551 est,
588 3489 621 3542 ci.
641 3487 742 3537 Nitzsclr
766 3486 807 3534 dio
826 3483 954 3532 llraccben
971 3499 997 3547 p.
1016 3481 1049 3534 57
1066 3497 1103 3528 sn.
