2428 3892
176 253 218 320 te
328 250 446 312 utana
458 248 552 310 xxv.
575 247 658 308 oar.
672 256 717 310 m.
732 255 776 309 a.
800 251 837 322 p.
850 253 887 306 u.
903 269 929 306 a.
945 251 1010 320 sior

177 405 326 469 Suessula
337 420 377 464 ex
389 401 563 465 Claudianis
575 402 686 463 castris
698 401 887 462 exciverunt
909 401 1091 479 isquoque,
1108 419 1169 463 mo·
1206 391 1207 450 l

176 491 247 552 dieo
273 489 315 549 ibi
340 486 498 564 praesidio
520 487 560 547 ad
584 485 750 546 meandum
771 485 874 546 locum
896 485 1022 560 relicto,
1058 488 1170 547 ceteris

176 574 318 638 omnibus
340 571 439 647 copiis
461 571 501 631 ad
516 570 649 646 capuam
672 569 842 631 deseendit
873 569 916 630 ita
930 570 990 631 tria
1010 573 1170 645 praetoria

176 659 258 720 circa
273 658 407 732 Capuam
429 659 547 730 erecta,
568 662 631 715 tres
646 659 678 714 et
696 653 851 715 exercitus
866 653 1002 714 diversis
1028 656 1169 730 partibus

176 759 255 819 opus
276 739 417 816 adgressi
438 740 526 803 losse
544 739 690 815 valloque
704 738 897 798 circumdare
916 739 1029 799 urbem
1048 749 1169 814 parant,

175 834 206 889 et
226 825 353 888 castella
373 823 508 884 excitant
527 822 657 883 modicis
678 821 863 898 intervallis,
885 823 1057 899 multisque
1080 824 1169 884 simtu

175 911 253 972 locis
274 925 342 970 cum
363 906 598 984 prohibentibus
618 921 715 983 opera
730 906 896 982 carnpanis
916 921 956 966 eo
981 916 1170 983 eventu-pu·

175 1001 278 1072 guent,
301 999 335 1054 ut
350 999 506 1068 postremo
521 991 618 1069 portis
633 1005 784 1066 muroque
799 1007 835 1052 se
849 992 1024 1052 contineret
1038 992 1165 1068 campa·

176 1095 243 1141 nus.
263 1076 349 1154 prius
360 1082 470 1150 umen,
487 1091 579 1152 quam
593 1075 671 1136 haec
685 1075 934 1136 continuarentur
949 1090 1057 1150 opera,
1077 1077 1168 1152 legati

175 1164 216 1224 ad
236 1160 437 1223 Hannibalem
460 1159 562 1236 missi,
592 1159 643 1234 qui
666 1166 865 1233 quererentur
887 1159 1046 1221 desertam
1068 1161 1169 1221 abeo

177 1247 311 1322 Capuam
332 1260 370 1305 ae
391 1259 488 1320 prope
509 1242 658 1304 redditam
674 1243 836 1316 Romanis,
863 1244 1169 1322 obtestarenturque,

175 1341 209 1393 ut
229 1339 301 1392 tunc
322 1331 428 1390 saltem
451 1343 542 1405 opem
562 1343 624 1389 non
645 1327 862 1388 circumsessis
882 1327 978 1389 modo
994 1329 1053 1389 sed
1078 1331 1167 1390 etiarn

176 1415 410 1476 circunvallatis
435 1414 537 1473 terret
580 1410 758 1472 consulibus
780 1412 899 1472 litterae
924 1427 944 1471 a
963 1412 997 1470 P.
1020 1412 1166 1475 Cornelio

176 1497 455 1575 praetermissae,
470 1503 505 1556 ut
518 1495 697 1572 priusquam
712 1495 891 1556 clauderent
906 1495 1047 1571 Capuam
1064 1497 1155 1574 operi

175 1583 243 1656 bus,
258 1587 441 1657 potestatem
456 1579 617 1656 campanis
633 1578 777 1654 lacerent,
798 1587 832 1640 ut
846 1580 899 1656 qui
915 1595 1026 1641 eorum
1041 1584 1165 1656 vellent,

176 1666 294 1727 exirent
304 1659 435 1740 acapna
445 1679 582 1739 suasque
592 1679 643 1724 res
659 1679 765 1724 secum
780 1665 944 1725 auterrent
966 1664 1090 1728 liberos
1104 1668 1166 1727 lore

175 1764 296 1825 suaque
317 1748 419 1810 omnia
439 1746 598 1808 habituros
614 1746 666 1822 qui
686 1754 757 1808 ante
771 1747 842 1810 idus
856 1748 984 1810 Martias
1007 1751 1164 1812 exissent:

176 1839 247 1909 post
261 1849 327 1894 eam
339 1832 420 1893 diem
431 1831 547 1908 quique
561 1831 698 1896 exissent
709 1832 825 1908 quique
839 1831 880 1892 ibi
893 1833 1097 1910 mansissent,
1113 1835 1164 1896 ho

176 1919 266 1978 stium
281 1918 399 1979 futuros
413 1932 550 1979 numero.
571 1931 609 1976 ea
623 1916 820 1992 pronuntiatu
831 1917 996 1992 campanis
1012 1926 1113 1994 atque
1127 1919 1165 1980 iu

176 2009 288 2078 spreta,
303 2009 337 2064 ut
346 2003 426 2065 ultro
439 2000 637 2063 contumelias
650 2000 787 2070 dicerent
798 2003 1060 2078 mirarenturque.
1083 2003 1163 2064 Hau·

175 2086 259 2147 nibal
279 2087 317 2147 ab
332 2086 498 2148 Herdonea
510 2083 671 2145 Tarentum
685 2084 816 2145 duxerat
829 2085 969 2161 legiones
985 2103 1046 2163 spe
1068 2095 1123 2148 ant
1136 2087 1163 2147 vi

175 2177 229 2232 aut
238 2171 312 2232 dolo
323 2169 590 2232 arcis'lareutinae
600 2169 779 2245 potiundae.
803 2171 888 2245 quod
902 2169 955 2230 ubi
967 2188 1081 2246 parum
1093 2187 1162 2247 pro

176 2256 278 2332 cessit,
301 2255 341 2316 ad
354 2255 549 2316 Brundisium
563 2252 650 2313 flexit
663 2254 728 2326 iter,
744 2254 835 2328 prodi
850 2254 882 2314 id
898 2256 1051 2331 oppidum
1067 2265 1161 2317 ratus.

175 2339 217 2399 ibi
233 2356 358 2416 quoquc
373 2356 441 2400 cum
456 2341 568 2400 trustra
581 2344 692 2399 tereret
705 2344 836 2413 ternpus,
852 2338 945 2415 legati
956 2338 1110 2416 Campani
1124 2342 1161 2402 ad

176 2440 246 2484 eum
267 2431 415 2485 venerunt
430 2429 593 2499 querentes
608 2423 697 2484 simul
719 2429 914 2499 orantesque.
949 2424 1064 2500 quibus
1080 2425 1160 2485 Han·

174 2506 257 2567 nibal
277 2508 438 2584 magnifice
458 2508 634 2584 respondit,
657 2512 688 2567 et
701 2513 792 2567 autea
806 2523 842 2568 se
863 2507 1000 2569 solvisse
1022 2508 1158 2571 obsidio·

175 2606 254 2664 uem,
271 2599 301 2653 et
314 2608 395 2653 nunc
409 2593 573 2652 adventum
588 2594 678 2652 su'um
693 2593 839 2652 consules
853 2609 915 2654 nou
931 2593 1062 2654 laturos.
1093 2609 1161 2655 cum

175 2675 235 2734 lrac
254 2692 311 2750 spo
333 2676 451 2736 dimissi
472 2676 562 2751 legati
584 2676 636 2736 vix
662 2676 783 2750 regredi
805 2676 940 2753 capuam
960 2677 1022 2737 iam
1044 2678 1161 2754 duplici

176 2760 262 2819 lossa
276 2761 420 2835 valloque
435 2759 564 2821 cinctam
577 2767 750 2837 potueruut.
935 2781 942 2786 ·

259 2843 363 2906 XXlll.
392 2845 465 2907 Cum
479 2845 610 2906 maxime
625 2845 729 2929 capua
743 2843 1039 2919 circumvallamur,
1065 2847 1160 2926 Syra-

176 2944 319 2991 cusarum
330 2931 518 3007 oppugnatio
530 2930 669 2991 adlinem
680 2929 770 3005 venit,
783 2937 999 3006 praeterquam
1009 2931 1041 2990 vi
1052 2947 1093 2992 ac
1102 2933 1160 2992 vir·

176 3020 238 3074 tutc
250 3015 337 3082 ducis
355 3015 580 3092 exercitusque,
600 3013 742 3076 intestina
753 3014 844 3074 etiam
855 3014 1031 3091 proditione
1043 3017 1159 3078 adiuta

176 3115 308 3176 namque
314 3101 477 3163 Marcellus
491 3100 575 3161 initio
590 3098 672 3160 veris
686 3099 830 3175 incertus,
846 3105 947 3161 uuum
955 3100 1160 3176 Agrigentum

175 3185 216 3244 ad
229 3184 439 3248 Hunilconem
459 3193 490 3246 et
508 3185 717 3261 Hippocraten
737 3190 872 3246 rederet
890 3184 1019 3260 bellum,
1041 3200 1085 3246 an
1108 3185 1160 3246 ob-

176 3269 296 3332 sidione
311 3271 485 3349 Syracusas
506 3276 671 3346 premeret,
695 3285 881 3344 quamquam
901 3284 959 3330 nee
973 3269 1005 3328 vi
1021 3271 1096 3346 capi
1116 3272 1159 3330 κη’-

175 3353 268 3415 debat
292 3373 388 3432 posse
412 3354 680 3430 inexpugnabilem
701 3353 837 3414 terrestri
862 3369 899 3414 ao
921 3352 1075 3416 maritimo
1103 3356 1158 3416 situ

175 3437 280 3497 urbem
294 3455 351 3500 nec
367 3441 455 3514 lanne,
476 3445 511 3498 ut
525 3451 616 3511 quam
631 3451 730 3513 propo
743 3436 830 3498 liberi
844 3453 864 3497 a
878 3437 1063 3512 eauhagine
1077 3455 1157 3500 com·

175 3527 292 3582 meatus
314 3525 444 3597 alerent,
465 3529 584 3595 tamen,
605 3534 644 3580 ne
659 3519 733 3596 quid
753 3520 946 3598 inexpertum
961 3517 1155 3598 relinqueret
