2448 3900
190 231 254 299 306
329 231 444 292 LIBER
458 229 563 290 xxix.
587 229 670 288 CAP.
686 237 730 290 ii.
745 237 790 290 25.
812 235 849 302 [a.
867 234 901 286 U.
917 251 941 286 c.
957 233 1022 301 548]

186 385 364 448 inAiricam
384 385 553 458 exercitus,
575 390 628 443 aut
641 383 668 442 si
683 386 798 442 mutata
818 381 948 442 consilia
963 381 1042 455 sint,
1063 382 1177 443 certior

185 473 246 547 liat
260 478 294 533 ut
307 477 338 531 et
351 471 419 546 ipse
431 468 489 530 sibi
504 482 541 527 ac
555 481 650 541 regno
666 481 724 526 suo
739 472 848 542 posset
862 467 1041 527 considere.
1071 467 1176 542 itaque

186 557 261 618 satis
276 555 391 631 paratis
407 553 467 613 iam
482 550 623 614 omnibus
638 549 864 626 instructisque,
882 557 912 610 et
923 566 957 609 re
972 551 1037 608 iam
1053 566 1122 610 non
1138 555 1176 610 ul·

185 648 231 701 tra
241 639 408 714 recipiente
419 634 641 698 cunctationem
654 635 686 694 in
700 635 801 694 animo
816 633 874 694 sibi
890 650 972 708 esse,
986 635 1176 710 Lilybaeum

186 725 286 784 classe
308 721 447 784 traducta
467 720 639 795 eodemque
654 717 795 780 omnibus
810 718 947 794 peditum
970 718 1176 794 equitumque

185 805 283 883 copiis
299 805 473 880 contractis,
496 818 576 880 quae
589 801 688 879 prima
703 803 770 863 dies
786 818 911 864 cursum
924 801 1063 864 navibus
1082 803 1174 878 daret,

186 891 253 951 deis
259 889 338 950 bene
345 883 518 951 iuvantibus
529 888 560 948 in
567 887 702 947 Africam
709 887 846 947 traicere.
861 887 976 947 litteras
983 887 1029 946 ad
1036 886 1081 946 Μ.
1091 886 1174 946 Pom·

185 973 311 1052 ponium
328 973 430 1047 mittit,
452 978 485 1034 ut
504 973 532 1032 si
552 973 581 1032 ei
596 971 764 1045 videretur,
787 971 966 1048 Lilybaeum
978 970 1127 1043 veniret,
1146 982 1174 1030 ιι

184 1058 382 1120 communiter
407 1059 616 1130 consulerent,
654 1071 731 1131 quas
756 1055 949 1131 potissimum
973 1054 1126 1128 legiones
1149 1063 1174 1114 et

185 1149 330 1218 quantum
344 1141 470 1202 militum
484 1155 643 1200 munerum
657 1139 688 1198 in
703 1139 838 1198 Africam
853 1138 1002 1199 traiceret.
1026 1138 1107 1198 item
1121 1139 1172 1196 cir-

185 1241 253 1288 cum
269 1241 353 1287 oram
368 1224 547 1285 maritimam
560 1223 651 1299 misit,
672 1230 706 1284 ut
719 1238 816 1282 naves
832 1221 991 1282 onerariae
1008 1237 1172 1298 compren-

184 1326 239 1370 sae
252 1308 432 1388 Lilybaeum
452 1323 559 1369 omnes
581 1309 839 1368 contraherentur.
874 1305 1028 1381 quidquid
1044 1307 1172 1367 militum

183 1395 369 1471 naviumque
385 1394 415 1452 in
431 1392 534 1454 Sicilia
548 1399 621 1466 erat,
638 1407 706 1452 cum
720 1391 899 1468 Lilybaeum
914 1391 1130 1466 convenisset,
1145 1399 1172 1449 et

185 1493 240 1539 nec
261 1477 335 1539 urbs
356 1477 576 1538 multitudinem
590 1475 747 1536 hominum
762 1491 864 1551 neque
877 1481 985 1552 portus
1003 1491 1109 1534 naves
1124 1491 1171 1533 ca-

184 1568 278 1637 peret,
292 1568 394 1622 tantus
410 1559 552 1621 omnibus
567 1560 660 1620 ardor
674 1565 739 1622 erat
753 1559 783 1618 in
798 1559 933 1620 Africam
948 1559 1126 1634 traiciendi,
1142 1565 1171 1617 ut

184 1660 245 1704 non
256 1645 297 1704 ad
306 1644 419 1704 bellum
431 1645 502 1706 duci
513 1645 690 1704 viderentur
703 1644 760 1704 sed
771 1644 812 1703 ad
824 1649 906 1704 certa
916 1641 1070 1705 victoriae
1082 1658 1170 1720 prae·

183 1729 252 1786 mia.
283 1729 447 1804 praecipue
462 1727 717 1804 quisuperabant
737 1743 775 1786 ex
792 1727 942 1789 Cannensi
959 1727 1102 1788 exercitu
1118 1727 1169 1786 mi·

183 1812 265 1886 lites,
287 1812 355 1886 illo,
376 1827 437 1872 non
458 1813 518 1872 alio
540 1812 619 1873 duce
641 1811 807 1872 eredebant
826 1817 936 1872 navata
956 1811 1002 1871 rei
1024 1811 1169 1886 publicae

183 1911 278 1994 opera
298 1895 385 1956 linire
406 1912 441 1957 se
462 1896 625 1958 militiam
617 1895 851 1972 rgnominiosam
871 1910 975 1972 posse.
1010 1901 1041 1954 et
1064 1894 1168 1971 Scipio

181 1981 302 2040 minime
323 1981 356 2041 id
376 1995 474 2056 genus
490 1980 618 2042 militum
637 1978 871 2056 aspernabatur,
892 1978 992 2055 utqui
1009 1979 1170 2055 nequead

182 2065 323 2126 Cannas
316 2064 439 2140 tgnavia
454 2081 559 2125 eorum
574 2065 693 2125 cladem
708 2072 866 2140 acceptam
881 2063 982 2138 sciret,
1002 2078 1110 2138 neque
1125 2064 1168 2121 ul·
1214 2059 1215 2124 ἶ

181 2150 228 2211 los
249 2164 348 2224 aeque
369 2156 489 2210 teteres
511 2149 647 2210 milites
639 2167 670 2209 m
692 2149 824 2209 exercitu
840 2149 978 2208 Romano
1001 2163 1094 2222 esse,
1116 2163 1167 2206 ex

180 2240 347 2311 partesque
368 2249 430 2294 uon
453 2232 544 2293 variis
569 2233 696 2308 proeliis
718 2233 811 2293 modo
837 2232 892 2294 sed
918 2230 1048 2292 urbibus
1078 2232 1169 2291 etiarn

180 2316 408 2394 oppugnandis.
448 2316 552 2391 quinta
568 2323 700 2378 etsexta
715 2317 891 2378 Cannenses
907 2322 993 2376 erant
1008 2315 1167 2391 legiones·

181 2416 233 2461 eas
249 2417 284 2460 se
300 2400 516 2462 traiecturum
509 2418 540 2460 ιιι
554 2401 690 2462 Africam
705 2417 774 2462 cum
789 2401 927 2474 dixisset,
953 2399 1100 2475 singulos
1115 2402 1168 2460 mi·
1214 2419 1215 2448 t

180 2485 270 2545 lites
263 2486 413 2561 inspexit,
436 2485 613 2561 relictisque
628 2501 709 2561 quos
724 2501 786 2545 non
801 2485 931 2546 idoneos
947 2483 1115 2560 credebat,
1139 2481 1195 2544 in

179 2571 281 2630 iocum
302 2585 409 2631 eorum
429 2568 559 2630 subiecit
547 2577 658 2647 tquos
680 2585 785 2630 secum
807 2585 847 2628 ex
866 2567 952 2629 ltalia
973 2569 1165 2639 adduxerat;

180 2654 397 2728 supplevitque
419 2651 460 2714 iia
481 2669 535 2714 eas
556 2654 710 2729 legiones,
731 2661 765 2714 ut
785 2653 924 2728 singulae
938 2667 1017 2712 sena
1038 2653 1127 2714 milia
1140 2663 1167 2713 et

179 2737 316 2796 ducenos
331 2737 449 2812 pedites
460 2743 602 2798 trecenos
613 2736 760 2798 haberent
771 2737 900 2813 equites.
923 2737 1087 2798 sociorum
1098 2737 1164 2798 item

178 2819 274 2880 Latini
296 2820 426 2880 nominis
449 2821 570 2896 pedites
591 2822 772 2897 equitesque
793 2821 832 2881 de
853 2820 989 2881 exercitu
1013 2820 1165 2883 Cannensi

178 2903 257 2980 legit.

260 2988 354 3048 XXV
395 2989 544 3064 Quantum
563 2990 689 3050 militum
715 2990 745 3048 in
766 2989 901 3048 Airioam
921 2994 1161 3065 transportatum
1214 2955 1215 2988 ¹

178 3080 303 3147 sitnon
319 3088 416 3148 parvo
432 3091 559 3136 numero
574 3074 652 3135 inter
666 3081 806 3134 auctores
823 3073 987 3149 discrepat.
1020 3073 1099 3135 alibi
1114 3076 1159 3134 de·

177 3171 242 3216 cem
264 3157 346 3217 milia
366 3159 502 3234 peditum
524 3160 586 3219 dno
606 3158 689 3218 milia
709 3163 739 3218 et
759 3158 908 3217 ducentos
930 3157 1071 3234 equites,
1095 3158 1159 3218 alibi

178 3240 312 3301 sedecim
333 3241 416 3303 milia
436 3243 571 3319 peditum
592 3242 672 3301 mille
694 3248 725 3303 et
744 3247 909 3301 sexcentos
930 3240 1069 3316 equites,
1093 3241 1156 3302 albi

178 3331 263 3394 parte
277 3325 348 3398 plus
369 3325 493 3387 dimidia
507 3342 571 3386 rem
591 3332 725 3400 auctam,
749 3325 885 3422 quinque
899 3331 930 3384 et
942 3323 1067 3399 triginta
1082 3325 1154 3386 milia

178 3404 311 3475 peditum
334 3407 556 3483 equitumque
548 3426 579 3467 m
593 3424 688 3468 naves
710 3409 875 3484 imposita
867 3408 999 3471 invenio.
1036 3409 1156 3486 quidam

178 3499 237 3544 non
259 3489 399 3550 adiecere
419 3506 592 3556 numerum.
616 3491 693 3550 inter
714 3509 856 3566 quosme
877 3491 945 3567 ipse
967 3493 1048 3552 inre
1071 3491 1155 3552 dubia
