2466 3900
300 205 417 266 amna
430 206 537 266 xxiv.
559 207 641 270 car.
655 215 682 271 a.
697 215 725 272 a
746 214 784 284 [a.
801 209 833 270 c.
846 215 910 285 aas]
949 173 961 184 “
1073 209 1096 278 ‘t

117 361 171 422 laos
183 361 287 422 iuncta
299 358 601 420 societasHannibeli
611 376 648 421 ac
656 359 856 440 Syracusano
867 369 1017 441 tyrannm
1039 379 1098 426 nee

112 444 209 505 invito
219 442 391 504 Hannibale
401 443 486 519 apud
495 449 658 520 iwannum
669 453 854 507 manserunt.
875 447 995 523 Appius
1009 447 1095 510 clau·

112 529 184 589 dius
200 533 339 605 praetor,
361 527 449 588 cuius
464 526 567 588 Sicilia
580 528 740 604 provincia
754 537 827 607 erat,
849 531 901 592 ubi
916 547 953 592 ea
967 533 1096 609 accepit,

110 613 268 690 extemplo
284 612 403 687 legatos
418 612 458 672 ad
469 611 690 689 Hieronymum
705 613 796 688 misit.
819 615 872 690 qui
887 630 955 676 cum
970 631 1042 677 sese
1055 618 1095 677 ad

112 696 326 757 renovandam
342 695 519 757 sociotatem
534 711 698 773 quaecum
712 713 772 759 avo
788 698 898 760 brissei
910 699 1036 761 venisse
1049 700 1093 761 di-

110 787 226 856 cerent,
241 795 299 856 per
312 778 475 841 ludibrium
489 780 585 842 auditi
600 781 781 858 dimissique
792 791 863 844 sunt
877 784 915 843 ab
929 791 1095 860 quaerente

110 880 170 940 per
183 865 287 926 iocum
301 863 506 944 Hieronymo,
531 879 610 940 quae
628 866 751 927 lortuna
764 866 810 926 eis
824 883 948 943 pugnae
962 868 1003 929 ad
1018 867 1094 928 can·

110 965 169 1009 nas
180 949 305 1011 luisset:
319 949 373 1008 vix
385 946 543 1009 eredibilia
554 949 634 1008 enirn
644 951 762 1024 legatos
769 949 949 1012 Hannibalis
960 967 1095 1012 narrare.

109 1033 192 1092 velle
207 1033 282 1109 quid
296 1032 362 1092 veri
377 1033 417 1095 sit
431 1032 525 1107 seire,
547 1039 580 1092 ut
594 1047 633 1093 ex
648 1049 701 1109 eo,
723 1040 821 1095 utram
836 1042 924 1112 spem
938 1043 1093 1111 sequatur,

109 1117 273 1178 consilium
294 1116 404 1193 capiat.
437 1115 581 1190 Romani,
605 1132 673 1178 cum
694 1119 776 1178 serio
797 1119 966 1194 legationes
988 1118 1095 1179 audire

111 1203 278 1278 coepisset,
294 1201 448 1262 redituros
464 1217 499 1262 se
513 1201 554 1260 ad
569 1215 639 1260 eum
654 1200 791 1263 dieentes
806 1217 887 1278 csse,
903 1203 1017 1264 monito
1029 1218 1081 1262 rna

114 1285 162 1360 gis
174 1300 209 1345 eo
222 1302 315 1361 quam
326 1293 443 1360 rogato,
459 1301 497 1344 nc
510 1285 602 1346 lldem
614 1291 729 1344 temere
740 1291 876 1360 mutaret,
891 1286 1093 1361 proficiscun-

112 1377 168 1430 tur.
195 1367 405 1448 Hieronymus
420 1369 538 1444 legatos
551 1367 763 1444 Cartbaginem
776 1369 858 1428 misit
872 1368 912 1428 ad
928 1369 1039 1429 foedus
1054 1385 1095 1428 ex

108 1453 258 1515 societate
280 1469 351 1514 curn
364 1453 535 1513 Hannibale
556 1452 738 1522 iaciendum.
772 1459 862 1528 pacto
878 1453 1029 1525 convenit,
1052 1459 1093 1524 ut,

106 1553 180 1598 cum
195 1538 355 1601 Romanos
372 1536 476 1598 Sicilia
491 1537 683 1614 expulissent
697 1569 738 1580 —
753 1538 786 1596 id
801 1544 900 1598 autem
915 1537 1002 1597 brevi
1017 1537 1092 1610 iore,

106 1623 134 1682 si
146 1627 246 1682 naves
258 1627 352 1697 atque
367 1621 532 1683 exercitum
546 1621 703 1681 misissent
714 1655 764 1695 -,
780 1621 903 1682 Himera
917 1621 1025 1696 amnis,
1040 1621 1093 1693 qul

106 1706 204 1766 terme
224 1705 356 1767 insulam
377 1705 500 1780 dividit,
522 1705 593 1764 finis
613 1705 699 1778 regni
721 1705 909 1781 Syracusani
929 1720 966 1765 uo
987 1705 1092 1765 Punici

105 1790 229 1866 imperil
250 1796 343 1850 esset.
375 1790 466 1850 aliam
481 1789 594 1849 deinde
614 1788 738 1849 inflatus
760 1789 1023 1850 adsentationibus
1039 1804 1091 1848 co·

102 1889 182 1950 rum,
200 1874 251 1952 qui
266 1889 335 1934 eum
349 1889 411 1934 non
425 1871 568 1934 Hieronis
583 1880 699 1934 tanturn
714 1873 771 1932 sed
782 1872 890 1950 Pyrrhi
905 1873 994 1934 ctiam
1008 1871 1092 1948 regis

103 1958 236 2018 materni
256 1957 306 2018 avi
327 1957 473 2018 iubebant
491 1957 684 2030 meminisse,
707 1957 890 2032 legationem
911 1957 1006 2032 misit,
1031 1973 1092 2032 qua

102 2059 242 2118 acquum
258 2041 404 2102 censebat
419 2041 523 2102 Sicilia
537 2040 596 2101 sibi
612 2041 693 2101 omni
709 2040 792 2116 cedi,
813 2040 917 2102 ltaliae
931 2041 1092 2116 imperium

102 2127 266 2203 proprium
289 2121 658 2201 quaericarthaginiensi
679 2126 805 2201 populo.
839 2125 918 2184 lranc
938 2125 1090 2185 levitatem

102 2227 140 2272 ac
155 2211 353 2272 iactationem
374 2209 466 2270 animi
480 2225 582 2285 neque
596 2207 783 2269 mirabantur
796 2209 827 2269 in
841 2208 952 2269 iuvene
973 2208 1090 2269 lurioso

103 2307 208 2370 neque
223 2294 407 2370 arguebant,
429 2294 594 2354 dummodo
609 2299 713 2354 averte
730 2299 781 2353 ent
795 2308 864 2352 cum
878 2292 917 2354 ab
932 2291 1090 2353 Romanis.

102 2378 169 2438 Vll.
194 2378 259 2440 Sed
274 2377 376 2440 omnia
389 2379 420 2438 in
432 2394 469 2438 eo
481 2377 695 2454 praecipitiae
732 2376 856 2438 exitium
868 2379 996 2440 luerunt.
1020 2391 1090 2436 nam

102 2479 173 2523 cum
188 2462 370 2540 praemissis
385 2461 573 2539 Hippocrate
595 2468 687 2538 atque
701 2461 842 2538 Epicyde
857 2477 926 2522 cum
940 2461 1021 2521 binis
1035 2460 1089 2520 mi-

100 2547 184 2608 libus
206 2554 392 2608 armatorum
412 2547 453 2606 ad
472 2546 665 2623 temptandas
685 2545 794 2620 urbes,
809 2607 813 2616 ,
826 2561 905 2622 quac
925 2544 1089 2621 praesidiis

100 2631 449 2706 tenebanturRomanis‚
465 2631 577 2706 etipse
591 2629 795 2692 inLeontinos
809 2645 877 2691 cum
893 2637 994 2691 cetero
1007 2629 1088 2690 omni

100 2715 240 2776 exercitu
250 2722 392 2775 -erant
405 2721 505 2775 autem
520 2713 561 2775 ad
573 2713 747 2790 quindecim
760 2713 843 2775 milia
852 2715 988 2790 peditum
1003 2715 1088 2789 equi-

100 2808 230 2876 tumque
246 2834 284 2844 —
300 2800 456 2876 proiectus
472 2804 570 2872 esset,
592 2797 706 2858 liberas
722 2797 817 2859 aedes
834 2799 982 2859 coniurati
1001 2805 1089 2858 -ct

102 2899 211 2944 omnes
227 2885 307 2945 lorte
320 2881 545 2944 militabant-
558 2881 751 2942 imminentes
767 2881 837 2943 viae
851 2889 1009 2958 angustae,
1026 2897 1088 2958 qua

102 2967 295 3030 descendere
319 2969 359 3027 ad
374 2969 474 3028 torum
488 2983 545 3027 rex
565 2965 699 3040 solebat,
723 2974 930 3043 sumpserunt.
962 2965 1087 3026 ibicum

101 3053 207 3114 structi
235 3052 404 3126 armatique
425 3051 518 3112 ceteri
538 3051 698 3112 transitum
723 3057 940 3127 exspectantes
962 3056 1088 3125 sterent,

100 3137 152 3196 uni
167 3153 208 3197 ex
225 3135 272 3197 eis
285 3167 329 3181 —
339 3135 501 3196 Dinomeni
516 3135 572 3198 luit
586 3150 698 3196 nornen
709 3169 750 3180 -
767 3135 840 3210 quia
853 3141 959 3196 custos
975 3148 1084 3206 eorpo-

101 3221 228 3294 riserat,
245 3226 350 3297 partes
362 3220 453 3281 datae
464 3226 543 3296 sunt,
558 3226 600 3294 ut,
617 3235 685 3279 cum
700 3219 963 3295 appropinquaret
976 3214 1091 3274 ianuae·

101 3320 169 3380 rex,
193 3319 252 3381 per
266 3320 393 3364 causam
404 3305 541 3380 aliquam
556 3303 585 3362 in
602 3303 752 3379 angustiis
766 3302 931 3362 sustineret
944 3298 983 3358 ab
998 3303 1086 3371 tergo
1195 3313 1198 3318 ’

102 3403 219 3462 agmen.
256 3387 298 3447 ita
317 3393 352 3448 ut
366 3397 553 3449 convenerat
567 3388 677 3448 lactum
699 3392 756 3445 est
792 3392 945 3454 tamquam
967 3381 1085 3438 laxaret

101 3471 211 3533 elatum
225 3471 340 3549 pedem
360 3470 398 3531 ab
414 3470 519 3532 stricto
534 3469 634 3545 nodo,
656 3471 792 3527 moratus
807 3463 925 3523 turbam
939 3461 1085 3521 binome·
