<?xml version="1.0" encoding="UTF-8"?>
<!DOCTYPE html PUBLIC "-//W3C//DTD XHTML 1.0 Transitional//EN"
    "http://www.w3.org/TR/xhtml1/DTD/xhtml1-transitional.dtd">
<html xmlns="http://www.w3.org/1999/xhtml" xml:lang="en" lang="en">
 <head>
  <title>
</title>
<meta http-equiv="Content-Type" content="text/html;charset=utf-8" />
  <meta name='ocr-system' content='tesseract 3.04.00' />
  <meta name='ocr-capabilities' content='ocr_page ocr_carea ocr_par ocr_line ocrx_word'/>
</head>
<body>
  <div class='ocr_page' id='page_1' title='image "./titiliviaburbec09livygoog_0264.png"; bbox 0 0 2434 3902; ppageno 0'>
   <div class='ocr_carea' id='block_1_1' title="bbox 207 226 1025 307">
    <p class='ocr_par' dir='ltr' id='par_1_1' title="bbox 207 226 1025 307">
     <span class='ocr_line' id='line_1_1' title="bbox 207 226 1025 307; baseline 0.012 -19"><span class='ocrx_word' id='word_1_1' title='bbox 207 226 325 288; x_wconf 84' lang='lat' dir='ltr'>LIBER</span> <span class='ocrx_word' id='word_1_2' title='bbox 337 227 473 290; x_wconf 84' lang='lat' dir='ltr'>XXVIII.</span> <span class='ocrx_word' id='word_1_3' title='bbox 496 228 579 290; x_wconf 73' lang='lat' dir='ltr'><strong>cte.</strong></span> <span class='ocrx_word' id='word_1_4' title='bbox 595 239 638 292; x_wconf 86' lang='lat'><strong>15.</strong></span> <span class='ocrx_word' id='word_1_5' title='bbox 651 239 693 294; x_wconf 86' lang='lat'><strong>16.</strong></span> <span class='ocrx_word' id='word_1_6' title='bbox 717 237 753 306; x_wconf 75' lang='lat' dir='ltr'><strong>[a</strong></span> <span class='ocrx_word' id='word_1_7' title='bbox 767 237 799 294; x_wconf 81' lang='lat'><strong>0.</strong></span> <span class='ocrx_word' id='word_1_8' title='bbox 810 237 874 307; x_wconf 62' lang='grc' dir='ltr'><strong>Μ]</strong></span> <span class='ocrx_word' id='word_1_9' title='bbox 961 234 1025 298; x_wconf 73' lang='lat'><strong>239</strong></span> 
     </span>
    </p>
   </div>
   <div class='ocr_carea' id='block_1_2' title="bbox 23 375 1025 3577">
    <p class='ocr_par' dir='ltr' id='par_1_2' title="bbox 23 375 1023 621">
     <span class='ocr_line' id='line_1_2' title="bbox 24 375 1023 459; baseline 0.011 -23"><span class='ocrx_word' id='word_1_10' title='bbox 24 375 158 439; x_wconf 85' lang='lat' dir='ltr'><strong>munita</strong></span> <span class='ocrx_word' id='word_1_11' title='bbox 169 375 287 452; x_wconf 86' lang='lat' dir='ltr'><strong>oppida</strong></span> <span class='ocrx_word' id='word_1_12' title='bbox 297 391 367 438; x_wconf 90' lang='lat' dir='ltr'><strong>cum</strong></span> <span class='ocrx_word' id='word_1_13' title='bbox 377 377 541 454; x_wconf 87' lang='lat' dir='ltr'><strong>praesidiis</strong></span> <span class='ocrx_word' id='word_1_14' title='bbox 552 381 1023 459; x_wconf 83' lang='lat' dir='ltr'><strong>traditaapraelectisltomano.</strong></span> 
     </span>
     <span class='ocr_line' id='line_1_3' title="bbox 23 461 1022 548; baseline 0.012 -27"><span class='ocrx_word' id='word_1_15' title='bbox 23 469 64 521; x_wconf 87' lang='lat' dir='ltr'><strong>et</strong></span> <span class='ocrx_word' id='word_1_16' title='bbox 80 477 124 522; x_wconf 89' lang='lat' dir='ltr'><strong>ne</strong></span> <span class='ocrx_word' id='word_1_17' title='bbox 137 461 229 522; x_wconf 92' lang='lat' dir='ltr'><strong>latius</strong></span> <span class='ocrx_word' id='word_1_18' title='bbox 244 461 396 522; x_wconf 90' lang='lat' dir='ltr'><strong>inclinatis</strong></span> <span class='ocrx_word' id='word_1_19' title='bbox 411 465 507 523; x_wconf 90' lang='lat' dir='ltr'><strong>semel</strong></span> <span class='ocrx_word' id='word_1_20' title='bbox 521 463 562 524; x_wconf 90' lang='lat' dir='ltr'><strong>ad</strong></span> <span class='ocrx_word' id='word_1_21' title='bbox 575 464 779 528; x_wconf 90' lang='lat' dir='ltr'><strong>delectionem</strong></span> <span class='ocrx_word' id='word_1_22' title='bbox 793 468 902 530; x_wconf 89' lang='lat' dir='ltr'><strong>animis</strong></span> <span class='ocrx_word' id='word_1_23' title='bbox 917 486 1022 548; x_wconf 76' lang='lat' dir='ltr'><strong>serpe</strong></span> 
     </span>
     <span class='ocr_line' id='line_1_4' title="bbox 24 545 1022 621; baseline 0.011 -18"><span class='ocrx_word' id='word_1_24' title='bbox 24 551 84 607; x_wconf 83' lang='lat' dir='ltr'><strong>ret</strong></span> <span class='ocrx_word' id='word_1_25' title='bbox 98 561 162 618; x_wconf 89' lang='lat' dir='ltr'><strong>res,</strong></span> <span class='ocrx_word' id='word_1_26' title='bbox 180 545 300 607; x_wconf 90' lang='lat' dir='ltr'><strong>silentio</strong></span> <span class='ocrx_word' id='word_1_27' title='bbox 315 545 476 621; x_wconf 76' lang='lat' dir='ltr'>proximae</span> <span class='ocrx_word' id='word_1_28' title='bbox 490 547 589 609; x_wconf 89' lang='lat' dir='ltr'><strong>noctis</strong></span> <span class='ocrx_word' id='word_1_29' title='bbox 602 547 778 612; x_wconf 76' lang='lat' dir='ltr'>Hasdrubal</span> <span class='ocrx_word' id='word_1_30' title='bbox 796 559 897 615; x_wconf 85' lang='lat' dir='ltr'><strong>castra</strong></span> <span class='ocrx_word' id='word_1_31' title='bbox 911 564 1022 617; x_wconf 91' lang='lat' dir='ltr'><strong>movet.</strong></span> 
     </span>
    </p>

    <p class='ocr_par' dir='ltr' id='par_1_3' title="bbox 24 627 1025 3577">
     <span class='ocr_line' id='line_1_5' title="bbox 124 627 1025 708; baseline 0.013 -19"><span class='ocrx_word' id='word_1_32' title='bbox 124 629 206 690; x_wconf 81' lang='lat' dir='ltr'><strong>xvi.</strong></span> <span class='ocrx_word' id='word_1_33' title='bbox 229 627 350 706; x_wconf 81' lang='lat' dir='ltr'><strong>Scipio,</strong></span> <span class='ocrx_word' id='word_1_34' title='bbox 372 634 406 690; x_wconf 89' lang='lat' dir='ltr'><strong>ut</strong></span> <span class='ocrx_word' id='word_1_35' title='bbox 425 631 524 706; x_wconf 87' lang='lat' dir='ltr'><strong>prima</strong></span> <span class='ocrx_word' id='word_1_36' title='bbox 544 632 613 692; x_wconf 91' lang='lat' dir='ltr'><strong>luce</strong></span> <span class='ocrx_word' id='word_1_37' title='bbox 628 635 679 708; x_wconf 93' lang='lat' dir='ltr'><strong>qui</strong></span> <span class='ocrx_word' id='word_1_38' title='bbox 694 634 724 695; x_wconf 94' lang='lat' dir='ltr'><strong>in</strong></span> <span class='ocrx_word' id='word_1_39' title='bbox 740 635 923 700; x_wconf 84' lang='lat' dir='ltr'><strong>stationibus</strong></span> <span class='ocrx_word' id='word_1_40' title='bbox 937 647 1025 701; x_wconf 89' lang='lat' dir='ltr'><strong>erant</strong></span> 
     </span>
     <span class='ocr_line' id='line_1_6' title="bbox 24 714 1024 798; baseline 0.01 -24"><span class='ocrx_word' id='word_1_41' title='bbox 24 715 222 776; x_wconf 82' lang='lat' dir='ltr'><strong>rettulenrnt</strong></span> <span class='ocrx_word' id='word_1_42' title='bbox 244 714 402 789; x_wconf 86' lang='lat' dir='ltr'><strong>protectos</strong></span> <span class='ocrx_word' id='word_1_43' title='bbox 427 714 549 790; x_wconf 87' lang='lat' dir='ltr'><strong>hostes,</strong></span> <span class='ocrx_word' id='word_1_44' title='bbox 574 718 746 791; x_wconf 90' lang='lat' dir='ltr'><strong>praemisso</strong></span> <span class='ocrx_word' id='word_1_45' title='bbox 772 720 909 796; x_wconf 89' lang='lat' dir='ltr'><strong>equitatu</strong></span> <span class='ocrx_word' id='word_1_46' title='bbox 934 725 1024 798; x_wconf 89' lang='lat' dir='ltr'><strong>signa</strong></span> 
     </span>
     <span class='ocr_line' id='line_1_7' title="bbox 26 797 1024 878; baseline 0.01 -20"><span class='ocrx_word' id='word_1_47' title='bbox 26 798 111 858; x_wconf 82' lang='lat' dir='ltr'><strong>ferri</strong></span> <span class='ocrx_word' id='word_1_48' title='bbox 132 797 231 859; x_wconf 72' lang='lat' dir='ltr'><strong>iubetz</strong></span> <span class='ocrx_word' id='word_1_49' title='bbox 259 798 400 874; x_wconf 84' lang='lat' dir='ltr'>adeoque</span> <span class='ocrx_word' id='word_1_50' title='bbox 420 799 511 860; x_wconf 88' lang='lat' dir='ltr'><strong>citato</strong></span> <span class='ocrx_word' id='word_1_51' title='bbox 533 801 653 874; x_wconf 80' lang='lat' dir='ltr'>agmine</span> <span class='ocrx_word' id='word_1_52' title='bbox 674 802 756 863; x_wconf 90' lang='lat' dir='ltr'><strong>ducti</strong></span> <span class='ocrx_word' id='word_1_53' title='bbox 778 810 863 878; x_wconf 91' lang='lat' dir='ltr'><strong>sunt,</strong></span> <span class='ocrx_word' id='word_1_54' title='bbox 884 813 918 867; x_wconf 87' lang='lat' dir='ltr'><strong>ut</strong></span> <span class='ocrx_word' id='word_1_55' title='bbox 932 807 958 867; x_wconf 92' lang='lat' dir='ltr'><strong>si</strong></span> <span class='ocrx_word' id='word_1_56' title='bbox 973 807 1024 868; x_wconf 91' lang='lat' dir='ltr'><strong>via</strong></span> 
     </span>
     <span class='ocr_line' id='line_1_8' title="bbox 24 881 1021 958; baseline 0.01 -16"><span class='ocrx_word' id='word_1_57' title='bbox 24 890 124 942; x_wconf 86' lang='lat' dir='ltr'><strong>recta</strong></span> <span class='ocrx_word' id='word_1_58' title='bbox 147 881 278 957; x_wconf 89' lang='lat' dir='ltr'><strong>vestigia</strong></span> <span class='ocrx_word' id='word_1_59' title='bbox 302 889 470 958; x_wconf 90' lang='lat' dir='ltr'><strong>sequentes</strong></span> <span class='ocrx_word' id='word_1_60' title='bbox 490 883 602 958; x_wconf 78' lang='lat' dir='ltr'><strong>issent,</strong></span> <span class='ocrx_word' id='word_1_61' title='bbox 628 885 825 948; x_wconf 88' lang='lat' dir='ltr'><strong>hauddubie</strong></span> <span class='ocrx_word' id='word_1_62' title='bbox 847 888 1021 952; x_wconf 82' lang='lat' dir='ltr'>adsecuturi</span> 
     </span>
     <span class='ocr_line' id='line_1_9' title="bbox 27 965 1020 1044; baseline 0.011 -18"><span class='ocrx_word' id='word_1_63' title='bbox 27 967 162 1027; x_wconf 80' lang='lat' dir='ltr'><strong>luerint.</strong></span> <span class='ocrx_word' id='word_1_64' title='bbox 194 965 326 1028; x_wconf 87' lang='lat' dir='ltr'><strong>ducibus</strong></span> <span class='ocrx_word' id='word_1_65' title='bbox 341 974 389 1029; x_wconf 88' lang='lat' dir='ltr'><strong>est</strong></span> <span class='ocrx_word' id='word_1_66' title='bbox 403 967 566 1044; x_wconf 88' lang='lat' dir='ltr'><strong>creditum,</strong></span> <span class='ocrx_word' id='word_1_67' title='bbox 586 967 712 1033; x_wconf 89' lang='lat' dir='ltr'><strong>brevius</strong></span> <span class='ocrx_word' id='word_1_68' title='bbox 726 970 809 1032; x_wconf 90' lang='lat' dir='ltr'><strong>aliud</strong></span> <span class='ocrx_word' id='word_1_69' title='bbox 826 987 898 1034; x_wconf 90' lang='lat' dir='ltr'><strong>esse</strong></span> <span class='ocrx_word' id='word_1_70' title='bbox 912 973 969 1034; x_wconf 88' lang='lat' dir='ltr'><strong>iter</strong></span> <span class='ocrx_word' id='word_1_71' title='bbox 982 977 1020 1038; x_wconf 91' lang='lat' dir='ltr'><strong>ad</strong></span> 
     </span>
     <span class='ocr_line' id='line_1_10' title="bbox 27 1049 1023 1129; baseline 0.007 -17"><span class='ocrx_word' id='word_1_72' title='bbox 27 1051 157 1112; x_wconf 82' lang='lat' dir='ltr'><strong>Baetim</strong></span> <span class='ocrx_word' id='word_1_73' title='bbox 172 1049 307 1123; x_wconf 81' lang='lat' dir='ltr'><strong>fluvium,</strong></span> <span class='ocrx_word' id='word_1_74' title='bbox 323 1055 356 1112; x_wconf 92' lang='lat' dir='ltr'><strong>ut</strong></span> <span class='ocrx_word' id='word_1_75' title='bbox 368 1057 562 1114; x_wconf 88' lang='lat' dir='ltr'><strong>transeuntes</strong></span> <span class='ocrx_word' id='word_1_76' title='bbox 576 1054 826 1129; x_wconf 75' lang='lat' dir='ltr'><strong>adgrederentur.</strong></span> <span class='ocrx_word' id='word_1_77' title='bbox 848 1056 1023 1119; x_wconf 81' lang='lat' dir='ltr'><strong>Hasdrubal</strong></span> 
     </span>
     <span class='ocr_line' id='line_1_11' title="bbox 27 1133 1023 1216; baseline 0.006 -20"><span class='ocrx_word' id='word_1_78' title='bbox 27 1138 148 1197; x_wconf 87' lang='lat' dir='ltr'><strong>clauso</strong></span> <span class='ocrx_word' id='word_1_79' title='bbox 169 1133 299 1196; x_wconf 80' lang='lat' dir='ltr'><strong>bansitu</strong></span> <span class='ocrx_word' id='word_1_80' title='bbox 319 1133 454 1197; x_wconf 84' lang='lat' dir='ltr'><strong>fluminis</strong></span> <span class='ocrx_word' id='word_1_81' title='bbox 475 1137 516 1198; x_wconf 92' lang='lat' dir='ltr'><strong>ad</strong></span> <span class='ocrx_word' id='word_1_82' title='bbox 531 1133 686 1199; x_wconf 83' lang='lat' dir='ltr'><strong>Oceanum</strong></span> <span class='ocrx_word' id='word_1_83' title='bbox 701 1139 811 1216; x_wconf 88' lang='lat' dir='ltr'><strong>llectit,</strong></span> <span class='ocrx_word' id='word_1_84' title='bbox 833 1147 864 1200; x_wconf 91' lang='lat' dir='ltr'><strong>et</strong></span> <span class='ocrx_word' id='word_1_85' title='bbox 876 1141 936 1201; x_wconf 91' lang='lat' dir='ltr'><strong>iam</strong></span> <span class='ocrx_word' id='word_1_86' title='bbox 951 1142 1023 1202; x_wconf 92' lang='lat' dir='ltr'><strong>inde</strong></span> 
     </span>
     <span class='ocr_line' id='line_1_12' title="bbox 27 1219 1021 1300; baseline 0.009 -22"><span class='ocrx_word' id='word_1_87' title='bbox 27 1220 221 1295; x_wconf 83' lang='lat' dir='ltr'><strong>rugientium</strong></span> <span class='ocrx_word' id='word_1_88' title='bbox 234 1220 328 1282; x_wconf 90' lang='lat' dir='ltr'><strong>modo</strong></span> <span class='ocrx_word' id='word_1_89' title='bbox 343 1219 435 1282; x_wconf 84' lang='lat' dir='ltr'><strong>eliusi</strong></span> <span class='ocrx_word' id='word_1_90' title='bbox 449 1221 582 1282; x_wconf 91' lang='lat' dir='ltr'><strong>abibant.</strong></span> <span class='ocrx_word' id='word_1_91' title='bbox 605 1222 709 1299; x_wconf 89' lang='lat' dir='ltr'><strong>itaque</strong></span> <span class='ocrx_word' id='word_1_92' title='bbox 723 1225 762 1285; x_wconf 89' lang='lat' dir='ltr'><strong>ab</strong></span> <span class='ocrx_word' id='word_1_93' title='bbox 776 1224 949 1300; x_wconf 77' lang='lat' dir='ltr'><strong>legionibus</strong></span> <span class='ocrx_word' id='word_1_94' title='bbox 960 1227 1021 1287; x_wconf 84' lang='lat' dir='ltr'><strong>Ro-</strong></span> 
     </span>
     <span class='ocr_line' id='line_1_13' title="bbox 27 1304 1022 1385; baseline 0.007 -21"><span class='ocrx_word' id='word_1_95' title='bbox 27 1305 137 1366; x_wconf 87' lang='lat' dir='ltr'><strong>manis</strong></span> <span class='ocrx_word' id='word_1_96' title='bbox 149 1304 342 1380; x_wconf 82' lang='lat' dir='ltr'><strong>aliquantum</strong></span> <span class='ocrx_word' id='word_1_97' title='bbox 354 1304 503 1368; x_wconf 88' lang='lat' dir='ltr'><strong>intervalli</strong></span> <span class='ocrx_word' id='word_1_98' title='bbox 518 1306 588 1366; x_wconf 76' lang='lat' dir='ltr'><strong>luit:</strong></span> <span class='ocrx_word' id='word_1_99' title='bbox 604 1322 702 1383; x_wconf 88' lang='lat' dir='ltr'><strong>eques</strong></span> <span class='ocrx_word' id='word_1_100' title='bbox 716 1308 856 1385; x_wconf 88' lang='lat' dir='ltr'><strong>levisque</strong></span> <span class='ocrx_word' id='word_1_101' title='bbox 870 1316 1022 1371; x_wconf 86' lang='lat' dir='ltr'><strong>annatura</strong></span> 
     </span>
     <span class='ocr_line' id='line_1_14' title="bbox 29 1388 1022 1470; baseline 0.007 -22"><span class='ocrx_word' id='word_1_102' title='bbox 29 1405 121 1449; x_wconf 91' lang='lat' dir='ltr'><strong>nunc</strong></span> <span class='ocrx_word' id='word_1_103' title='bbox 145 1388 186 1448; x_wconf 89' lang='lat' dir='ltr'><strong>ab</strong></span> <span class='ocrx_word' id='word_1_104' title='bbox 208 1393 294 1464; x_wconf 87' lang='lat' dir='ltr'><strong>tergo</strong></span> <span class='ocrx_word' id='word_1_105' title='bbox 320 1405 402 1451; x_wconf 91' lang='lat' dir='ltr'><strong>nunc</strong></span> <span class='ocrx_word' id='word_1_106' title='bbox 428 1391 466 1450; x_wconf 95' lang='lat' dir='ltr'><strong>ab</strong></span> <span class='ocrx_word' id='word_1_107' title='bbox 488 1390 632 1451; x_wconf 89' lang='lat' dir='ltr'><strong>lateribus</strong></span> <span class='ocrx_word' id='word_1_108' title='bbox 661 1393 852 1455; x_wconf 89' lang='lat' dir='ltr'><strong>occurrendo</strong></span> <span class='ocrx_word' id='word_1_109' title='bbox 878 1394 1022 1470; x_wconf 79' lang='lat' dir='ltr'><strong>fatigabat</strong></span> 
     </span>
     <span class='ocr_line' id='line_1_15' title="bbox 27 1471 1021 1553; baseline 0.005 -21"><span class='ocrx_word' id='word_1_110' title='bbox 27 1471 287 1548; x_wconf 82' lang='lat' dir='ltr'><strong>urorabaturque.</strong></span> <span class='ocrx_word' id='word_1_111' title='bbox 323 1475 381 1535; x_wconf 91' lang='lat' dir='ltr'><strong>sed</strong></span> <span class='ocrx_word' id='word_1_112' title='bbox 402 1489 471 1536; x_wconf 88' lang='lat' dir='ltr'><strong>oum</strong></span> <span class='ocrx_word' id='word_1_113' title='bbox 488 1475 529 1535; x_wconf 96' lang='lat' dir='ltr'><strong>ad</strong></span> <span class='ocrx_word' id='word_1_114' title='bbox 543 1475 670 1537; x_wconf 88' lang='lat' dir='ltr'><strong>crebros</strong></span> <span class='ocrx_word' id='word_1_115' title='bbox 684 1478 829 1538; x_wconf 88' lang='lat' dir='ltr'><strong>tumultus</strong></span> <span class='ocrx_word' id='word_1_116' title='bbox 844 1477 934 1553; x_wconf 87' lang='lat' dir='ltr'><strong>signa</strong></span> <span class='ocrx_word' id='word_1_117' title='bbox 948 1494 1021 1540; x_wconf 92' lang='lat' dir='ltr'><strong>con·</strong></span> 
     </span>
     <span class='ocr_line' id='line_1_16' title="bbox 29 1558 1021 1636; baseline 0.005 -18"><span class='ocrx_word' id='word_1_118' title='bbox 29 1559 198 1629; x_wconf 82' lang='lat' dir='ltr'><strong>sisterent,</strong></span> <span class='ocrx_word' id='word_1_119' title='bbox 222 1564 252 1618; x_wconf 92' lang='lat' dir='ltr'><strong>et</strong></span> <span class='ocrx_word' id='word_1_120' title='bbox 270 1573 352 1619; x_wconf 90' lang='lat' dir='ltr'><strong>nunc</strong></span> <span class='ocrx_word' id='word_1_121' title='bbox 372 1558 529 1636; x_wconf 73' lang='lat' dir='ltr'><strong>equestria</strong></span> <span class='ocrx_word' id='word_1_122' title='bbox 549 1575 630 1620; x_wconf 92' lang='lat' dir='ltr'><strong>nunc</strong></span> <span class='ocrx_word' id='word_1_123' title='bbox 645 1577 714 1622; x_wconf 91' lang='lat' dir='ltr'><strong>cum</strong></span> <span class='ocrx_word' id='word_1_124' title='bbox 729 1561 871 1623; x_wconf 87' lang='lat' dir='ltr'><strong>velitibus</strong></span> <span class='ocrx_word' id='word_1_125' title='bbox 886 1563 1021 1623; x_wconf 89' lang='lat' dir='ltr'><strong>auxiliis-</strong></span> 
     </span>
     <span class='ocr_line' id='line_1_17' title="bbox 31 1641 1020 1722; baseline 0.005 -22"><span class='ocrx_word' id='word_1_126' title='bbox 31 1657 100 1718; x_wconf 89' lang='lat' dir='ltr'><strong>que</strong></span> <span class='ocrx_word' id='word_1_127' title='bbox 117 1641 253 1717; x_wconf 90' lang='lat' dir='ltr'><strong>peditum</strong></span> <span class='ocrx_word' id='word_1_128' title='bbox 265 1642 383 1718; x_wconf 92' lang='lat' dir='ltr'><strong>proelia</strong></span> <span class='ocrx_word' id='word_1_129' title='bbox 393 1649 602 1719; x_wconf 77' lang='lat' dir='ltr'><strong>consererent,</strong></span> <span class='ocrx_word' id='word_1_130' title='bbox 617 1653 862 1722; x_wconf 88' lang='lat' dir='ltr'><strong>supervenerunt</strong></span> <span class='ocrx_word' id='word_1_131' title='bbox 872 1646 1020 1721; x_wconf 79' lang='lat' dir='ltr'><strong>legiones.</strong></span> 
     </span>
     <span class='ocr_line' id='line_1_18' title="bbox 33 1721 1020 1806; baseline 0.004 -20"><span class='ocrx_word' id='word_1_132' title='bbox 33 1725 112 1786; x_wconf 90' lang='lat' dir='ltr'><strong>inde</strong></span> <span class='ocrx_word' id='word_1_133' title='bbox 133 1741 193 1788; x_wconf 93' lang='lat' dir='ltr'><strong>non</strong></span> <span class='ocrx_word' id='word_1_134' title='bbox 214 1725 275 1786; x_wconf 87' lang='lat' dir='ltr'><strong>iam</strong></span> <span class='ocrx_word' id='word_1_135' title='bbox 297 1742 401 1802; x_wconf 86' lang='lat' dir='ltr'><strong>pugna</strong></span> <span class='ocrx_word' id='word_1_136' title='bbox 421 1728 478 1788; x_wconf 90' lang='lat' dir='ltr'><strong>sed</strong></span> <span class='ocrx_word' id='word_1_137' title='bbox 498 1721 659 1791; x_wconf 79' lang='lat' dir='ltr'><strong>trucidatio</strong></span> <span class='ocrx_word' id='word_1_138' title='bbox 680 1731 764 1790; x_wconf 88' lang='lat' dir='ltr'><strong>velut</strong></span> <span class='ocrx_word' id='word_1_139' title='bbox 784 1745 931 1806; x_wconf 89' lang='lat' dir='ltr'><strong>pecorum</strong></span> <span class='ocrx_word' id='word_1_140' title='bbox 946 1731 1020 1806; x_wconf 88' lang='lat' dir='ltr'><strong>lieri,</strong></span> 
     </span>
     <span class='ocr_line' id='line_1_19' title="bbox 32 1809 1020 1888; baseline 0.002 -16"><span class='ocrx_word' id='word_1_141' title='bbox 32 1813 139 1872; x_wconf 89' lang='lat' dir='ltr'><strong>donec</strong></span> <span class='ocrx_word' id='word_1_142' title='bbox 160 1809 229 1886; x_wconf 88' lang='lat' dir='ltr'><strong>ipse</strong></span> <span class='ocrx_word' id='word_1_143' title='bbox 244 1810 308 1872; x_wconf 85' lang='lat' dir='ltr'><strong>dux</strong></span> <span class='ocrx_word' id='word_1_144' title='bbox 323 1811 413 1888; x_wconf 89' lang='lat' dir='ltr'><strong>lugue</strong></span> <span class='ocrx_word' id='word_1_145' title='bbox 427 1819 534 1872; x_wconf 83' lang='lat' dir='ltr'><strong>auctor</strong></span> <span class='ocrx_word' id='word_1_146' title='bbox 547 1812 578 1872; x_wconf 94' lang='lat' dir='ltr'><strong>in</strong></span> <span class='ocrx_word' id='word_1_147' title='bbox 594 1813 752 1888; x_wconf 88' lang='lat' dir='ltr'><strong>proximos</strong></span> <span class='ocrx_word' id='word_1_148' title='bbox 768 1815 864 1876; x_wconf 89' lang='lat' dir='ltr'><strong>eolles</strong></span> <span class='ocrx_word' id='word_1_149' title='bbox 879 1831 948 1876; x_wconf 91' lang='lat' dir='ltr'><strong>cum</strong></span> <span class='ocrx_word' id='word_1_150' title='bbox 964 1831 1020 1876; x_wconf 90' lang='lat' dir='ltr'><strong>sex</strong></span> 
     </span>
     <span class='ocr_line' id='line_1_20' title="bbox 30 1895 1020 1976; baseline 0.002 -20"><span class='ocrx_word' id='word_1_151' title='bbox 30 1895 160 1956; x_wconf 90' lang='lat' dir='ltr'><strong>milibus</strong></span> <span class='ocrx_word' id='word_1_152' title='bbox 181 1895 277 1956; x_wconf 82' lang='lat' dir='ltr'><strong>tenne</strong></span> <span class='ocrx_word' id='word_1_153' title='bbox 298 1897 493 1956; x_wconf 87' lang='lat' dir='ltr'><strong>semermium</strong></span> <span class='ocrx_word' id='word_1_154' title='bbox 513 1899 628 1957; x_wconf 76' lang='lat' dir='ltr'><strong>evasit:</strong></span> <span class='ocrx_word' id='word_1_155' title='bbox 653 1898 746 1958; x_wconf 89' lang='lat' dir='ltr'><strong>ceteri</strong></span> <span class='ocrx_word' id='word_1_156' title='bbox 768 1899 851 1960; x_wconf 89' lang='lat' dir='ltr'><strong>caesi</strong></span> <span class='ocrx_word' id='word_1_157' title='bbox 867 1899 1020 1976; x_wconf 87' lang='lat' dir='ltr'><strong>captique.</strong></span> 
     </span>
     <span class='ocr_line' id='line_1_21' title="bbox 32 1979 1018 2056; baseline 0.001 -15"><span class='ocrx_word' id='word_1_158' title='bbox 32 1987 140 2041; x_wconf 88' lang='lat' dir='ltr'><strong>castra</strong></span> <span class='ocrx_word' id='word_1_159' title='bbox 160 1979 354 2041; x_wconf 89' lang='lat' dir='ltr'><strong>tumultuaria</strong></span> <span class='ocrx_word' id='word_1_160' title='bbox 373 1980 483 2056; x_wconf 90' lang='lat' dir='ltr'><strong>raptim</strong></span> <span class='ocrx_word' id='word_1_161' title='bbox 497 1980 591 2042; x_wconf 93' lang='lat' dir='ltr'><strong>Poeni</strong></span> <span class='ocrx_word' id='word_1_162' title='bbox 613 1985 727 2044; x_wconf 90' lang='lat' dir='ltr'><strong>tumulo</strong></span> <span class='ocrx_word' id='word_1_163' title='bbox 748 1982 917 2043; x_wconf 88' lang='lat' dir='ltr'><strong>editissimo</strong></span> <span class='ocrx_word' id='word_1_164' title='bbox 939 1998 1018 2044; x_wconf 87' lang='lat' dir='ltr'><strong>com·</strong></span> 
     </span>
     <span class='ocr_line' id='line_1_22' title="bbox 31 2063 1022 2143; baseline 0.003 -19"><span class='ocrx_word' id='word_1_165' title='bbox 31 2063 248 2136; x_wconf 90' lang='lat' dir='ltr'><strong>muniverunt,</strong></span> <span class='ocrx_word' id='word_1_166' title='bbox 275 2070 368 2141; x_wconf 89' lang='lat' dir='ltr'><strong>atque</strong></span> <span class='ocrx_word' id='word_1_167' title='bbox 388 2063 475 2138; x_wconf 92' lang='lat' dir='ltr'><strong>inde,</strong></span> <span class='ocrx_word' id='word_1_168' title='bbox 498 2080 567 2126; x_wconf 89' lang='lat' dir='ltr'><strong>eum</strong></span> <span class='ocrx_word' id='word_1_169' title='bbox 587 2064 687 2126; x_wconf 90' lang='lat' dir='ltr'><strong>hostis</strong></span> <span class='ocrx_word' id='word_1_170' title='bbox 708 2066 895 2143; x_wconf 89' lang='lat' dir='ltr'><strong>nequiquam</strong></span> <span class='ocrx_word' id='word_1_171' title='bbox 917 2067 1022 2127; x_wconf 89' lang='lat' dir='ltr'><strong>subire</strong></span> 
     </span>
     <span class='ocr_line' id='line_1_23' title="bbox 29 2149 1022 2224; baseline 0.003 -15"><span class='ocrx_word' id='word_1_172' title='bbox 29 2149 143 2224; x_wconf 91' lang='lat' dir='ltr'><strong>iniquo</strong></span> <span class='ocrx_word' id='word_1_173' title='bbox 159 2163 293 2210; x_wconf 88' lang='lat' dir='ltr'><strong>ascensu</strong></span> <span class='ocrx_word' id='word_1_174' title='bbox 308 2154 437 2210; x_wconf 88' lang='lat' dir='ltr'><strong>conatus</strong></span> <span class='ocrx_word' id='word_1_175' title='bbox 452 2155 550 2222; x_wconf 90' lang='lat' dir='ltr'><strong>esset,</strong></span> <span class='ocrx_word' id='word_1_176' title='bbox 575 2149 659 2210; x_wconf 85' lang='lat' dir='ltr'><strong>haud</strong></span> <span class='ocrx_word' id='word_1_177' title='bbox 673 2149 836 2211; x_wconf 85' lang='lat' dir='ltr'><strong>difficulter</strong></span> <span class='ocrx_word' id='word_1_178' title='bbox 849 2165 921 2212; x_wconf 87' lang='lat' dir='ltr'><strong>seso</strong></span> <span class='ocrx_word' id='word_1_179' title='bbox 937 2152 1022 2212; x_wconf 86' lang='lat' dir='ltr'><strong>tutati</strong></span> 
     </span>
     <span class='ocr_line' id='line_1_24' title="bbox 30 2232 1021 2310; baseline 0.002 -16"><span class='ocrx_word' id='word_1_180' title='bbox 30 2238 117 2294; x_wconf 90' lang='lat' dir='ltr'><strong>sunt.</strong></span> <span class='ocrx_word' id='word_1_181' title='bbox 142 2232 201 2293; x_wconf 90' lang='lat' dir='ltr'><strong>sed</strong></span> <span class='ocrx_word' id='word_1_182' title='bbox 215 2232 338 2294; x_wconf 90' lang='lat' dir='ltr'><strong>obsidio</strong></span> <span class='ocrx_word' id='word_1_183' title='bbox 353 2232 384 2292; x_wconf 93' lang='lat' dir='ltr'><strong>in</strong></span> <span class='ocrx_word' id='word_1_184' title='bbox 399 2234 469 2294; x_wconf 90' lang='lat' dir='ltr'><strong>loco</strong></span> <span class='ocrx_word' id='word_1_185' title='bbox 483 2234 567 2294; x_wconf 89' lang='lat' dir='ltr'><strong>nudo</strong></span> <span class='ocrx_word' id='word_1_186' title='bbox 583 2239 676 2310; x_wconf 88' lang='lat' dir='ltr'><strong>atque</strong></span> <span class='ocrx_word' id='word_1_187' title='bbox 690 2234 776 2310; x_wconf 91' lang='lat' dir='ltr'><strong>inopi</strong></span> <span class='ocrx_word' id='word_1_188' title='bbox 789 2233 842 2294; x_wconf 75' lang='lat' dir='ltr'><strong>rix</strong></span> <span class='ocrx_word' id='word_1_189' title='bbox 857 2235 887 2294; x_wconf 91' lang='lat' dir='ltr'><strong>in</strong></span> <span class='ocrx_word' id='word_1_190' title='bbox 903 2250 1021 2310; x_wconf 87' lang='lat' dir='ltr'><strong>paucos</strong></span> 
     </span>
     <span class='ocr_line' id='line_1_25' title="bbox 30 2316 1021 2393; baseline 0 -16"><span class='ocrx_word' id='word_1_191' title='bbox 30 2318 103 2378; x_wconf 88' lang='lat' dir='ltr'><strong>dios</strong></span> <span class='ocrx_word' id='word_1_192' title='bbox 117 2316 287 2378; x_wconf 88' lang='lat' dir='ltr'><strong>tolerabilis</strong></span> <span class='ocrx_word' id='word_1_193' title='bbox 299 2322 374 2390; x_wconf 82' lang='lat' dir='ltr'><strong>erat,</strong></span> <span class='ocrx_word' id='word_1_194' title='bbox 389 2317 492 2393; x_wconf 90' lang='lat' dir='ltr'><strong>itaque</strong></span> <span class='ocrx_word' id='word_1_195' title='bbox 503 2318 701 2380; x_wconf 87' lang='lat' dir='ltr'><strong>transitiones</strong></span> <span class='ocrx_word' id='word_1_196' title='bbox 713 2319 753 2379; x_wconf 89' lang='lat' dir='ltr'><strong>ad</strong></span> <span class='ocrx_word' id='word_1_197' title='bbox 763 2318 884 2380; x_wconf 90' lang='lat' dir='ltr'><strong>hostem</strong></span> <span class='ocrx_word' id='word_1_198' title='bbox 898 2319 1021 2380; x_wconf 81' lang='lat' dir='ltr'><strong>fiebant·</strong></span> 
     </span>
     <span class='ocr_line' id='line_1_26' title="bbox 31 2401 1022 2479; baseline 0.001 -16"><span class='ocrx_word' id='word_1_199' title='bbox 31 2408 196 2477; x_wconf 89' lang='lat' dir='ltr'><strong>postremo</strong></span> <span class='ocrx_word' id='word_1_200' title='bbox 217 2401 280 2462; x_wconf 89' lang='lat' dir='ltr'><strong>dux</strong></span> <span class='ocrx_word' id='word_1_201' title='bbox 301 2402 371 2478; x_wconf 91' lang='lat' dir='ltr'><strong>ipse</strong></span> <span class='ocrx_word' id='word_1_202' title='bbox 391 2401 522 2462; x_wconf 90' lang='lat' dir='ltr'><strong>navibus</strong></span> <span class='ocrx_word' id='word_1_203' title='bbox 546 2403 805 2479; x_wconf 40' lang='lat' dir='ltr'><strong>acceptis-*noc</strong></span> <span class='ocrx_word' id='word_1_204' title='bbox 826 2404 935 2478; x_wconf 89' lang='lat' dir='ltr'><strong>procul</strong></span> <span class='ocrx_word' id='word_1_205' title='bbox 950 2403 1022 2464; x_wconf 90' lang='lat' dir='ltr'><strong>inde</strong></span> 
     </span>
     <span class='ocr_line' id='line_1_27' title="bbox 32 2486 1021 2563; baseline 0.001 -18"><span class='ocrx_word' id='word_1_206' title='bbox 32 2487 144 2546; x_wconf 83' lang='lat' dir='ltr'><strong>uberat</strong></span> <span class='ocrx_word' id='word_1_207' title='bbox 171 2500 312 2546; x_wconf 89' lang='lat' dir='ltr'><strong>mare-</strong></span> <span class='ocrx_word' id='word_1_208' title='bbox 325 2491 416 2548; x_wconf 90' lang='lat' dir='ltr'><strong>nocte</strong></span> <span class='ocrx_word' id='word_1_209' title='bbox 442 2486 548 2547; x_wconf 90' lang='lat' dir='ltr'><strong>relicto</strong></span> <span class='ocrx_word' id='word_1_210' title='bbox 578 2487 715 2548; x_wconf 88' lang='lat' dir='ltr'><strong>exercitu</strong></span> <span class='ocrx_word' id='word_1_211' title='bbox 747 2487 849 2548; x_wconf 86' lang='lat' dir='ltr'><strong>Gades</strong></span> <span class='ocrx_word' id='word_1_212' title='bbox 879 2489 1021 2563; x_wconf 79' lang='lat' dir='ltr'><strong>perfugit.</strong></span> 
     </span>
     <span class='ocr_line' id='line_1_28' title="bbox 31 2569 1022 2647; baseline 0.002 -16"><span class='ocrx_word' id='word_1_213' title='bbox 31 2569 143 2646; x_wconf 85' lang='lat' dir='ltr'><strong>Scipio</strong></span> <span class='ocrx_word' id='word_1_214' title='bbox 170 2570 244 2645; x_wconf 89' lang='lat' dir='ltr'><strong>luga</strong></span> <span class='ocrx_word' id='word_1_215' title='bbox 267 2570 356 2631; x_wconf 91' lang='lat' dir='ltr'><strong>ducis</strong></span> <span class='ocrx_word' id='word_1_216' title='bbox 377 2570 510 2632; x_wconf 90' lang='lat' dir='ltr'><strong>hostium</strong></span> <span class='ocrx_word' id='word_1_217' title='bbox 530 2570 635 2632; x_wconf 89' lang='lat' dir='ltr'><strong>audita</strong></span> <span class='ocrx_word' id='word_1_218' title='bbox 655 2570 763 2631; x_wconf 89' lang='lat' dir='ltr'><strong>decem</strong></span> <span class='ocrx_word' id='word_1_219' title='bbox 783 2571 866 2632; x_wconf 92' lang='lat' dir='ltr'><strong>milia</strong></span> <span class='ocrx_word' id='word_1_220' title='bbox 886 2573 1022 2647; x_wconf 90' lang='lat' dir='ltr'><strong>peditum</strong></span> 
     </span>
     <span class='ocr_line' id='line_1_29' title="bbox 31 2653 1020 2732; baseline 0.002 -18"><span class='ocrx_word' id='word_1_221' title='bbox 31 2655 118 2714; x_wconf 94' lang='lat' dir='ltr'><strong>mille</strong></span> <span class='ocrx_word' id='word_1_222' title='bbox 139 2653 258 2729; x_wconf 89' lang='lat' dir='ltr'><strong>equites</strong></span> <span class='ocrx_word' id='word_1_223' title='bbox 279 2654 423 2732; x_wconf 89' lang='lat' dir='ltr'><strong>relinquit</strong></span> <span class='ocrx_word' id='word_1_224' title='bbox 436 2653 541 2716; x_wconf 85' lang='lat' dir='ltr'><strong>Silano</strong></span> <span class='ocrx_word' id='word_1_225' title='bbox 564 2656 603 2715; x_wconf 89' lang='lat' dir='ltr'><strong>ad</strong></span> <span class='ocrx_word' id='word_1_226' title='bbox 625 2661 795 2718; x_wconf 89' lang='lat' dir='ltr'><strong>castrorum</strong></span> <span class='ocrx_word' id='word_1_227' title='bbox 811 2655 1020 2728; x_wconf 66' lang='lat' dir='ltr'><strong>obsidionem</strong></span> 
     </span>
     <span class='ocr_line' id='line_1_30' title="bbox 31 2738 1021 2817; baseline 0.003 -19"><span class='ocrx_word' id='word_1_228' title='bbox 31 2740 105 2815; x_wconf 89' lang='lat' dir='ltr'><strong>ipse</strong></span> <span class='ocrx_word' id='word_1_229' title='bbox 131 2753 203 2798; x_wconf 88' lang='lat' dir='ltr'><strong>eum</strong></span> <span class='ocrx_word' id='word_1_230' title='bbox 229 2738 339 2800; x_wconf 89' lang='lat' dir='ltr'><strong>ceteris</strong></span> <span class='ocrx_word' id='word_1_231' title='bbox 364 2739 463 2815; x_wconf 88' lang='lat' dir='ltr'><strong>copiis</strong></span> <span class='ocrx_word' id='word_1_232' title='bbox 490 2740 727 2816; x_wconf 89' lang='lat' dir='ltr'><strong>septuagesimis</strong></span> <span class='ocrx_word' id='word_1_233' title='bbox 749 2740 859 2802; x_wconf 87' lang='lat' dir='ltr'><strong>castris</strong></span> <span class='ocrx_word' id='word_1_234' title='bbox 881 2741 1021 2817; x_wconf 89' lang='lat' dir='ltr'><strong>protinus</strong></span> 
     </span>
     <span class='ocr_line' id='line_1_31' title="bbox 33 2823 1022 2902; baseline 0.002 -19"><span class='ocrx_word' id='word_1_235' title='bbox 33 2823 142 2883; x_wconf 90' lang='lat' dir='ltr'><strong>causis</strong></span> <span class='ocrx_word' id='word_1_236' title='bbox 156 2823 334 2898; x_wconf 88' lang='lat' dir='ltr'><strong>regulorum</strong></span> <span class='ocrx_word' id='word_1_237' title='bbox 349 2823 578 2900; x_wconf 89' lang='lat' dir='ltr'><strong>civitatiumque</strong></span> <span class='ocrx_word' id='word_1_238' title='bbox 589 2825 826 2900; x_wconf 90' lang='lat' dir='ltr'><strong>cognoscendis,</strong></span> <span class='ocrx_word' id='word_1_239' title='bbox 840 2831 875 2886; x_wconf 91' lang='lat' dir='ltr'><strong>ut</strong></span> <span class='ocrx_word' id='word_1_240' title='bbox 886 2826 1022 2902; x_wconf 89' lang='lat' dir='ltr'><strong>praemia</strong></span> 
     </span>
     <span class='ocr_line' id='line_1_32' title="bbox 32 2907 1021 2986; baseline 0.002 -18"><span class='ocrx_word' id='word_1_241' title='bbox 32 2909 74 2968; x_wconf 90' lang='lat' dir='ltr'><strong>ad</strong></span> <span class='ocrx_word' id='word_1_242' title='bbox 90 2921 199 2968; x_wconf 87' lang='lat' dir='ltr'><strong>veram</strong></span> <span class='ocrx_word' id='word_1_243' title='bbox 213 2907 391 2968; x_wconf 91' lang='lat' dir='ltr'><strong>meritorum</strong></span> <span class='ocrx_word' id='word_1_244' title='bbox 405 2907 648 2970; x_wconf 88' lang='lat' dir='ltr'><strong>aestimationem</strong></span> <span class='ocrx_word' id='word_1_245' title='bbox 660 2909 750 2971; x_wconf 88' lang='lat' dir='ltr'><strong>tribui</strong></span> <span class='ocrx_word' id='word_1_246' title='bbox 762 2917 900 2986; x_wconf 79' lang='lat' dir='ltr'><strong>possent</strong></span> <span class='ocrx_word' id='word_1_247' title='bbox 915 2911 1021 2971; x_wconf 87' lang='lat' dir='ltr'><strong>Tarra-</strong></span> 
     </span>
     <span class='ocr_line' id='line_1_33' title="bbox 35 2990 1021 3067; baseline -0.001 -14"><span class='ocrx_word' id='word_1_248' title='bbox 35 3007 149 3055; x_wconf 87' lang='lat' dir='ltr'><strong>conem</strong></span> <span class='ocrx_word' id='word_1_249' title='bbox 164 2990 264 3051; x_wconf 90' lang='lat' dir='ltr'><strong>rediit.</strong></span> <span class='ocrx_word' id='word_1_250' title='bbox 301 2999 374 3067; x_wconf 89' lang='lat' dir='ltr'><strong>post</strong></span> <span class='ocrx_word' id='word_1_251' title='bbox 388 2993 611 3067; x_wconf 84' lang='lat' dir='ltr'><strong>protectionem</strong></span> <span class='ocrx_word' id='word_1_252' title='bbox 625 2993 693 3054; x_wconf 92' lang='lat' dir='ltr'><strong>eius</strong></span> <span class='ocrx_word' id='word_1_253' title='bbox 708 2994 875 3055; x_wconf 88' lang='lat' dir='ltr'><strong>Masinissa</strong></span> <span class='ocrx_word' id='word_1_254' title='bbox 890 3010 959 3054; x_wconf 90' lang='lat' dir='ltr'><strong>cum</strong></span> <span class='ocrx_word' id='word_1_255' title='bbox 975 2992 1021 3053; x_wconf 89' lang='lat' dir='ltr'><strong>Si·</strong></span> 
     </span>
     <span class='ocr_line' id='line_1_34' title="bbox 32 3077 1022 3154; baseline -0.003 -16"><span class='ocrx_word' id='word_1_256' title='bbox 32 3082 106 3141; x_wconf 90' lang='lat' dir='ltr'><strong>lano</strong></span> <span class='ocrx_word' id='word_1_257' title='bbox 123 3080 201 3140; x_wconf 87' lang='lat' dir='ltr'><strong>clam</strong></span> <span class='ocrx_word' id='word_1_258' title='bbox 218 3091 414 3152; x_wconf 86' lang='lat' dir='ltr'><strong>congressus,</strong></span> <span class='ocrx_word' id='word_1_259' title='bbox 429 3082 463 3137; x_wconf 92' lang='lat' dir='ltr'><strong>ut</strong></span> <span class='ocrx_word' id='word_1_260' title='bbox 477 3078 517 3138; x_wconf 91' lang='lat' dir='ltr'><strong>ad</strong></span> <span class='ocrx_word' id='word_1_261' title='bbox 531 3094 614 3140; x_wconf 88' lang='lat' dir='ltr'><strong>nova</strong></span> <span class='ocrx_word' id='word_1_262' title='bbox 624 3077 752 3141; x_wconf 91' lang='lat' dir='ltr'><strong>consilia</strong></span> <span class='ocrx_word' id='word_1_263' title='bbox 763 3086 885 3154; x_wconf 88' lang='lat' dir='ltr'><strong>gentem</strong></span> <span class='ocrx_word' id='word_1_264' title='bbox 897 3091 1022 3153; x_wconf 91' lang='lat' dir='ltr'><strong>quoque</strong></span> 
     </span>
     <span class='ocr_line' id='line_1_35' title="bbox 32 3159 1021 3238; baseline -0.007 -14"><span class='ocrx_word' id='word_1_265' title='bbox 32 3181 126 3224; x_wconf 88' lang='lat' dir='ltr'><strong>suam</strong></span> <span class='ocrx_word' id='word_1_266' title='bbox 151 3159 347 3224; x_wconf 83' lang='lat' dir='ltr'><strong>obedientem</strong></span> <span class='ocrx_word' id='word_1_267' title='bbox 370 3160 512 3236; x_wconf 88' lang='lat' dir='ltr'><strong>haberet,</strong></span> <span class='ocrx_word' id='word_1_268' title='bbox 539 3160 608 3224; x_wconf 90' lang='lat' dir='ltr'><strong>eum</strong></span> <span class='ocrx_word' id='word_1_269' title='bbox 634 3162 742 3238; x_wconf 91' lang='lat' dir='ltr'><strong>paucis</strong></span> <span class='ocrx_word' id='word_1_270' title='bbox 769 3159 969 3238; x_wconf 89' lang='lat' dir='ltr'><strong>popularibus</strong></span> <span class='ocrx_word' id='word_1_271' title='bbox 990 3159 1021 3218; x_wconf 91' lang='lat' dir='ltr'><strong>in</strong></span> 
     </span>
     <span class='ocr_line' id='line_1_36' title="bbox 32 3243 1022 3322; baseline -0.006 -14"><span class='ocrx_word' id='word_1_272' title='bbox 32 3248 172 3308; x_wconf 79' lang='lat' dir='ltr'><strong>Africam</strong></span> <span class='ocrx_word' id='word_1_273' title='bbox 200 3243 333 3322; x_wconf 88' lang='lat' dir='ltr'><strong>traiecit,</strong></span> <span class='ocrx_word' id='word_1_274' title='bbox 359 3261 421 3308; x_wconf 89' lang='lat' dir='ltr'><strong>non</strong></span> <span class='ocrx_word' id='word_1_275' title='bbox 445 3251 505 3306; x_wconf 91' lang='lat' dir='ltr'><strong>tam</strong></span> <span class='ocrx_word' id='word_1_276' title='bbox 531 3246 664 3308; x_wconf 89' lang='lat' dir='ltr'><strong>evidenti</strong></span> <span class='ocrx_word' id='word_1_277' title='bbox 685 3261 723 3307; x_wconf 93' lang='lat' dir='ltr'><strong>eo</strong></span> <span class='ocrx_word' id='word_1_278' title='bbox 744 3252 882 3322; x_wconf 80' lang='lat' dir='ltr'><strong>temporo</strong></span> <span class='ocrx_word' id='word_1_279' title='bbox 902 3244 1022 3304; x_wconf 87' lang='lat' dir='ltr'><strong>subitae</strong></span> 
     </span>
     <span class='ocr_line' id='line_1_37' title="bbox 34 3330 1021 3406; baseline -0.007 -14"><span class='ocrx_word' id='word_1_280' title='bbox 34 3331 213 3394; x_wconf 89' lang='lat' dir='ltr'><strong>mutationis</strong></span> <span class='ocrx_word' id='word_1_281' title='bbox 235 3345 346 3406; x_wconf 87' lang='lat' dir='ltr'><strong>causa,</strong></span> <span class='ocrx_word' id='word_1_282' title='bbox 368 3346 461 3405; x_wconf 89' lang='lat' dir='ltr'><strong>quam</strong></span> <span class='ocrx_word' id='word_1_283' title='bbox 480 3330 662 3393; x_wconf 87' lang='lat' dir='ltr'><strong>documento</strong></span> <span class='ocrx_word' id='word_1_284' title='bbox 680 3335 754 3406; x_wconf 89' lang='lat' dir='ltr'><strong>post</strong></span> <span class='ocrx_word' id='word_1_285' title='bbox 766 3330 797 3390; x_wconf 88' lang='lat' dir='ltr'><strong>id</strong></span> <span class='ocrx_word' id='word_1_286' title='bbox 811 3337 932 3405; x_wconf 88' lang='lat' dir='ltr'><strong>tempus</strong></span> <span class='ocrx_word' id='word_1_287' title='bbox 949 3343 1021 3388; x_wconf 93' lang='lat' dir='ltr'><strong>con-</strong></span> 
     </span>
     <span class='ocr_line' id='line_1_38' title="bbox 35 3409 1020 3489; baseline -0.009 -10"><span class='ocrx_word' id='word_1_288' title='bbox 35 3417 245 3479; x_wconf 87' lang='lat' dir='ltr'><strong>stantissimae</strong></span> <span class='ocrx_word' id='word_1_289' title='bbox 264 3414 306 3476; x_wconf 90' lang='lat' dir='ltr'><strong>ad</strong></span> <span class='ocrx_word' id='word_1_290' title='bbox 326 3414 461 3476; x_wconf 90' lang='lat' dir='ltr'><strong>ultimam</strong></span> <span class='ocrx_word' id='word_1_291' title='bbox 481 3421 636 3477; x_wconf 89' lang='lat' dir='ltr'><strong>senectam</strong></span> <span class='ocrx_word' id='word_1_292' title='bbox 657 3413 745 3489; x_wconf 86' lang='lat' dir='ltr'><strong>fidei,</strong></span> <span class='ocrx_word' id='word_1_293' title='bbox 766 3429 805 3476; x_wconf 92' lang='lat' dir='ltr'><strong>ne</strong></span> <span class='ocrx_word' id='word_1_294' title='bbox 818 3419 882 3472; x_wconf 92' lang='lat' dir='ltr'><strong>tum</strong></span> <span class='ocrx_word' id='word_1_295' title='bbox 898 3409 1020 3488; x_wconf 89' lang='lat' dir='ltr'><strong>quidem</strong></span> 
     </span>
     <span class='ocr_line' id='line_1_39' title="bbox 34 3493 1018 3577; baseline -0.007 -16"><span class='ocrx_word' id='word_1_296' title='bbox 34 3517 107 3564; x_wconf 90' lang='lat' dir='ltr'><strong>eum</strong></span> <span class='ocrx_word' id='word_1_297' title='bbox 122 3501 190 3564; x_wconf 87' lang='lat' dir='ltr'><strong>sina</strong></span> <span class='ocrx_word' id='word_1_298' title='bbox 205 3497 358 3577; x_wconf 89' lang='lat' dir='ltr'><strong>probabili</strong></span> <span class='ocrx_word' id='word_1_299' title='bbox 373 3515 468 3561; x_wconf 90' lang='lat' dir='ltr'><strong>eausa</strong></span> <span class='ocrx_word' id='word_1_300' title='bbox 483 3500 606 3562; x_wconf 83' lang='lat' dir='ltr'><strong>iecisse.</strong></span> <span class='ocrx_word' id='word_1_301' title='bbox 635 3498 726 3574; x_wconf 89' lang='lat' dir='ltr'><strong>llllago</strong></span> <span class='ocrx_word' id='word_1_302' title='bbox 740 3497 813 3558; x_wconf 90' lang='lat' dir='ltr'><strong>inde</strong></span> <span class='ocrx_word' id='word_1_303' title='bbox 826 3494 965 3556; x_wconf 85' lang='lat' dir='ltr'><strong>remissis</strong></span> <span class='ocrx_word' id='word_1_304' title='bbox 979 3493 1018 3554; x_wconf 88' lang='lat' dir='ltr'><strong>ab</strong></span> 
     </span>
    </p>
   </div>
   <div class='ocr_carea' id='block_1_3' title="bbox 0 0 1228 3902">
    <p class='ocr_par' dir='ltr' id='par_1_4' title="bbox 0 0 1228 3902">
     <span class='ocr_line' id='line_1_40' title="bbox 0 0 1228 3902; baseline 0 0"><span class='ocrx_word' id='word_1_305' title='bbox 0 0 1228 3902; x_wconf 95' lang='lat' dir='ltr'><strong> </strong></span> 
     </span>
    </p>
   </div>
  </div>
 </body>
</html>
