<?xml version="1.0" encoding="UTF-8"?>
<!DOCTYPE html PUBLIC "-//W3C//DTD XHTML 1.0 Transitional//EN"
    "http://www.w3.org/TR/xhtml1/DTD/xhtml1-transitional.dtd">
<html xmlns="http://www.w3.org/1999/xhtml" xml:lang="en" lang="en">
 <head>
  <title>
</title>
<meta http-equiv="Content-Type" content="text/html;charset=utf-8" />
  <meta name='ocr-system' content='tesseract 3.04.00' />
  <meta name='ocr-capabilities' content='ocr_page ocr_carea ocr_par ocr_line ocrx_word'/>
</head>
<body>
  <div class='ocr_page' id='page_1' title='image "./titiliviaburbec09livygoog_0189.png"; bbox 0 0 2428 3892; ppageno 0'>
   <div class='ocr_carea' id='block_1_1' title="bbox 166 217 980 296">
    <p class='ocr_par' dir='ltr' id='par_1_1' title="bbox 166 217 980 296">
     <span class='ocr_line' id='line_1_1' title="bbox 166 217 980 296; baseline 0.004 -15"><span class='ocrx_word' id='word_1_1' title='bbox 166 217 226 282; x_wconf 80' lang='lat'><strong>164</strong></span> <span class='ocrx_word' id='word_1_2' title='bbox 321 219 436 280; x_wconf 83' lang='lat' dir='ltr'>LIBER</span> <span class='ocrx_word' id='word_1_3' title='bbox 450 220 570 282; x_wconf 80' lang='lat' dir='ltr'><strong>xxvii.</strong></span> <span class='ocrx_word' id='word_1_4' title='bbox 592 221 676 282; x_wconf 79' lang='lat' dir='ltr'><strong>CAP.</strong></span> <span class='ocrx_word' id='word_1_5' title='bbox 690 229 717 282; x_wconf 79' lang='grc'><strong>4.</strong></span> <span class='ocrx_word' id='word_1_6' title='bbox 732 231 759 284; x_wconf 83' lang='grc'><strong>5.</strong></span> <span class='ocrx_word' id='word_1_7' title='bbox 781 227 818 296; x_wconf 80' lang='lat' dir='ltr'><strong>[a.</strong></span> <span class='ocrx_word' id='word_1_8' title='bbox 832 227 867 280; x_wconf 87' lang='lat' dir='ltr'><strong>U.</strong></span> <span class='ocrx_word' id='word_1_9' title='bbox 879 245 904 280; x_wconf 87' lang='lat' dir='ltr'><strong>e.</strong></span> <span class='ocrx_word' id='word_1_10' title='bbox 914 229 980 295; x_wconf 72' lang='lat'>642]</span> 
     </span>
    </p>
   </div>
   <div class='ocr_carea' id='block_1_2' title="bbox 162 371 1205 3396">
    <p class='ocr_par' dir='ltr' id='par_1_2' title="bbox 163 371 1205 952">
     <span class='ocr_line' id='line_1_2' title="bbox 164 371 1145 450; baseline 0.005 -17"><span class='ocrx_word' id='word_1_11' title='bbox 164 373 290 434; x_wconf 81' lang='lat' dir='ltr'><strong>fecisset</strong></span> <span class='ocrx_word' id='word_1_12' title='bbox 308 380 529 448; x_wconf 81' lang='lat' dir='ltr'><strong>memorantes,</strong></span> <span class='ocrx_word' id='word_1_13' title='bbox 550 389 654 448; x_wconf 79' lang='lat' dir='ltr'><strong>regern</strong></span> <span class='ocrx_word' id='word_1_14' title='bbox 667 389 725 434; x_wconf 91' lang='lat' dir='ltr'><strong>nec</strong></span> <span class='ocrx_word' id='word_1_15' title='bbox 745 371 944 436; x_wconf 81' lang='lat' dir='ltr'><strong>inimiciorem</strong></span> <span class='ocrx_word' id='word_1_16' title='bbox 956 373 1010 436; x_wconf 91' lang='lat' dir='ltr'><strong>ulli</strong></span> <span class='ocrx_word' id='word_1_17' title='bbox 1026 377 1145 450; x_wconf 91' lang='lat' dir='ltr'><strong>populo</strong></span> 
     </span>
     <span class='ocr_line' id='line_1_3' title="bbox 164 456 1148 534; baseline -0.001 -15"><span class='ocrx_word' id='word_1_18' title='bbox 164 473 256 534; x_wconf 83' lang='lat' dir='ltr'><strong>quam</strong></span> <span class='ocrx_word' id='word_1_19' title='bbox 272 456 512 533; x_wconf 80' lang='lat' dir='ltr'><strong>carthaginiensi</strong></span> <span class='ocrx_word' id='word_1_20' title='bbox 532 472 590 517; x_wconf 92' lang='lat' dir='ltr'><strong>nec</strong></span> <span class='ocrx_word' id='word_1_21' title='bbox 610 456 785 519; x_wconf 75' lang='lat' dir='ltr'><strong>amiciorem</strong></span> <span class='ocrx_word' id='word_1_22' title='bbox 806 473 898 532; x_wconf 90' lang='lat' dir='ltr'><strong>quam</strong></span> <span class='ocrx_word' id='word_1_23' title='bbox 910 459 1051 520; x_wconf 88' lang='lat' dir='ltr'><strong>Romano</strong></span> <span class='ocrx_word' id='word_1_24' title='bbox 1073 474 1148 520; x_wconf 86' lang='lat' dir='ltr'><strong>esse</strong></span> 
     </span>
     <span class='ocr_line' id='line_1_4' title="bbox 163 539 1144 618; baseline 0.001 -17"><span class='ocrx_word' id='word_1_25' title='bbox 163 539 374 603; x_wconf 86' lang='lat' dir='ltr'><strong>adlinnabant.</strong></span> <span class='ocrx_word' id='word_1_26' title='bbox 405 539 528 602; x_wconf 84' lang='lat' dir='ltr'><strong>misisse</strong></span> <span class='ocrx_word' id='word_1_27' title='bbox 542 556 611 600; x_wconf 88' lang='lat' dir='ltr'><strong>curn</strong></span> <span class='ocrx_word' id='word_1_28' title='bbox 625 548 716 603; x_wconf 88' lang='lat' dir='ltr'><strong>antea</strong></span> <span class='ocrx_word' id='word_1_29' title='bbox 728 542 847 617; x_wconf 74' lang='lat' dir='ltr'><strong>legatos</strong></span> <span class='ocrx_word' id='word_1_30' title='bbox 863 541 893 602; x_wconf 92' lang='lat' dir='ltr'><strong>in</strong></span> <span class='ocrx_word' id='word_1_31' title='bbox 907 541 1091 618; x_wconf 79' lang='lat' dir='ltr'><strong>Hispaniam</strong></span> <span class='ocrx_word' id='word_1_32' title='bbox 1104 543 1144 602; x_wconf 90' lang='lat' dir='ltr'><strong>ad</strong></span> 
     </span>
     <span class='ocr_line' id='line_1_5' title="bbox 165 623 1147 702; baseline 0.002 -17"><span class='ocrx_word' id='word_1_33' title='bbox 165 625 217 685; x_wconf 87' lang='lat' dir='ltr'><strong>cn.</strong></span> <span class='ocrx_word' id='word_1_34' title='bbox 240 630 270 685; x_wconf 91' lang='lat' dir='ltr'><strong>et</strong></span> <span class='ocrx_word' id='word_1_35' title='bbox 283 624 315 684; x_wconf 90' lang='lat' dir='ltr'><strong>P.</strong></span> <span class='ocrx_word' id='word_1_36' title='bbox 332 624 489 686; x_wconf 85' lang='lat' dir='ltr'><strong>camellos</strong></span> <span class='ocrx_word' id='word_1_37' title='bbox 510 623 711 702; x_wconf 88' lang='lat' dir='ltr'><strong>imperatores</strong></span> <span class='ocrx_word' id='word_1_38' title='bbox 727 625 900 696; x_wconf 65' lang='lat' dir='ltr'><strong>Romanam</strong></span> <span class='ocrx_word' id='word_1_39' title='bbox 921 641 1003 688; x_wconf 92' lang='lat' dir='ltr'><strong>nunc</strong></span> <span class='ocrx_word' id='word_1_40' title='bbox 1017 625 1058 685; x_wconf 88' lang='lat' dir='ltr'><strong>ab</strong></span> <span class='ocrx_word' id='word_1_41' title='bbox 1074 626 1147 702; x_wconf 91' lang='lat' dir='ltr'><strong>ipso</strong></span> 
     </span>
     <span class='ocr_line' id='line_1_6' title="bbox 164 708 1147 784; baseline 0.002 -16"><span class='ocrx_word' id='word_1_42' title='bbox 164 709 247 770; x_wconf 88' lang='lat' dir='ltr'><strong>velut</strong></span> <span class='ocrx_word' id='word_1_43' title='bbox 262 709 345 769; x_wconf 88' lang='lat' dir='ltr'><strong>lonte</strong></span> <span class='ocrx_word' id='word_1_44' title='bbox 360 714 465 784; x_wconf 91' lang='lat' dir='ltr'><strong>petere</strong></span> <span class='ocrx_word' id='word_1_45' title='bbox 478 709 647 770; x_wconf 85' lang='lat' dir='ltr'><strong>Romanam</strong></span> <span class='ocrx_word' id='word_1_46' title='bbox 661 708 823 769; x_wconf 80' lang='lat' dir='ltr'><strong>amicitiam</strong></span> <span class='ocrx_word' id='word_1_47' title='bbox 837 709 984 771; x_wconf 88' lang='lat' dir='ltr'><strong>voluisse.</strong></span> <span class='ocrx_word' id='word_1_48' title='bbox 1017 716 1147 771; x_wconf 88' lang='lat' dir='ltr'><strong>senatus</strong></span> 
     </span>
     <span class='ocr_line' id='line_1_7' title="bbox 164 792 1205 870; baseline 0.001 -18"><span class='ocrx_word' id='word_1_49' title='bbox 164 809 225 855; x_wconf 92' lang='lat' dir='ltr'><strong>non</strong></span> <span class='ocrx_word' id='word_1_50' title='bbox 246 793 354 868; x_wconf 85' lang='lat' dir='ltr'><strong>legatis</strong></span> <span class='ocrx_word' id='word_1_51' title='bbox 368 792 461 854; x_wconf 92' lang='lat' dir='ltr'><strong>modo</strong></span> <span class='ocrx_word' id='word_1_52' title='bbox 476 793 608 870; x_wconf 79' lang='lat' dir='ltr'><strong>benigne</strong></span> <span class='ocrx_word' id='word_1_53' title='bbox 621 793 797 868; x_wconf 90' lang='lat' dir='ltr'><strong>respondit,</strong></span> <span class='ocrx_word' id='word_1_54' title='bbox 820 793 923 854; x_wconf 84' lang='lat' dir='ltr'><strong>sedet</strong></span> <span class='ocrx_word' id='word_1_55' title='bbox 940 794 1009 869; x_wconf 86' lang='lat' dir='ltr'><strong>ipse</strong></span> <span class='ocrx_word' id='word_1_56' title='bbox 1024 794 1147 868; x_wconf 77' lang='lat' dir='ltr'><strong>legatos</strong></span> <span class='ocrx_word' id='word_1_57' title='bbox 1200 795 1205 810; x_wconf 89' lang='lat'>&#39;</span> 
     </span>
     <span class='ocr_line' id='line_1_8' title="bbox 164 875 1148 952; baseline -0.001 -15"><span class='ocrx_word' id='word_1_58' title='bbox 164 893 234 938; x_wconf 89' lang='lat' dir='ltr'><strong>cum</strong></span> <span class='ocrx_word' id='word_1_59' title='bbox 255 877 346 938; x_wconf 91' lang='lat' dir='ltr'><strong>donis</strong></span> <span class='ocrx_word' id='word_1_60' title='bbox 374 876 414 936; x_wconf 90' lang='lat' dir='ltr'><strong>ad</strong></span> <span class='ocrx_word' id='word_1_61' title='bbox 434 892 539 952; x_wconf 81' lang='lat' dir='ltr'><strong>regam</strong></span> <span class='ocrx_word' id='word_1_62' title='bbox 559 877 655 952; x_wconf 88' lang='lat' dir='ltr'><strong>misit,</strong></span> <span class='ocrx_word' id='word_1_63' title='bbox 683 877 716 936; x_wconf 90' lang='lat' dir='ltr'><strong>L.</strong></span> <span class='ocrx_word' id='word_1_64' title='bbox 739 877 905 939; x_wconf 86' lang='lat' dir='ltr'><strong>Genucium</strong></span> <span class='ocrx_word' id='word_1_65' title='bbox 925 877 956 937; x_wconf 90' lang='lat' dir='ltr'><strong>P.</strong></span> <span class='ocrx_word' id='word_1_66' title='bbox 976 875 1148 938; x_wconf 81' lang='lat' dir='ltr'><strong>Poetelium</strong></span> 
     </span>
    </p>

    <p class='ocr_par' dir='ltr' id='par_1_3' title="bbox 163 959 1205 1708">
     <span class='ocr_line' id='line_1_9' title="bbox 163 959 1148 1037; baseline 0.003 -18"><span class='ocrx_word' id='word_1_67' title='bbox 163 959 195 1019; x_wconf 80' lang='grc' dir='ltr'><strong>Ρ.</strong></span> <span class='ocrx_word' id='word_1_68' title='bbox 210 959 380 1036; x_wconf 88' lang='lat' dir='ltr'><strong>Popillium.</strong></span> <span class='ocrx_word' id='word_1_69' title='bbox 413 960 495 1021; x_wconf 88' lang='lat' dir='ltr'><strong>dona</strong></span> <span class='ocrx_word' id='word_1_70' title='bbox 516 961 611 1022; x_wconf 92' lang='lat' dir='ltr'><strong>tulere</strong></span> <span class='ocrx_word' id='word_1_71' title='bbox 631 967 734 1036; x_wconf 82' lang='lat' dir='ltr'><strong>togam</strong></span> <span class='ocrx_word' id='word_1_72' title='bbox 754 969 785 1022; x_wconf 90' lang='lat' dir='ltr'><strong>et</strong></span> <span class='ocrx_word' id='word_1_73' title='bbox 802 961 936 1022; x_wconf 91' lang='lat' dir='ltr'><strong>tunicam</strong></span> <span class='ocrx_word' id='word_1_74' title='bbox 949 976 1148 1037; x_wconf 86' lang='lat' dir='ltr'><strong>purpuream,</strong></span> 
     </span>
     <span class='ocr_line' id='line_1_10' title="bbox 164 1044 1147 1121; baseline -0.001 -18"><span class='ocrx_word' id='word_1_75' title='bbox 164 1045 271 1106; x_wconf 90' lang='lat' dir='ltr'><strong>sellam</strong></span> <span class='ocrx_word' id='word_1_76' title='bbox 285 1044 458 1120; x_wconf 89' lang='lat' dir='ltr'><strong>eburneam,</strong></span> <span class='ocrx_word' id='word_1_77' title='bbox 473 1052 609 1120; x_wconf 90' lang='lat' dir='ltr'><strong>pateram</strong></span> <span class='ocrx_word' id='word_1_78' title='bbox 624 1060 665 1106; x_wconf 91' lang='lat' dir='ltr'><strong>ex</strong></span> <span class='ocrx_word' id='word_1_79' title='bbox 678 1046 813 1121; x_wconf 86' lang='lat' dir='ltr'><strong>quinque</strong></span> <span class='ocrx_word' id='word_1_80' title='bbox 824 1047 928 1120; x_wconf 91' lang='lat' dir='ltr'><strong>pondo</strong></span> <span class='ocrx_word' id='word_1_81' title='bbox 942 1045 1008 1104; x_wconf 90' lang='lat' dir='ltr'><strong>auri</strong></span> <span class='ocrx_word' id='word_1_82' title='bbox 1024 1046 1147 1106; x_wconf 84' lang='lat' dir='ltr'><strong>luctam.</strong></span> 
     </span>
     <span class='ocr_line' id='line_1_11' title="bbox 164 1127 1149 1205; baseline 0.003 -20"><span class='ocrx_word' id='word_1_83' title='bbox 164 1128 303 1203; x_wconf 89' lang='lat' dir='ltr'><strong>protinus</strong></span> <span class='ocrx_word' id='word_1_84' title='bbox 323 1135 354 1188; x_wconf 90' lang='lat' dir='ltr'><strong>et</strong></span> <span class='ocrx_word' id='word_1_85' title='bbox 368 1127 445 1189; x_wconf 91' lang='lat' dir='ltr'><strong>alios</strong></span> <span class='ocrx_word' id='word_1_86' title='bbox 460 1127 584 1189; x_wconf 81' lang='lat' dir='ltr'><strong>Africae</strong></span> <span class='ocrx_word' id='word_1_87' title='bbox 603 1131 727 1204; x_wconf 81' lang='lat' dir='ltr'><strong>regulos</strong></span> <span class='ocrx_word' id='word_1_88' title='bbox 748 1130 823 1190; x_wconf 84' lang='lat' dir='ltr'><strong>iussi</strong></span> <span class='ocrx_word' id='word_1_89' title='bbox 838 1130 933 1190; x_wconf 90' lang='lat' dir='ltr'><strong>adire.</strong></span> <span class='ocrx_word' id='word_1_90' title='bbox 965 1129 1003 1188; x_wconf 89' lang='lat' dir='ltr'><strong>iis</strong></span> <span class='ocrx_word' id='word_1_91' title='bbox 1017 1143 1149 1205; x_wconf 80' lang='lat' dir='ltr'><strong>quoque</strong></span> 
     </span>
     <span class='ocr_line' id='line_1_12' title="bbox 165 1213 1148 1288; baseline 0 -16"><span class='ocrx_word' id='word_1_92' title='bbox 165 1228 243 1286; x_wconf 87' lang='lat' dir='ltr'><strong>quae</strong></span> <span class='ocrx_word' id='word_1_93' title='bbox 264 1213 409 1272; x_wconf 89' lang='lat' dir='ltr'><strong>darentur</strong></span> <span class='ocrx_word' id='word_1_94' title='bbox 429 1219 564 1288; x_wconf 87' lang='lat' dir='ltr'><strong>portata,</strong></span> <span class='ocrx_word' id='word_1_95' title='bbox 587 1220 677 1287; x_wconf 82' lang='lat' dir='ltr'><strong>togae</strong></span> <span class='ocrx_word' id='word_1_96' title='bbox 698 1218 874 1288; x_wconf 82' lang='lat' dir='ltr'><strong>praetextae</strong></span> <span class='ocrx_word' id='word_1_97' title='bbox 895 1221 926 1274; x_wconf 86' lang='lat' dir='ltr'><strong>et</strong></span> <span class='ocrx_word' id='word_1_98' title='bbox 938 1219 1025 1274; x_wconf 86' lang='lat' dir='ltr'><strong>terna</strong></span> <span class='ocrx_word' id='word_1_99' title='bbox 1037 1213 1148 1288; x_wconf 89' lang='lat' dir='ltr'><strong>pondo</strong></span> 
     </span>
     <span class='ocr_line' id='line_1_13' title="bbox 165 1295 1148 1371; baseline 0.001 -14"><span class='ocrx_word' id='word_1_100' title='bbox 165 1303 288 1371; x_wconf 90' lang='lat' dir='ltr'><strong>paterae</strong></span> <span class='ocrx_word' id='word_1_101' title='bbox 303 1311 424 1358; x_wconf 86' lang='lat' dir='ltr'><strong>aureae.</strong></span> <span class='ocrx_word' id='word_1_102' title='bbox 455 1303 485 1356; x_wconf 90' lang='lat' dir='ltr'><strong>et</strong></span> <span class='ocrx_word' id='word_1_103' title='bbox 497 1296 725 1358; x_wconf 82' lang='lat' dir='ltr'><strong>Alexandream</strong></span> <span class='ocrx_word' id='word_1_104' title='bbox 739 1297 779 1357; x_wconf 86' lang='lat' dir='ltr'><strong>ad</strong></span> <span class='ocrx_word' id='word_1_105' title='bbox 793 1296 998 1358; x_wconf 83' lang='lat' dir='ltr'><strong>Ptolemaeum</strong></span> <span class='ocrx_word' id='word_1_106' title='bbox 1012 1302 1042 1357; x_wconf 91' lang='lat' dir='ltr'><strong>et</strong></span> <span class='ocrx_word' id='word_1_107' title='bbox 1058 1295 1148 1358; x_wconf 85' lang='lat' dir='ltr'><strong>elco-</strong></span> 
     </span>
     <span class='ocr_line' id='line_1_14' title="bbox 166 1380 1147 1480; baseline 0 -40"><span class='ocrx_word' id='word_1_108' title='bbox 166 1388 282 1456; x_wconf 87' lang='lat' dir='ltr'><strong>palram</strong></span> <span class='ocrx_word' id='word_1_109' title='bbox 297 1396 386 1456; x_wconf 77' lang='lat' dir='ltr'><strong>reges</strong></span> <span class='ocrx_word' id='word_1_110' title='bbox 401 1380 440 1441; x_wconf 88' lang='grc' dir='ltr'><strong>Μ.</strong></span> <span class='ocrx_word' id='word_1_111' title='bbox 456 1381 566 1442; x_wconf 83' lang='lat' dir='ltr'><strong>Atilius</strong></span> <span class='ocrx_word' id='word_1_112' title='bbox 580 1381 630 1442; x_wconf 92' lang='grc' dir='ltr'><strong>Μ</strong></span> <span class='ocrx_word' id='word_1_113' title='bbox 645 1380 763 1442; x_wconf 83' lang='lat' dir='ltr'><strong>Acilius</strong></span> <span class='ocrx_word' id='word_1_114' title='bbox 777 1381 882 1480; x_wconf 75' lang='lat' dir='ltr'><strong>legati,</strong></span> <span class='ocrx_word' id='word_1_115' title='bbox 904 1382 945 1442; x_wconf 90' lang='lat' dir='ltr'><strong>ad</strong></span> <span class='ocrx_word' id='word_1_116' title='bbox 959 1395 1147 1440; x_wconf 89' lang='lat' dir='ltr'><strong>commemo-</strong></span> 
     </span>
     <span class='ocr_line' id='line_1_15' title="bbox 163 1463 1146 1540; baseline 0.001 -17"><span class='ocrx_word' id='word_1_117' title='bbox 163 1465 289 1525; x_wconf 90' lang='lat' dir='ltr'><strong>randam</strong></span> <span class='ocrx_word' id='word_1_118' title='bbox 300 1465 571 1540; x_wconf 88' lang='lat' dir='ltr'><strong>renovandamque</strong></span> <span class='ocrx_word' id='word_1_119' title='bbox 582 1463 743 1525; x_wconf 77' lang='lat' dir='ltr'><strong>amicitiam</strong></span> <span class='ocrx_word' id='word_1_120' title='bbox 754 1464 850 1540; x_wconf 88' lang='lat' dir='ltr'><strong>missi,</strong></span> <span class='ocrx_word' id='word_1_121' title='bbox 865 1466 948 1527; x_wconf 86' lang='lat' dir='ltr'><strong>dona</strong></span> <span class='ocrx_word' id='word_1_122' title='bbox 958 1465 1066 1536; x_wconf 88' lang='lat' dir='ltr'><strong>tulere</strong></span> <span class='ocrx_word' id='word_1_123' title='bbox 1083 1465 1146 1540; x_wconf 84' lang='lat' dir='ltr'><strong>regi</strong></span> 
     </span>
     <span class='ocr_line' id='line_1_16' title="bbox 164 1548 1205 1626; baseline 0 -18"><span class='ocrx_word' id='word_1_124' title='bbox 164 1557 265 1624; x_wconf 81' lang='lat' dir='ltr'><strong>togam</strong></span> <span class='ocrx_word' id='word_1_125' title='bbox 279 1555 310 1609; x_wconf 93' lang='lat' dir='ltr'><strong>et</strong></span> <span class='ocrx_word' id='word_1_126' title='bbox 323 1549 456 1609; x_wconf 86' lang='lat' dir='ltr'><strong>tunicam</strong></span> <span class='ocrx_word' id='word_1_127' title='bbox 470 1563 655 1626; x_wconf 84' lang='lat' dir='ltr'><strong>purpuream</strong></span> <span class='ocrx_word' id='word_1_128' title='bbox 670 1565 739 1610; x_wconf 91' lang='lat' dir='ltr'><strong>curn</strong></span> <span class='ocrx_word' id='word_1_129' title='bbox 754 1549 831 1610; x_wconf 89' lang='lat' dir='ltr'><strong>sella</strong></span> <span class='ocrx_word' id='word_1_130' title='bbox 845 1549 995 1620; x_wconf 88' lang='lat' dir='ltr'><strong>eburnea,</strong></span> <span class='ocrx_word' id='word_1_131' title='bbox 1017 1548 1146 1623; x_wconf 82' lang='lat' dir='ltr'><strong>reginae</strong></span> <span class='ocrx_word' id='word_1_132' title='bbox 1204 1593 1205 1624; x_wconf 74' lang='lat'><strong>,</strong></span> 
     </span>
     <span class='ocr_line' id='line_1_17' title="bbox 166 1631 817 1708; baseline 0.006 -17"><span class='ocrx_word' id='word_1_133' title='bbox 166 1633 277 1708; x_wconf 91' lang='lat' dir='ltr'><strong>pallam</strong></span> <span class='ocrx_word' id='word_1_134' title='bbox 292 1631 405 1707; x_wconf 87' lang='lat' dir='ltr'><strong>pictam</strong></span> <span class='ocrx_word' id='word_1_135' title='bbox 419 1646 489 1692; x_wconf 91' lang='lat' dir='ltr'><strong>curn</strong></span> <span class='ocrx_word' id='word_1_136' title='bbox 505 1633 635 1693; x_wconf 90' lang='lat' dir='ltr'><strong>amiculo</strong></span> <span class='ocrx_word' id='word_1_137' title='bbox 651 1648 817 1708; x_wconf 84' lang='lat' dir='ltr'><strong>purpureo.</strong></span> 
     </span>
    </p>

    <p class='ocr_par' dir='ltr' id='par_1_4' title="bbox 162 1715 1204 2954">
     <span class='ocr_line' id='line_1_18' title="bbox 247 1715 1147 1792; baseline 0.001 -17"><span class='ocrx_word' id='word_1_138' title='bbox 247 1716 341 1775; x_wconf 90' lang='lat' dir='ltr'><strong>Multa</strong></span> <span class='ocrx_word' id='word_1_139' title='bbox 356 1731 393 1775; x_wconf 89' lang='lat' dir='ltr'><strong>ea</strong></span> <span class='ocrx_word' id='word_1_140' title='bbox 408 1721 533 1792; x_wconf 88' lang='lat' dir='ltr'><strong>aestate,</strong></span> <span class='ocrx_word' id='word_1_141' title='bbox 549 1733 611 1792; x_wconf 90' lang='lat' dir='ltr'><strong>qua</strong></span> <span class='ocrx_word' id='word_1_142' title='bbox 624 1715 702 1776; x_wconf 92' lang='lat' dir='ltr'><strong>haec</strong></span> <span class='ocrx_word' id='word_1_143' title='bbox 717 1718 797 1778; x_wconf 87' lang='lat' dir='ltr'><strong>laeta</strong></span> <span class='ocrx_word' id='word_1_144' title='bbox 812 1723 891 1789; x_wconf 85' lang='lat' dir='ltr'><strong>sunt,</strong></span> <span class='ocrx_word' id='word_1_145' title='bbox 906 1731 947 1776; x_wconf 90' lang='lat' dir='ltr'><strong>ex</strong></span> <span class='ocrx_word' id='word_1_146' title='bbox 960 1716 1147 1792; x_wconf 87' lang='lat' dir='ltr'><strong>propinquis</strong></span> 
     </span>
     <span class='ocr_line' id='line_1_19' title="bbox 164 1798 1147 1877; baseline 0 -17"><span class='ocrx_word' id='word_1_147' title='bbox 164 1798 290 1861; x_wconf 90' lang='lat' dir='ltr'><strong>urbibus</strong></span> <span class='ocrx_word' id='word_1_148' title='bbox 312 1798 457 1875; x_wconf 78' lang='lat' dir='ltr'><strong>agrisque</strong></span> <span class='ocrx_word' id='word_1_149' title='bbox 470 1801 606 1862; x_wconf 85' lang='lat' dir='ltr'><strong>nuntiata</strong></span> <span class='ocrx_word' id='word_1_150' title='bbox 621 1809 691 1862; x_wconf 91' lang='lat' dir='ltr'><strong>sunt</strong></span> <span class='ocrx_word' id='word_1_151' title='bbox 705 1800 859 1877; x_wconf 83' lang='lat' dir='ltr'><strong>prodigia.</strong></span> <span class='ocrx_word' id='word_1_152' title='bbox 888 1799 1011 1862; x_wconf 85' lang='lat' dir='ltr'><strong>Tusculi</strong></span> <span class='ocrx_word' id='word_1_153' title='bbox 1033 1815 1147 1875; x_wconf 79' lang='lat' dir='ltr'><strong>agnum</strong></span> 
     </span>
     <span class='ocr_line' id='line_1_20' title="bbox 164 1882 1147 1959; baseline 0 -15"><span class='ocrx_word' id='word_1_154' title='bbox 164 1899 232 1944; x_wconf 93' lang='lat' dir='ltr'><strong>cum</strong></span> <span class='ocrx_word' id='word_1_155' title='bbox 257 1882 351 1946; x_wconf 88' lang='lat' dir='ltr'><strong>ubere</strong></span> <span class='ocrx_word' id='word_1_156' title='bbox 372 1884 493 1945; x_wconf 87' lang='lat' dir='ltr'><strong>lactenti</strong></span> <span class='ocrx_word' id='word_1_157' title='bbox 519 1891 637 1959; x_wconf 87' lang='lat' dir='ltr'><strong>natum,</strong></span> <span class='ocrx_word' id='word_1_158' title='bbox 665 1885 747 1945; x_wconf 85' lang='lat' dir='ltr'><strong>lovis</strong></span> <span class='ocrx_word' id='word_1_159' title='bbox 768 1885 855 1946; x_wconf 89' lang='lat' dir='ltr'><strong>aedis</strong></span> <span class='ocrx_word' id='word_1_160' title='bbox 879 1884 998 1946; x_wconf 88' lang='lat' dir='ltr'><strong>eulmen</strong></span> <span class='ocrx_word' id='word_1_161' title='bbox 1021 1883 1147 1944; x_wconf 89' lang='lat' dir='ltr'><strong>iulmine</strong></span> 
     </span>
     <span class='ocr_line' id='line_1_21' title="bbox 164 1967 1145 2046; baseline -0.001 -18"><span class='ocrx_word' id='word_1_162' title='bbox 164 1969 254 2028; x_wconf 92' lang='lat' dir='ltr'><strong>ictum</strong></span> <span class='ocrx_word' id='word_1_163' title='bbox 269 1984 306 2028; x_wconf 91' lang='lat' dir='ltr'><strong>ac</strong></span> <span class='ocrx_word' id='word_1_164' title='bbox 320 1984 419 2046; x_wconf 88' lang='lat' dir='ltr'><strong>prope</strong></span> <span class='ocrx_word' id='word_1_165' title='bbox 432 1969 515 2029; x_wconf 91' lang='lat' dir='ltr'><strong>omni</strong></span> <span class='ocrx_word' id='word_1_166' title='bbox 529 1975 609 2030; x_wconf 89' lang='lat' dir='ltr'><strong>tecto</strong></span> <span class='ocrx_word' id='word_1_167' title='bbox 626 1970 786 2039; x_wconf 87' lang='lat' dir='ltr'><strong>nudatum;</strong></span> <span class='ocrx_word' id='word_1_168' title='bbox 807 1968 907 2030; x_wconf 90' lang='lat' dir='ltr'><strong>isdem</strong></span> <span class='ocrx_word' id='word_1_169' title='bbox 922 1968 1019 2028; x_wconf 84' lang='lat' dir='ltr'><strong>senne</strong></span> <span class='ocrx_word' id='word_1_170' title='bbox 1034 1967 1145 2028; x_wconf 89' lang='lat' dir='ltr'><strong>diebus</strong></span> 
     </span>
     <span class='ocr_line' id='line_1_22' title="bbox 162 2052 1204 2128; baseline 0 -16"><span class='ocrx_word' id='word_1_171' title='bbox 162 2053 322 2128; x_wconf 76' lang='lat' dir='ltr'><strong>Anagniae</strong></span> <span class='ocrx_word' id='word_1_172' title='bbox 336 2058 448 2114; x_wconf 90' lang='lat' dir='ltr'><strong>terram</strong></span> <span class='ocrx_word' id='word_1_173' title='bbox 462 2059 533 2114; x_wconf 87' lang='lat' dir='ltr'><strong>ante</strong></span> <span class='ocrx_word' id='word_1_174' title='bbox 548 2060 668 2128; x_wconf 90' lang='lat' dir='ltr'><strong>portam</strong></span> <span class='ocrx_word' id='word_1_175' title='bbox 689 2054 778 2114; x_wconf 86' lang='lat' dir='ltr'><strong>ictam</strong></span> <span class='ocrx_word' id='word_1_176' title='bbox 794 2052 876 2113; x_wconf 90' lang='lat' dir='ltr'><strong>diem</strong></span> <span class='ocrx_word' id='word_1_177' title='bbox 890 2067 928 2112; x_wconf 90' lang='lat' dir='ltr'><strong>ac</strong></span> <span class='ocrx_word' id='word_1_178' title='bbox 941 2058 1066 2114; x_wconf 90' lang='lat' dir='ltr'><strong>noctem</strong></span> <span class='ocrx_word' id='word_1_179' title='bbox 1082 2052 1147 2112; x_wconf 89' lang='lat' dir='ltr'><strong>siue</strong></span> <span class='ocrx_word' id='word_1_180' title='bbox 1203 2113 1204 2120; x_wconf 38' lang='lat'><strong>,</strong></span> 
     </span>
     <span class='ocr_line' id='line_1_23' title="bbox 163 2133 1204 2213; baseline -0.003 -16"><span class='ocrx_word' id='word_1_181' title='bbox 163 2138 225 2198; x_wconf 91' lang='lat' dir='ltr'><strong>ullo</strong></span> <span class='ocrx_word' id='word_1_182' title='bbox 240 2136 320 2213; x_wconf 75' lang='lat' dir='ltr'><strong>ignis</strong></span> <span class='ocrx_word' id='word_1_183' title='bbox 335 2137 478 2198; x_wconf 88' lang='lat' dir='ltr'><strong>alimento</strong></span> <span class='ocrx_word' id='word_1_184' title='bbox 494 2137 619 2211; x_wconf 81' lang='lat' dir='ltr'><strong>arsisse,</strong></span> <span class='ocrx_word' id='word_1_185' title='bbox 641 2145 672 2197; x_wconf 92' lang='lat' dir='ltr'><strong>et</strong></span> <span class='ocrx_word' id='word_1_186' title='bbox 685 2153 760 2198; x_wconf 87' lang='lat' dir='ltr'><strong>aves</strong></span> <span class='ocrx_word' id='word_1_187' title='bbox 775 2138 816 2198; x_wconf 93' lang='lat' dir='ltr'><strong>ad</strong></span> <span class='ocrx_word' id='word_1_188' title='bbox 831 2135 996 2212; x_wconf 86' lang='lat' dir='ltr'><strong>compitum</strong></span> <span class='ocrx_word' id='word_1_189' title='bbox 1010 2136 1147 2211; x_wconf 79' lang='lat' dir='ltr'><strong>Anagni-</strong></span> <span class='ocrx_word' id='word_1_190' title='bbox 1203 2133 1204 2140; x_wconf 77' lang='grc'>’</span> 
     </span>
     <span class='ocr_line' id='line_1_24' title="bbox 163 2219 1147 2296; baseline -0.001 -15"><span class='ocrx_word' id='word_1_191' title='bbox 163 2237 234 2282; x_wconf 89' lang='lat' dir='ltr'><strong>num</strong></span> <span class='ocrx_word' id='word_1_192' title='bbox 249 2221 279 2281; x_wconf 93' lang='lat' dir='ltr'><strong>in</strong></span> <span class='ocrx_word' id='word_1_193' title='bbox 294 2223 364 2282; x_wconf 89' lang='lat' dir='ltr'><strong>luco</strong></span> <span class='ocrx_word' id='word_1_194' title='bbox 380 2221 497 2282; x_wconf 88' lang='lat' dir='ltr'><strong>Dianae</strong></span> <span class='ocrx_word' id='word_1_195' title='bbox 511 2221 602 2282; x_wconf 91' lang='lat' dir='ltr'><strong>nidos</strong></span> <span class='ocrx_word' id='word_1_196' title='bbox 616 2221 647 2281; x_wconf 95' lang='lat' dir='ltr'><strong>in</strong></span> <span class='ocrx_word' id='word_1_197' title='bbox 662 2220 822 2282; x_wconf 87' lang='lat' dir='ltr'><strong>arboribus</strong></span> <span class='ocrx_word' id='word_1_198' title='bbox 836 2219 1020 2296; x_wconf 83' lang='lat' dir='ltr'><strong>reliquisso;</strong></span> <span class='ocrx_word' id='word_1_199' title='bbox 1042 2220 1147 2280; x_wconf 87' lang='lat' dir='ltr'><strong>Tarra-</strong></span> 
     </span>
     <span class='ocr_line' id='line_1_25' title="bbox 164 2303 1147 2382; baseline -0.003 -18"><span class='ocrx_word' id='word_1_200' title='bbox 164 2306 252 2367; x_wconf 88' lang='lat' dir='ltr'><strong>cinae</strong></span> <span class='ocrx_word' id='word_1_201' title='bbox 267 2305 296 2365; x_wconf 96' lang='lat' dir='ltr'><strong>in</strong></span> <span class='ocrx_word' id='word_1_202' title='bbox 311 2305 388 2366; x_wconf 93' lang='lat' dir='ltr'><strong>mari</strong></span> <span class='ocrx_word' id='word_1_203' title='bbox 403 2304 485 2366; x_wconf 88' lang='lat' dir='ltr'><strong>haud</strong></span> <span class='ocrx_word' id='word_1_204' title='bbox 501 2305 610 2382; x_wconf 88' lang='lat' dir='ltr'><strong>procul</strong></span> <span class='ocrx_word' id='word_1_205' title='bbox 624 2310 716 2381; x_wconf 89' lang='lat' dir='ltr'><strong>portu</strong></span> <span class='ocrx_word' id='word_1_206' title='bbox 729 2320 845 2382; x_wconf 75' lang='lat' dir='ltr'><strong>angues</strong></span> <span class='ocrx_word' id='word_1_207' title='bbox 861 2303 1082 2380; x_wconf 78' lang='lat' dir='ltr'><strong>magnitudinis</strong></span> <span class='ocrx_word' id='word_1_208' title='bbox 1096 2303 1147 2362; x_wconf 90' lang='lat' dir='ltr'><strong>mi·</strong></span> 
     </span>
     <span class='ocr_line' id='line_1_26' title="bbox 163 2387 1147 2466; baseline -0.004 -16"><span class='ocrx_word' id='word_1_209' title='bbox 163 2405 217 2450; x_wconf 84' lang='lat' dir='ltr'><strong>rae</strong></span> <span class='ocrx_word' id='word_1_210' title='bbox 240 2389 464 2450; x_wconf 90' lang='lat' dir='ltr'><strong>lascivientium</strong></span> <span class='ocrx_word' id='word_1_211' title='bbox 488 2389 619 2466; x_wconf 89' lang='lat' dir='ltr'><strong>piscium</strong></span> <span class='ocrx_word' id='word_1_212' title='bbox 642 2389 736 2450; x_wconf 92' lang='lat' dir='ltr'><strong>modo</strong></span> <span class='ocrx_word' id='word_1_213' title='bbox 761 2391 950 2459; x_wconf 78' lang='lat' dir='ltr'><strong>exsultasse3</strong></span> <span class='ocrx_word' id='word_1_214' title='bbox 975 2387 1147 2464; x_wconf 86' lang='lat' dir='ltr'><strong>Tarquiniis</strong></span> 
     </span>
     <span class='ocr_line' id='line_1_27' title="bbox 164 2470 1147 2550; baseline -0.005 -15"><span class='ocrx_word' id='word_1_215' title='bbox 164 2489 292 2550; x_wconf 91' lang='lat' dir='ltr'><strong>porcum</strong></span> <span class='ocrx_word' id='word_1_216' title='bbox 306 2489 375 2534; x_wconf 91' lang='lat' dir='ltr'><strong>cum</strong></span> <span class='ocrx_word' id='word_1_217' title='bbox 390 2488 444 2536; x_wconf 87' lang='lat' dir='ltr'><strong>ore</strong></span> <span class='ocrx_word' id='word_1_218' title='bbox 457 2473 591 2535; x_wconf 89' lang='lat' dir='ltr'><strong>humano</strong></span> <span class='ocrx_word' id='word_1_219' title='bbox 606 2475 748 2549; x_wconf 80' lang='lat' dir='ltr'><strong>genitum,</strong></span> <span class='ocrx_word' id='word_1_220' title='bbox 764 2473 837 2534; x_wconf 91' lang='lat' dir='ltr'><strong>etin</strong></span> <span class='ocrx_word' id='word_1_221' title='bbox 851 2487 928 2548; x_wconf 80' lang='lat' dir='ltr'><strong>agro</strong></span> <span class='ocrx_word' id='word_1_222' title='bbox 940 2471 1098 2547; x_wconf 82' lang='lat' dir='ltr'><strong>Capenate</strong></span> <span class='ocrx_word' id='word_1_223' title='bbox 1112 2470 1147 2532; x_wconf 92' lang='lat' dir='ltr'><strong>ad</strong></span> 
     </span>
     <span class='ocr_line' id='line_1_28' title="bbox 164 2555 1147 2633; baseline -0.004 -17"><span class='ocrx_word' id='word_1_224' title='bbox 164 2558 266 2618; x_wconf 91' lang='lat' dir='ltr'><strong>lucum</strong></span> <span class='ocrx_word' id='word_1_225' title='bbox 286 2556 436 2619; x_wconf 84' lang='lat' dir='ltr'><strong>Feroniae</strong></span> <span class='ocrx_word' id='word_1_226' title='bbox 457 2565 601 2633; x_wconf 89' lang='lat' dir='ltr'><strong>quattuor</strong></span> <span class='ocrx_word' id='word_1_227' title='bbox 620 2558 709 2633; x_wconf 84' lang='lat' dir='ltr'><strong>signa</strong></span> <span class='ocrx_word' id='word_1_228' title='bbox 728 2557 878 2631; x_wconf 83' lang='lat' dir='ltr'><strong>sanguine</strong></span> <span class='ocrx_word' id='word_1_229' title='bbox 898 2555 991 2618; x_wconf 89' lang='lat' dir='ltr'><strong>multo</strong></span> <span class='ocrx_word' id='word_1_230' title='bbox 1009 2556 1091 2617; x_wconf 90' lang='lat' dir='ltr'><strong>diem</strong></span> <span class='ocrx_word' id='word_1_231' title='bbox 1112 2569 1147 2614; x_wconf 88' lang='lat' dir='ltr'><strong>ae</strong></span> 
     </span>
     <span class='ocr_line' id='line_1_29' title="bbox 163 2639 1147 2718; baseline -0.003 -17"><span class='ocrx_word' id='word_1_232' title='bbox 163 2649 285 2701; x_wconf 92' lang='lat' dir='ltr'><strong>noctem</strong></span> <span class='ocrx_word' id='word_1_233' title='bbox 301 2640 442 2700; x_wconf 90' lang='lat' dir='ltr'><strong>sudasse.</strong></span> <span class='ocrx_word' id='word_1_234' title='bbox 474 2640 552 2702; x_wconf 90' lang='lat' dir='ltr'><strong>haec</strong></span> <span class='ocrx_word' id='word_1_235' title='bbox 566 2641 708 2718; x_wconf 84' lang='lat' dir='ltr'><strong>prodigia</strong></span> <span class='ocrx_word' id='word_1_236' title='bbox 721 2640 832 2703; x_wconf 88' lang='lat' dir='ltr'><strong>hostiis</strong></span> <span class='ocrx_word' id='word_1_237' title='bbox 846 2639 1015 2702; x_wconf 85' lang='lat' dir='ltr'><strong>maioribus</strong></span> <span class='ocrx_word' id='word_1_238' title='bbox 1038 2653 1147 2715; x_wconf 90' lang='lat' dir='ltr'><strong>procu·</strong></span> 
     </span>
     <span class='ocr_line' id='line_1_30' title="bbox 164 2721 1203 2804; baseline -0.004 -20"><span class='ocrx_word' id='word_1_239' title='bbox 164 2733 230 2785; x_wconf 89' lang='lat' dir='ltr'><strong>rata</strong></span> <span class='ocrx_word' id='word_1_240' title='bbox 250 2724 374 2785; x_wconf 89' lang='lat' dir='ltr'><strong>decreto</strong></span> <span class='ocrx_word' id='word_1_241' title='bbox 395 2723 589 2799; x_wconf 63' lang='lat' dir='ltr'><strong>pontificum</strong></span> <span class='ocrx_word' id='word_1_242' title='bbox 613 2735 643 2788; x_wconf 91' lang='lat' dir='ltr'><strong>et</strong></span> <span class='ocrx_word' id='word_1_243' title='bbox 662 2725 846 2801; x_wconf 88' lang='lat' dir='ltr'><strong>supplicatio</strong></span> <span class='ocrx_word' id='word_1_244' title='bbox 868 2724 950 2786; x_wconf 90' lang='lat' dir='ltr'><strong>diem</strong></span> <span class='ocrx_word' id='word_1_245' title='bbox 971 2724 1090 2784; x_wconf 85' lang='lat' dir='ltr'><strong>Romae</strong></span> <span class='ocrx_word' id='word_1_246' title='bbox 1109 2721 1146 2781; x_wconf 89' lang='lat' dir='ltr'><strong>ad</strong></span> <span class='ocrx_word' id='word_1_247' title='bbox 1202 2759 1203 2804; x_wconf 63' lang='lat'><strong>,</strong></span> 
     </span>
     <span class='ocr_line' id='line_1_31' title="bbox 165 2805 1203 2886; baseline -0.003 -17"><span class='ocrx_word' id='word_1_248' title='bbox 165 2807 268 2869; x_wconf 90' lang='lat' dir='ltr'><strong>omnia</strong></span> <span class='ocrx_word' id='word_1_249' title='bbox 289 2808 474 2884; x_wconf 89' lang='lat' dir='ltr'><strong>pulvinaria,</strong></span> <span class='ocrx_word' id='word_1_250' title='bbox 504 2809 631 2870; x_wconf 79' lang='lat' dir='ltr'><strong>alienum</strong></span> <span class='ocrx_word' id='word_1_251' title='bbox 646 2809 676 2870; x_wconf 95' lang='lat' dir='ltr'><strong>in</strong></span> <span class='ocrx_word' id='word_1_252' title='bbox 693 2809 838 2886; x_wconf 84' lang='lat' dir='ltr'><strong>Capenati</strong></span> <span class='ocrx_word' id='word_1_253' title='bbox 855 2822 929 2884; x_wconf 79' lang='lat' dir='ltr'><strong>agro</strong></span> <span class='ocrx_word' id='word_1_254' title='bbox 944 2809 985 2868; x_wconf 91' lang='lat' dir='ltr'><strong>ad</strong></span> <span class='ocrx_word' id='word_1_255' title='bbox 1000 2807 1145 2869; x_wconf 83' lang='lat' dir='ltr'><strong>Feroniae</strong></span> <span class='ocrx_word' id='word_1_256' title='bbox 1202 2805 1203 2854; x_wconf 66' lang='grc' dir='ltr'>ἒ</span> 
     </span>
     <span class='ocr_line' id='line_1_32' title="bbox 164 2892 403 2954; baseline 0 -2"><span class='ocrx_word' id='word_1_257' title='bbox 164 2896 265 2953; x_wconf 92' lang='lat' dir='ltr'><strong>lucum</strong></span> <span class='ocrx_word' id='word_1_258' title='bbox 280 2892 403 2954; x_wconf 90' lang='lat' dir='ltr'><strong>indicta.</strong></span> 
     </span>
    </p>

    <p class='ocr_par' dir='ltr' id='par_1_5' title="bbox 165 2973 1145 3388">
     <span class='ocr_line' id='line_1_33' title="bbox 250 2973 1145 3052; baseline -0.002 -17"><span class='ocrx_word' id='word_1_259' title='bbox 250 2976 290 3036; x_wconf 89' lang='lat' dir='ltr'><strong>V.</strong></span> <span class='ocrx_word' id='word_1_260' title='bbox 331 2976 372 3036; x_wconf 93' lang='grc' dir='ltr'><strong>Μ.</strong></span> <span class='ocrx_word' id='word_1_261' title='bbox 391 2977 534 3039; x_wconf 87' lang='lat' dir='ltr'><strong>Valerius</strong></span> <span class='ocrx_word' id='word_1_262' title='bbox 559 2979 669 3041; x_wconf 90' lang='lat' dir='ltr'><strong>consul</strong></span> <span class='ocrx_word' id='word_1_263' title='bbox 689 2977 796 3039; x_wconf 88' lang='lat' dir='ltr'><strong>litteris</strong></span> <span class='ocrx_word' id='word_1_264' title='bbox 821 2977 955 3052; x_wconf 84' lang='lat' dir='ltr'><strong>excitus,</strong></span> <span class='ocrx_word' id='word_1_265' title='bbox 989 2973 1145 3052; x_wconf 89' lang='lat' dir='ltr'><strong>provincia</strong></span> 
     </span>
     <span class='ocr_line' id='line_1_34' title="bbox 165 3059 1145 3137; baseline -0.006 -15"><span class='ocrx_word' id='word_1_266' title='bbox 165 3060 364 3137; x_wconf 88' lang='lat' dir='ltr'><strong>exercituque</strong></span> <span class='ocrx_word' id='word_1_267' title='bbox 377 3062 522 3126; x_wconf 88' lang='lat' dir='ltr'><strong>mandato</strong></span> <span class='ocrx_word' id='word_1_268' title='bbox 532 3061 634 3123; x_wconf 83' lang='lat' dir='ltr'><strong>Cincio</strong></span> <span class='ocrx_word' id='word_1_269' title='bbox 650 3062 792 3137; x_wconf 89' lang='lat' dir='ltr'><strong>praetori,</strong></span> <span class='ocrx_word' id='word_1_270' title='bbox 813 3060 853 3120; x_wconf 88' lang='lat' dir='ltr'><strong>M.</strong></span> <span class='ocrx_word' id='word_1_271' title='bbox 865 3061 991 3122; x_wconf 89' lang='lat' dir='ltr'><strong>Valerio</strong></span> <span class='ocrx_word' id='word_1_272' title='bbox 1002 3059 1145 3121; x_wconf 84' lang='lat' dir='ltr'><strong>Messalla</strong></span> 
     </span>
     <span class='ocr_line' id='line_1_35' title="bbox 166 3144 1143 3222; baseline -0.005 -17"><span class='ocrx_word' id='word_1_273' title='bbox 166 3145 322 3221; x_wconf 80' lang='lat' dir='ltr'><strong>praelecto</strong></span> <span class='ocrx_word' id='word_1_274' title='bbox 335 3146 445 3206; x_wconf 89' lang='lat' dir='ltr'><strong>classis</strong></span> <span class='ocrx_word' id='word_1_275' title='bbox 461 3161 530 3208; x_wconf 91' lang='lat' dir='ltr'><strong>cum</strong></span> <span class='ocrx_word' id='word_1_276' title='bbox 541 3153 628 3222; x_wconf 87' lang='lat' dir='ltr'><strong>parte</strong></span> <span class='ocrx_word' id='word_1_277' title='bbox 642 3147 767 3208; x_wconf 90' lang='lat' dir='ltr'><strong>navium</strong></span> <span class='ocrx_word' id='word_1_278' title='bbox 780 3145 953 3206; x_wconf 86' lang='lat' dir='ltr'><strong>inAlricam</strong></span> <span class='ocrx_word' id='word_1_279' title='bbox 968 3144 1143 3220; x_wconf 86' lang='lat' dir='ltr'><strong>pmedatnn</strong></span> 
     </span>
     <span class='ocr_line' id='line_1_36' title="bbox 165 3227 1143 3306; baseline -0.003 -17"><span class='ocrx_word' id='word_1_280' title='bbox 165 3228 256 3290; x_wconf 87' lang='lat' dir='ltr'><strong>simul</strong></span> <span class='ocrx_word' id='word_1_281' title='bbox 272 3230 538 3306; x_wconf 88' lang='lat' dir='ltr'><strong>speculatumque,</strong></span> <span class='ocrx_word' id='word_1_282' title='bbox 560 3245 638 3304; x_wconf 89' lang='lat' dir='ltr'><strong>quae</strong></span> <span class='ocrx_word' id='word_1_283' title='bbox 654 3232 786 3305; x_wconf 90' lang='lat' dir='ltr'><strong>populus</strong></span> <span class='ocrx_word' id='word_1_284' title='bbox 803 3227 1061 3304; x_wconf 81' lang='lat' dir='ltr'><strong>Carthaginiensis</strong></span> <span class='ocrx_word' id='word_1_285' title='bbox 1076 3241 1143 3301; x_wconf 81' lang='lat' dir='ltr'><strong>age-</strong></span> 
     </span>
     <span class='ocr_line' id='line_1_37' title="bbox 166 3313 1142 3396; baseline -0.001 -25"><span class='ocrx_word' id='word_1_286' title='bbox 166 3319 213 3372; x_wconf 87' lang='lat' dir='ltr'><strong>ret</strong></span> <span class='ocrx_word' id='word_1_287' title='bbox 232 3320 414 3396; x_wconf 86' lang='lat' dir='ltr'><strong>pararetque</strong></span> <span class='ocrx_word' id='word_1_288' title='bbox 434 3313 547 3388; x_wconf 90' lang='lat' dir='ltr'><strong>misso,</strong></span> <span class='ocrx_word' id='word_1_289' title='bbox 569 3313 638 3388; x_wconf 90' lang='lat' dir='ltr'><strong>ipse</strong></span> <span class='ocrx_word' id='word_1_290' title='bbox 652 3313 759 3373; x_wconf 90' lang='lat' dir='ltr'><strong>decem</strong></span> <span class='ocrx_word' id='word_1_291' title='bbox 780 3313 911 3373; x_wconf 87' lang='lat' dir='ltr'><strong>navibus</strong></span> <span class='ocrx_word' id='word_1_292' title='bbox 925 3314 1056 3374; x_wconf 88' lang='lat' dir='ltr'><strong>Romam</strong></span> <span class='ocrx_word' id='word_1_293' title='bbox 1075 3324 1142 3387; x_wconf 90' lang='lat' dir='ltr'><strong>pro</strong></span> 
     </span>
    </p>
   </div>
   <div class='ocr_carea' id='block_1_3' title="bbox 168 3373 1202 3554">
    <p class='ocr_par' dir='ltr' id='par_1_6' title="bbox 168 3373 1202 3554">
     <span class='ocr_line' id='line_1_38' title="bbox 168 3373 1131 3472; baseline -0.002 -18"><span class='ocrx_word' id='word_1_294' title='bbox 168 3373 280 3456; x_wconf 84' lang='lat' dir='ltr'><strong>iectus&#39;</strong></span> <span class='ocrx_word' id='word_1_295' title='bbox 288 3412 356 3455; x_wconf 90' lang='lat' dir='ltr'><strong>curn</strong></span> <span class='ocrx_word' id='word_1_296' title='bbox 377 3411 526 3472; x_wconf 89' lang='lat' dir='ltr'><strong>prospere</strong></span> <span class='ocrx_word' id='word_1_297' title='bbox 546 3396 747 3471; x_wconf 83' lang='lat' dir='ltr'><strong>pervenisset,</strong></span> <span class='ocrx_word' id='word_1_298' title='bbox 770 3405 911 3460; x_wconf 89' lang='lat' dir='ltr'><strong>senatum</strong></span> <span class='ocrx_word' id='word_1_299' title='bbox 925 3396 1079 3471; x_wconf 90' lang='lat' dir='ltr'><strong>extemplo</strong></span> <span class='ocrx_word' id='word_1_300' title='bbox 1091 3393 1131 3452; x_wconf 89' lang='lat' dir='ltr'><strong>ha</strong></span> 
     </span>
     <span class='ocr_line' id='line_1_39' title="bbox 168 3476 1202 3554; baseline -0.001 -20"><span class='ocrx_word' id='word_1_301' title='bbox 168 3477 247 3549; x_wconf 88' lang='lat' dir='ltr'><strong>bult,</strong></span> <span class='ocrx_word' id='word_1_302' title='bbox 262 3476 314 3536; x_wconf 92' lang='lat' dir='ltr'><strong>ubi</strong></span> <span class='ocrx_word' id='word_1_303' title='bbox 329 3477 368 3537; x_wconf 93' lang='lat' dir='ltr'><strong>dc</strong></span> <span class='ocrx_word' id='word_1_304' title='bbox 383 3479 448 3539; x_wconf 92' lang='lat' dir='ltr'><strong>suis</strong></span> <span class='ocrx_word' id='word_1_305' title='bbox 462 3478 554 3538; x_wconf 87' lang='lat' dir='ltr'><strong>rebus</strong></span> <span class='ocrx_word' id='word_1_306' title='bbox 569 3480 665 3554; x_wconf 81' lang='lat' dir='ltr'><strong>gestis</strong></span> <span class='ocrx_word' id='word_1_307' title='bbox 679 3480 937 3542; x_wconf 83' lang='lat' dir='ltr'><strong>commemoravit</strong></span> <span class='ocrx_word' id='word_1_308' title='bbox 965 3496 1035 3542; x_wconf 89' lang='lat' dir='ltr'><strong>eum</strong></span> <span class='ocrx_word' id='word_1_309' title='bbox 1047 3491 1143 3538; x_wconf 87' lang='lat' dir='ltr'><strong>annos</strong></span> <span class='ocrx_word' id='word_1_310' title='bbox 1201 3483 1202 3506; x_wconf 81' lang='lat'>³</span> 
     </span>
    </p>
   </div>
   <div class='ocr_carea' id='block_1_4' title="bbox 0 0 1219 3892">
    <p class='ocr_par' dir='ltr' id='par_1_7' title="bbox 0 0 1219 3892">
     <span class='ocr_line' id='line_1_40' title="bbox 0 0 1219 3892; baseline 0 0"><span class='ocrx_word' id='word_1_311' title='bbox 0 0 1219 3892; x_wconf 95' lang='lat' dir='ltr'><strong> </strong></span> 
     </span>
    </p>
   </div>
  </div>
 </body>
</html>
