2428 3892
251 161 367 224 illidit
380 160 488 222 xxvi.
510 159 594 221 cAP.
610 169 652 224 15.
669 169 712 224 16.
734 167 770 236 [ι.
783 165 816 227 0.
828 167 891 235 211]
1000 159 1064 224 110

69 321 207 378 suetum
220 313 391 376 Sidicinum
413 312 498 374 citeri
518 314 624 390 iussit,
644 314 882 392 imperavitque,
903 323 935 376 ut
949 319 1061 394 produ-

68 399 344 475 ceretcomptnos
357 413 436 474 quos
448 398 478 458 in
490 399 631 459 custodia
641 398 776 459 heberet
791 399 932 472 producti
945 415 1062 477 omnes,

73 485 238 560 virgisque
259 483 343 543 coesi
366 493 403 542 ec
418 483 518 542 securi
532 483 682 559 percussi.
714 483 785 544 indo
801 485 891 544 citato
909 499 990 560 equo
1007 485 1061 545 ua-

71 571 121 629 les
145 567 311 644 percurrit=
334 565 386 628 ubi
408 581 478 627 cum
492 565 521 625 in
542 563 683 626 tribunali
698 567 893 628 consedisset
906 567 1062 644 producti-

70 652 295 727 queuompeni
309 650 513 725 deligarentur
527 650 567 710 ud
578 649 690 726 pulum,
713 665 810 726 eques
825 651 902 712 citus
918 651 1062 714 ubRoma

69 735 170 808 venii,
193 735 372 810 litterasque
388 746 407 794 o
422 734 452 794 c.
468 733 631 810 cdpmnio
647 741 789 809 praetem
802 733 911 795 Fulvio
927 742 958 796 et
972 749 1062 796 sene-

68 828 124 882 tus
147 819 320 879 consultum
340 817 439 878 trudit.
472 833 606 877 murmur
626 816 665 876 eb
679 817 822 879 tribunali
835 825 930 879 tetam
944 820 1061 881 contio-

71 903 148 963 nem
162 901 317 978 pervusitt
341 899 455 962 differri
469 915 535 960 rem
549 901 698 976 mugram
712 902 752 961 od
767 909 871 978 putres
886 903 1061 979 decempo-

71 981 134 1048 'nis-
168 993 201 1046 et
213 985 338 1046 Fulvius
360 986 392 1044 ld
411 985 452 1044 itu
473 992 643 1046 deseratus
665 991 809 1062 eobeptes
831 987 946 1047 litteras
962 998 1062 1063 neque

69 1070 232 1132 resolutas
248 1079 317 1130 cum
331 1069 361 1129 in
376 1067 493 1144 mentio
506 1070 714 1147 reposuisset,
734 1071 879 1146 praeconi
894 1070 1062 1147 imperauit,

70 1162 107 1216 ut
120 1155 261 1214 lictorem
274 1155 343 1230 lege
363 1163 454 1228 egere
468 1152 593 1213 iuberet.
629 1153 671 1213 ita
684 1153 725 1212 de
743 1153 782 1213 iis
799 1163 923 1231 quoque
938 1157 990 1230 qui
1006 1154 1061 1214 co-

72 1239 157 1300 libus
181 1245 268 1298 erent
289 1243 444 1312 sumptum
465 1237 660 1314 supplicium.
694 1244 757 1297 tum
770 1237 887 1298 litterae
901 1238 999 1298 lectee
1014 1253 1062 1298 se·

77 1329 234 1398 natusque
254 1322 427 1383 consultum
447 1331 550 1381 serum
565 1321 606 1381 od
626 1321 852 1398 inpediendum
866 1334 931 1380 rem
953 1323 1061 1395 actum,

76 1423 159 1484 quoe
175 1418 295 1466 summe
311 1416 406 1482 opem
420 1412 626 1483 approperate
640 1413 714 1481 erut,
736 1415 775 1465 ne
789 1403 930 1482 impediri
945 1411 1062 1481 posset.

72 1497 315 1566 consurgentem
335 1490 396 1549 iam
411 1487 550 1550 Fulvium
569 1483 687 1550 Taurea
705 1489 856 1550 Vibellius
879 1490 1061 1565 catepanus,

48 1589 53 1596 ·
73 1585 133 1650 per
153 1574 288 1634 mediam
305 1575 424 1634 vadens
439 1571 573 1647 uubam,
596 1574 719 1634 noudne
739 1574 980 1654 inclamabis-et
994 1584 1062 1634 cum

75 1657 297 1732 mirabundus,
334 1657 479 1733 quidnam
500 1671 572 1718 sese
593 1658 701 1731 vellet,
734 1658 904 1720 resedisset
924 1655 1063 1732 Flaccus,

72 1753 149 1818 „mc
166 1747 309 1818 quoque‘
324 1742 423 1820 inquit
437 1741 529 1817 „iube
544 1741 653 1818 occidi,
667 1750 701 1803 ut
714 1738 838 1818 gloriari
850 1741 955 1819 possis
969 1743 1063 1802 multo

51 1893 57 1904 ‚
74 1826 238 1887 tortionem
248 1833 340 1902 quum
354 1823 423 1902 ipse
434 1839 478 1902 es,
499 1825 597 1887 vuum
607 1825 664 1886 obs
674 1832 704 1886 te
719 1827 855 1887 occisum
870 1831 971 1888 csse“.
995 1841 1062 1886 cum

74 1909 209 1972 Flaccus
234 1917 361 1986 nequet
385 1910 524 1986 proiecto
546 1909 621 1970 setis
648 1918 822 1986 compotem
847 1911 956 1972 mentis
982 1921 1063 1984 esse,

74 1996 174 2056 modo
186 1995 342 2072 prohiberi
357 1995 447 2055 etium
462 2001 505 2070 se,
522 1995 549 2054 si
562 1995 594 2054 id
608 1995 709 2070 vellet,
725 2000 850 2055 senatus
865 1996 1007 2055 consulto
1019 1994 1064 2054 di-

77 2085 175 2156 seret,
192 2086 255 2139 tum
269 2079 420 2139 Vibellius
436 2078 582 2154 „quando
599 2078 742 2152 quidem‘
757 2077 862 2153 inquit,
885 2083 996 2155 ‚poplo
1011 2085 1064 2153 pe-

76 2165 154 2237 tria,
177 2163 360 2238 propinquis
376 2163 546 2238 amicisque
560 2161 697 2237 omissis,
718 2175 788 2222 cuin
802 2162 872 2238 ipse
885 2173 977 2221 monn
995 2167 1065 2220 mee

75 2247 243 2322 coniugem
264 2246 441 2322 liberosque
461 2245 677 2321 interfecerim,
699 2246 827 2324 nequid
848 2244 964 2320 indigni
979 2252 1064 2320 pete·

75 2337 194 2406 renmr,
212 2330 284 2389 milri
300 2330 460 2390 nemoris
476 2328 599 2406 quidem
614 2330 705 2405 copie
719 2330 827 2389 eedem
841 2335 897 2402 est,
921 2338 1001 2403 quue
1015 2328 1064 2388 his

75 2414 202 2476 ciuibus
226 2414 318 2488 meis,
348 2420 468 2490 petetur
488 2414 631 2474 eumtute
651 2413 770 2474 incisim
784 2413 875 2474 huius
896 2413 978 2473 vitoe
999 2413 1064 2471 vin·

77 2499 194 2559 dicta“.
227 2504 320 2574 utque
333 2498 375 2558 ite
389 2497 509 2574 gladio,
532 2509 624 2574 quem
639 2505 726 2558 veste
740 2504 864 2572 texerat,
887 2511 943 2572 per
956 2496 1065 2556 edver-

78 2589 271 2658 susspectus
284 2582 451 2663 transfixus
463 2582 643 2657 antepedes
658 2582 851 2657 imperatoris
864 2580 1065 2642 moribundus

80 2665 254 2742 procubuit.
282 2657 362 2726 livi.
378 2665 454 2740 Quia
468 2671 498 2724 ct
512 2665 598 2742 quod
612 2665 653 2725 ed
668 2666 852 2740 supplicium
866 2664 1062 2726 attinetCem·

79 2758 232 2826 penornm
255 2757 285 2810 et
299 2751 450 2826 pictoque·
468 2748 529 2808 elio
542 2747 583 2808 de
595 2747 697 2808 Flecci
717 2749 810 2810 odins
825 2749 975 2810 sententie
998 2755 1065 2809 ecte

79 2841 183 2910 erant,
211 2840 363 2895 mortuum
384 2833 444 2908 Ap.
467 2832 625 2893 Oluudiutn
650 2833 710 2892 sub
736 2833 922 2894 deditionem
943 2832 1066 2909 Capuae

80 2919 208 2994 quidam
222 2919 354 2978 tradunt,
379 2917 461 2978 benc
476 2925 601 2992 quoque
615 2916 716 2993 ipsum
731 2919 880 2978 Tauream
894 2927 995 2993 neque
1010 2931 1067 2976 sua

79 3010 194 3079 sponte
213 3001 342 3063 venisse
356 3001 445 3062 celes
466 3009 568 3076 noque
587 3012 644 3060 sue
665 3009 757 3060 menn
778 3001 983 3073 itteriectum,
1010 2999 1066 3058 sed
1155 3029 1173 3047 -

79 3102 149 3146 cum
164 3087 244 3146 inter
259 3091 379 3146 ceteros
397 3086 438 3145 ed
451 3085 554 3160 pulum
570 3083 721 3160 deligatus
737 3085 902 3160 quiriteret,
926 3084 998 3160 quie
1012 3097 1066 3159 pa·

81 3183 148 3230 rum
170 3170 250 3230 inter
271 3169 417 3246 strepitus
432 3167 572 3232 enundiri
587 3173 716 3244 possent
731 3177 811 3244 quae
832 3166 1066 3240 vociferabatur,

80 3255 236 3316 silentium
256 3253 323 3314 lieri
337 3253 479 3313 Flaccum
499 3251 647 3324 iussisse;
671 3259 733 3314 tom
746 3251 894 3312 Tauream
916 3249 967 3309 ille
988 3258 1067 3324 quoe

81 3347 151 3400 onte
162 3344 331 3398 memorate
348 3342 420 3397 sum
434 3336 562 3410 dixisse,
584 3336 682 3396 virum
697 3350 732 3395 se
747 3333 945 3394 fortissimum
960 3332 998 3392 ob
1014 3347 1068 3392 ne-

81 3437 240 3500 quequam
261 3421 329 3499 peri
350 3422 391 3481 od
412 3419 552 3480 virtutem
572 3419 688 3479 occidis
708 3417 766 3478 sub
786 3417 864 3476 hoec
880 3415 960 3476 dicta
981 3415 1071 3479 iussu
