2428 3892
240 223 357 288 arana
370 225 477 286 xxvi.
500 225 583 288 cae.
597 235 700 290 aar.
722 225 759 306 [ι.
776 233 807 287 c.
822 231 887 310 nr]
986 227 1048 294 rac

149 377 289 441 Aestatis
304 377 371 439 eius
386 384 531 453 encoma,
548 395 609 456 qua
624 385 714 457 capta
727 379 886 458 estcapua
900 388 930 443 et
941 380 1047 459 Scipio

47 464 85 524 in
110 462 299 540 Hispaniam
318 462 416 538 venit,
437 462 552 523 Punico
572 463 683 524 elassis
703 477 743 524 ex
763 464 867 525 Sicilia
885 464 1047 526 Tarentum

48 547 164 608 accita
179 548 220 607 ad
235 546 388 607 arcendos
402 553 589 608 commeatus
604 547 749 624 praesidii
764 549 902 621 Romani,
917 550 1002 625 quod
1016 551 1048 610 in

48 645 137 692 arce
149 631 315 692 Tarentina
327 635 407 706 erat,
429 632 582 692 clauserat
594 630 718 708 quidem
730 647 838 693 omncs
852 632 893 694 ad
912 648 1048 698 arcemn

50 714 142 776 mari
158 715 271 790 aditus,
288 715 345 775 sed
359 713 533 778 adsidendo
545 714 658 776 diutius
673 717 816 777 artiorem
830 731 982 788 annonam
995 734 1046 779 ao·

47 800 118 859 ciis
138 815 233 874 quarn
247 798 328 858 hosti
343 799 484 859 iaciebat.
513 815 575 860 non
590 799 670 860 enim
684 806 799 862 tantum
813 800 943 862 subvehi
958 802 1047 880 oppl-

47 883 155 944 danis
179 897 237 960 per
258 882 471 958 pacatalitora
490 889 678 960 apertosque
692 891 800 960 portus
820 883 976 961 praesidio
991 903 1045 947 na-

50 969 148 1027 vium
168 966 354 1028 Punicarum
373 971 509 1043 poterat,
531 975 677 1043 quantum
691 969 833 1030 frumenti
847 968 957 1029 classis
977 969 1048 1046 ipsa

49 1051 153 1111 turba
168 1051 271 1110 navali
284 1051 379 1111 mixta
399 1066 439 1110 ex
459 1051 542 1111 omni
555 1067 668 1128 genere
682 1052 836 1113 hominurn
857 1053 1046 1128 absumebat

50 1141 88 1196 ut
112 1135 198 1195 arcis
213 1134 402 1210 praesidium
415 1133 506 1195 etiarn
520 1136 588 1196 aine
609 1137 739 1209 invecto,
760 1137 834 1213 quia
847 1137 937 1214 pauci
951 1144 1046 1213 erant,

54 1235 99 1279 ex
117 1225 192 1280 ante
203 1227 389 1295 praeparato
404 1220 568 1280 sustentari
581 1227 697 1297 posset,
711 1219 880 1281 Tarentinis
892 1221 1047 1296 classique

57 1318 100 1363 ne
112 1304 270 1364 invectum
278 1301 403 1379 quidem
414 1303 578 1364 sufficeret
592 1303 715 1364 tandem
726 1304 842 1365 maiora
849 1303 1046 1380 gratiaquam

59 1393 192 1447 venerat
216 1388 327 1447 classis
347 1386 477 1448 dimissa
495 1395 552 1448 est.
584 1402 707 1448 annona
720 1387 803 1448 haud
822 1387 949 1448 multum
962 1388 1046 1447 laxa·

57 1479 159 1546 verat,
178 1471 250 1546 quia
263 1476 381 1532 remoto
393 1471 543 1532 maritimo
556 1471 712 1547 praesidio
723 1471 854 1532 subvehi
865 1472 1045 1532 frumentum

55 1570 124 1616 non
138 1560 270 1630 poterat.

147 1639 228 1699 XXI.
257 1639 404 1699 Eiusdem
418 1639 544 1699 aestatis
559 1639 642 1699 exitu
656 1637 696 1697 M.
711 1637 874 1700 Marcellus
889 1654 928 1698 ex
942 1637 1046 1714 Sicilia

54 1723 225 1800 provincia
237 1739 307 1784 curn
322 1725 363 1784 ad
376 1724 484 1784 urbem
499 1724 644 1799 venisset,
659 1723 889 1798 accupurnto
903 1729 1045 1799 praetore

53 1816 190 1869 senatus
205 1807 234 1867 ei
248 1808 288 1868 ad
303 1808 412 1868 aedem
418 1807 565 1869 Bellonae
576 1808 666 1868 datus
680 1813 737 1867 est.
758 1807 800 1867 ibi
815 1823 885 1868 cum
900 1807 1045 1868 derebus

55 1891 98 1952 ab
114 1907 153 1953 se
168 1892 264 1967 gestis
279 1891 487 1967 disseruisset,
511 1897 638 1968 questus
652 1891 758 1951 leniter
771 1907 832 1952 non
848 1907 934 1952 suam
949 1890 1046 1965 magis

55 1991 157 2052 quam
171 1975 297 2036 militam
311 1976 427 2049 vicem,
449 1976 533 2051 quod
547 1976 708 2050 provincia
722 1975 861 2036 conlecta
879 1975 1046 2034 exereitum

57 2061 230 2136 deportare
243 2074 306 2119 non
326 2059 478 2136 licuisset,
500 2059 667 2135 postulavit
680 2065 713 2120 ul
731 2056 926 2134 triumphanti
940 2058 1045 2118 urbem

58 2145 141 2204 inire
156 2143 270 2204 liceret.
293 2143 326 2203 id
340 2159 402 2203 non
417 2144 598 2220 impetravit.
628 2159 697 2204 eum
710 2142 811 2203 multis
825 2141 930 2202 verbis
945 2147 1043 2201 aotam

54 2235 156 2300 esset,
174 2233 275 2287 utrum
289 2227 389 2288 minus
405 2228 592 2302 conveniret,
615 2227 702 2288 ordros
717 2225 840 2286 nomine
853 2225 990 2286 absentis
1005 2223 1044 2283 ob

58 2327 111 2372 res
132 2326 286 2387 prospere
309 2312 401 2372 ductu
422 2311 489 2372 cius
504 2319 610 2387 gestas
625 2309 808 2387 supplicatio
824 2309 947 2369 decreta
967 2309 1044 2369 iuret

56 2403 90 2456 et
110 2395 161 2456 dis
182 2395 404 2456 immortalibus
424 2395 546 2457 habitus
566 2394 681 2468 honos,
709 2395 738 2454 ei
757 2393 912 2470 praesenti
932 2404 1045 2468 negare

56 2479 255 2555 triumphum,
270 2495 311 2540 an
326 2494 418 2555 quem
428 2480 551 2540 tradere
566 2479 733 2542 exercitum
748 2476 922 2539 successori
936 2475 1044 2537 iussis·

59 2571 145 2638 sent,
169 2562 330 2639 quodnisi
345 2570 487 2624 manente
501 2564 532 2622 in
546 2564 706 2640 provincia
719 2562 801 2624 bello
820 2579 882 2624 non
899 2563 1044 2622 decerne·

56 2653 150 2722 retur,
163 2662 233 2708 eurn
241 2646 331 2722 quasi
343 2646 496 2708 debellato
507 2647 703 2723 triumphare,
716 2661 785 2706 cum
795 2647 947 2708 exercilus
957 2645 1044 2706 testis

58 2731 157 2791 meriti
173 2737 268 2807 atque
281 2731 422 2790 immeriti
433 2731 578 2807 triumphi
591 2731 723 2805 abesset,
739 2731 873 2792 medium
886 2731 996 2802 visum
1012 2737 1045 2790 ut

59 2830 159 2876 ovans
173 2815 283 2876 urbem
296 2815 395 2874 iniret.
428 2815 540 2875 tribuni
555 2815 655 2890 plebis
669 2829 710 2874 ex
724 2815 904 2876 auctoritate
919 2820 1043 2877 senatus

58 2899 98 2958 ad
111 2901 263 2976 populum
274 2899 416 2974 trrlerunr,
432 2898 676 2974 utM.hlareello‚
693 2914 755 2974 quo
768 2899 934 2960 dieurhem
946 2911 1043 2959 ovans

59 2981 154 3057 iniret,
170 2983 333 3058 imperium
344 2990 438 3044 esset.
461 2983 559 3058 pridie
572 2998 662 3057 quam
672 2983 780 3043 urbem
791 2983 887 3060 iniret,
900 2983 930 3043 in
942 2988 1045 3042 monte

59 3066 180 3127 Albano
194 3066 408 3142 triumphavit;
425 3065 498 3126 inde
514 3081 612 3128 ovans
626 3067 750 3127 multam
760 3079 837 3143 prae
851 3083 887 3128 se
897 3064 1043 3142 praedam

59 3149 87 3208 in
107 3151 216 3210 urbem
237 3150 352 3211 intulit=
375 3165 444 3211 cum
466 3152 631 3212 simulacro
647 3157 804 3226 captorum
819 3150 1042 3229 Syracusarum

60 3235 231 3309 catapultae
241 3234 447 3309 ballistaeque
458 3240 488 3294 et
498 3235 558 3295 alia
570 3234 671 3294 omnia
683 3231 960 3295 instrumentabelli
971 3231 1040 3304 lota,

61 3322 88 3376 et
107 3318 194 3394 pacis
216 3319 378 3380 diuturnae
397 3318 564 3394 regiaeque
585 3318 760 3394 opulentiae
780 3320 971 3388 ornamenta,
994 3328 1040 3372 ar·

59 3402 138 3473 genti
161 3402 308 3478 aerisque
329 3401 489 3463 labrelacti
510 3402 575 3477 vis,
603 3402 663 3462 alia
683 3400 824 3476 supellex
844 3397 1041 3476 pretiosaque

60 3485 152 3546 restis
169 3493 198 3546 et
209 3486 304 3546 multa
318 3484 435 3546 nobilia
447 3485 545 3562 signa,
560 3485 673 3561 quibus
686 3485 765 3544 iuter
773 3480 1040 3560 primasGraeciae
