2466 3900
182 185 223 260 lt
332 191 449 254 Llssllrt
462 189 556 250 xxv.
579 187 662 248 cnr.
678 196 721 252 ra
736 195 780 252 re.
804 193 841 262 [ι.
855 191 1003 259 u.a.ato1

181 343 411 416 declinaturum,
426 355 465 399 ne
480 338 625 435 hospitali
640 337 737 399 caede
752 338 892 398 dextram
907 335 1017 407 uiolet;
1034 348 1169 396 couver-

182 443 298 504 susque
320 424 432 486 abibat.
465 423 621 484 enimvero
637 421 772 484 lerocius
793 429 858 482 tum
872 418 1073 496 campanus
1065 433 1169 478 incre-

181 527 256 589 pare
269 507 448 572 mollitiam
441 508 664 582 ignauiamque,
684 511 716 566 et
729 520 765 566 se
778 505 871 580 digna
885 504 1043 581 probrare
1057 503 1169 562 inson-

181 604 241 657 tem
256 595 372 666 iacere,
394 591 578 666 hospitalem
592 590 713 652 hostem
733 589 893 666 appellans
910 588 1171 663 simulantemque

180 693 325 756 parcere,
345 675 394 736 cui
410 675 487 736 sciat
501 691 607 751 parem
622 689 657 734 se
673 689 735 734 non
750 689 831 734 esse.
867 673 895 734 si
911 689 1017 749 perum
1030 670 1170 749 publicis

182 760 359 824 foederibus
374 759 472 834 ruptis
487 759 638 835 dirempta
651 758 742 820 simul
756 764 787 817 et
800 757 921 834 privata
940 757 1007 818 iura
1021 771 1097 816 esse
1113 772 1169 831 pu·

182 853 232 922 let,
254 845 383 907 Badium
398 843 585 918 campanum
597 843 630 902 Τ.
646 842 784 916 Quinctio
801 841 941 918 Crispino
955 840 1098 901 Romano
1115 855 1170 914 pa-

183 934 242 992 lum
257 930 380 991 duobus
395 927 580 989 exercitibus
595 925 788 987 audientibus
801 926 976 987 renuntiare
987 923 1170 1000 hospitium.

182 1015 256 1075 nibil
270 1013 329 1076 sibi
341 1028 409 1074 cum
424 1027 462 1072 eo
477 1011 697 1084 consociatum,
711 1009 785 1070 nihil
797 1010 988 1076 foederatum
998 1007 1081 1070 besti
1100 1023 1169 1067 cum

182 1099 281 1173 hoste,
298 1097 384 1158 cuius
399 1096 529 1172 panium
543 1111 580 1156 ac
594 1101 723 1172 penales
737 1093 879 1170 publicos
893 1093 1098 1171 privatosque
1114 1108 1169 1168 op·

182 1189 349 1259 pugnatum
363 1181 510 1242 venisset.
539 1180 565 1240 si
579 1179 627 1240 vir
640 1185 732 1254 esset,
747 1177 996 1253 congrederetur.
1023 1178 1080 1238 diu
1095 1192 1169 1237 cun·

183 1274 314 1329 ctantcm
329 1264 500 1341 Crispinum
514 1264 677 1340 perpulcre
691 1264 852 1336 turmales,
875 1278 914 1322 ne
928 1261 1052 1338 impune
1071 1261 1169 1322 insul-

184 1359 247 1412 terc
266 1351 452 1426 Campanum
474 1355 642 1425 pateretura
675 1348 779 1422 itaque
799 1353 916 1408 lantum
936 1352 1071 1408 moratus
1095 1346 1169 1406 dum

182 1436 384 1512 imperatores
396 1434 578 1507 consuleret,
594 1432 842 1506 permitterentne
852 1429 912 1492 sibi
924 1438 1012 1490 extra
1026 1429 1169 1490 ordinem

183 1519 213 1578 in
233 1522 453 1593 provocantem
466 1515 587 1576 bostem
607 1530 759 1591 pugnare,
781 1514 935 1590 permissu
955 1529 1062 1575 eorum
1083 1529 1168 1574 arma

184 1603 266 1677 cepit
286 1615 461 1676 equumque
481 1599 676 1675 conscendit,
699 1607 729 1659 el
742 1599 873 1660 Badium
888 1598 1010 1659 nomine
1032 1599 1167 1673 compel-

185 1686 250 1745 lans
271 1684 312 1745 ad
333 1699 471 1781 pugnam·
487 1684 636 1746 evocavit.
667 1684 751 1744 nulla
771 1699 858 1744 mora
872 1700 892 1744 a
906 1683 1063 1758 Campano
1087 1682 1167 1742 iacta

183 1776 245 1840 est,
267 1767 386 1830 infestis
400 1768 490 1844 cquis
506 1775 734 1830 concurrerunt
763 1768 921 1843 Crispinus
936 1783 1032 1843 supra
1048 1774 1167 1828 scutum

184 1852 339 1914 sinisbum
353 1851 511 1914 bmnerum
524 1853 621 1914 Badio
644 1842 733 1914 hasla
747 1852 913 1928 bansfixil,
934 1867 1095 1928 superque
1116 1851 1165 1912 de·

183 1937 304 2013 lapsum
319 1952 387 1996 cum
402 1919 528 1998 uulnere
543 1953 582 1997 ex
601 1951 682 2012 equo
698 1936 835 2012 desiluit,
856 1944 890 1997 ut
903 1935 1001 2012 pedes
1016 1935 1166 1995 iacentem

184 2020 358 2082 conficeret
389 2021 520 2096 Badius,
544 2021 725 2096 priusquam
739 2019 977 2097 opprimeretur,
1000 2035 1113 2096 parma
1125 2025 1165 2078 at

185 2121 244 2181 que
259 2121 340 2180 equo
352 2105 459 2166 relicto
470 2104 512 2165 ad
523 2119 598 2168 suos
614 2104 743 2180 aufugit.
767 2104 924 2179 Crispinus
939 2120 1055 2178 equum
1068 2119 1166 2180 arura·

184 2204 244 2264 que
256 2196 346 2267 capla
360 2196 391 2250 el
402 2195 558 2250 cruentam
570 2189 730 2265 cuspidem
743 2188 873 2263 insignis
886 2188 995 2264 spoliis
1007 2195 1165 2249 ostentans

184 2289 252 2334 etun
267 2289 378 2349 magna
392 2274 482 2334 laude
497 2281 528 2333 et
540 2273 741 2349 gratulatione
755 2272 882 2333 militum
902 2272 943 2332 ad
959 2271 1107 2333 consules
1121 2280 1166 2332 est

185 2356 344 2430 deductus,
367 2357 574 2433 laudatusque
589 2357 630 2417 ibi
644 2357 804 2432 magnifice
819 2356 956 2418 aldonis
971 2356 1115 2418 donatus.

265 2441 343 2500 XIX.
370 2441 522 2500 Hannibal
543 2456 583 2501 ex
603 2457 677 2516 agro
692 2441 909 2503 Beneventano
931 2449 1034 2502 casua
1054 2441 1096 2502 ad
1112 2440 1164 2501 ca·

184 2539 276 2598 puam
289 2539 360 2586 cum
374 2523 533 2600 movisset,
555 2526 643 2586 terlio
656 2531 730 2602 posi
744 2523 793 2586 die
808 2541 900 2600 quam
914 2525 998 2587 venit
1011 2525 1121 2603 copias
1136 2525 1163 2584 in

183 2607 280 2666 aciem
294 2607 408 2680 eduxit,
429 2605 669 2684 haudquaquam
684 2608 810 2684 dubius,
834 2610 918 2685 quod
933 2609 1098 2686 Campanis
1113 2609 1162 2669 ab·

183 2697 270 2750 sente
290 2705 326 2750 se
346 2704 465 2765 paucos
487 2699 557 2752 ante
578 2693 646 2754 dies
661 2692 798 2754 secunda
818 2693 928 2755 luisset
948 2710 1067 2770 pugna,
1092 2694 1162 2768 quin

183 2774 276 2834 mullo
289 2774 389 2835 miuus
402 2789 436 2834 se
447 2791 599 2852 suumque
610 2778 722 2839 tuticus
734 2776 878 2838 victorem
894 2779 1062 2840 exercitum
1074 2777 1162 2838 susli-

182 2857 391 2920 nereRomani
402 2867 541 2934 possent.
563 2868 697 2922 ceterum
707 2867 871 2938 postquam
881 2862 1011 2939 pugnari
1022 2869 1163 2938 coeptum

183 2949 238 3014 est,
255 2943 392 3019 equitum
406 2945 538 3006 maxime
552 2945 685 3017 incursu,
707 2959 775 3005 cum
790 2944 895 3005 iaculis
911 2946 1102 3021 obrueretur,
1123 2947 1162 3006 la-

183 3024 312 3088 borabat
331 3027 469 3088 Romana
490 3030 589 3103 acies,
626 3027 725 3089 donec
745 3027 866 3102 signum
886 3030 1039 3104 equitibus
1060 3031 1164 3091 datum

183 3116 246 3184 esi,
267 3116 301 3173 ul
321 3111 351 3172 in
366 3112 486 3174 bostem
507 3113 700 3174 admitterent
711 3127 822 3187 equos.
854 3113 896 3172 ita
916 3119 1058 3190 equestre
1074 3130 1163 3190 proe-

183 3195 255 3256 lium
271 3203 343 3272 crat,
367 3211 436 3256 cum
451 3197 557 3270 procul
573 3196 657 3256 visus
673 3196 914 3270 Sempronianus
930 3197 1092 3274 exercitus,
1117 3197 1162 3260 cui

185 3277 237 3338 Cn.
251 3279 408 3340 Cornelius
425 3287 570 3353 quaestor
582 3285 730 3354 praeerat,
751 3278 873 3354 utrique
887 3279 966 3355 parti
981 3297 1088 3355 parem
1102 3299 1161 3343 me

185 3373 246 3421 tum
261 3360 410 3438 praebuit,
425 3375 465 3420 ne
479 3361 585 3421 hostes
602 3361 674 3420 novi
689 3361 897 3422 adventarent
929 3363 1013 3422 velut
1024 3380 1063 3426 ex
1081 3381 1161 3426 com-

186 3444 287 3519 posito
314 3444 465 3520 utrimque
487 3444 607 3519 signum
627 3443 765 3522 receplui
786 3444 906 3520 delum,
932 3445 1113 3526 reductique
1132 3449 1162 3509 lu
1215 3501 1216 3528 ,
