2448 3900
221 251 337 314 LIBER
351 251 441 314 XXX.
466 251 548 312 CAP.
564 259 606 314 te.
624 259 666 314 19.
688 258 771 326 [aC.
785 260 849 327 2⁰3]
962 254 1018 318 341

13 413 211 486 postquam
227 405 338 466 lemine
351 404 500 466 uensiixo
517 405 676 466 cadentem
694 407 868 484 auferrique
882 426 921 471 ex
935 426 1024 487 proe-

13 492 69 552 lio
94 505 204 567 prope
225 503 415 564 exsanguem
434 487 556 564 videre,
579 491 732 566 extemplo
747 491 778 551 in
794 492 897 568 lugam
919 511 1025 557 omnes

14 574 131 636 versi.
167 573 210 634 ad
232 573 368 650 quinque
389 573 472 632 milia
485 573 619 634 hostium
639 589 677 634 eo
693 575 866 652 dioecese,
888 585 919 638 et
938 573 1026 654 'signa

15 657 183 720 militaria
198 658 260 719 duo
276 662 306 717 et
318 656 423 732 viginti
439 664 537 734 capta.
570 673 627 717 nec
640 659 787 720 Romanis
808 659 966 724 incruenta
979 664 1025 723 vi·

18 744 137 805 ctoria
158 741 231 804 luite
260 741 321 803 duo
342 740 424 802 milia
445 747 475 802 et
494 743 620 804 trecenti
641 742 681 803 de
707 745 843 806 exercitu
864 747 1026 823 praetoris,

21 844 112 905 pars
134 828 230 889 multo
250 825 382 888 maxima
403 841 441 886 ex
463 826 583 902 legione
605 826 787 888 duodecima
806 829 921 890 amissi.
954 831 1026 891 inde

22 919 65 973 et
80 911 198 973 tribuni
211 909 337 970 militum
353 911 423 984 duo,
445 909 487 970 M.
504 910 672 972 Cosconius
687 917 717 972 et
730 911 770 972 Μ.
785 912 935 976 Maevius.
967 921 1026 976 ter·

23 997 100 1057 tiae
116 995 257 1056 decimae
273 1009 397 1072 quoque
411 993 549 1070 legionis,
574 1010 653 1069 quae
667 1002 824 1070 postremo
838 997 957 1072 proelio
972 999 1026 1057 ad·

27 1082 156 1154 iuerat,
181 1078 212 1140 C.
228 1078 355 1139 Helvius
375 1078 514 1142 tribunus
529 1078 655 1140 militum
669 1079 701 1138 in
721 1080 909 1142 restituenda
922 1097 1027 1157 pugna

28 1163 168 1238 cecidit,
187 1168 222 1223 *et
236 1163 297 1224 duo
312 1170 342 1222 et
355 1162 461 1237 viginti
476 1164 571 1225 ferme
585 1163 703 1237 equites
724 1164 856 1226 illustres
873 1164 973 1227 obtriti
987 1165 1026 1224 ab

31 1247 216 1326 elephantis
229 1263 297 1308 cum
309 1245 536 1308 centurionibus
552 1247 669 1321 aliquot
679 1248 843 1323 perierunt.
865 1255 895 1309 ct
905 1249 1025 1324 longius

32 1339 198 1394 certamen
210 1331 327 1406 luisset,
343 1330 374 1390 ni
387 1331 514 1392 vulnere
526 1331 612 1393 ducis
628 1346 780 1393 concessa
792 1332 919 1393 victoria
932 1341 1024 1394 esset

126 1415 207 1476 XIX.
228 1414 320 1491 Mago
333 1415 491 1490 proximae
506 1414 626 1476 silentio
638 1417 736 1476 noctis
749 1417 914 1492 proiectus,
932 1434 1025 1492 quan-

38 1511 105 1562 mm
128 1499 193 1577 pati
213 1499 283 1560 viee
303 1513 360 1575 per
373 1499 484 1560 vulnus
501 1504 620 1576 poterat
639 1499 797 1561 itineribus
819 1502 964 1574 extentis,
987 1499 1026 1560 ad

39 1600 128 1645 mare
142 1585 174 1644 in
183 1583 310 1658 Ligtues
319 1583 472 1659 Ingaunos
485 1582 633 1659 pervenit.
660 1583 701 1643 ibi
717 1599 785 1645 eum
801 1584 892 1660 legati
906 1585 944 1644 ab
957 1584 1027 1644 Car-

42 1669 168 1744 thagine
188 1667 296 1744 paucis
319 1676 389 1728 ante
409 1667 519 1729 diebus
539 1667 570 1728 in
593 1666 693 1728 sinum
715 1667 862 1728 Gallicum
888 1665 1026 1745 appulsis

44 1751 178 1814 navibus
193 1751 342 1825 adierunt,
359 1751 498 1812 iubentes
510 1751 608 1827 primo
622 1767 746 1827 quoque
758 1759 895 1828 tempore
910 1751 1027 1812 inAlni-

45 1853 114 1898 ocm
128 1837 284 1898 ueicerea
306 1836 338 1896 id
359 1841 390 1896 et
405 1837 526 1896 fratrem
546 1837 613 1898 eius
627 1836 826 1896 Hannibalem
846 1869 889 1880 -
904 1836 1027 1896 named
1089 1907 1092 1914 ,

44 1937 116 1982 cum
139 1935 262 1996 quoque
282 1919 346 1981 isse
366 1922 485 1995 legatos
510 1920 619 1980 eadem
641 1915 781 1981 iubentes
800 1951 844 1965 -
869 1920 1019 1980 iacturum

44 2005 155 2065 nonin
169 2020 207 2066 eo
222 2018 294 2065 esse
306 2003 598 2079 Carthaginiensium
613 2019 672 2078 res,
688 2009 721 2064 nt
731 2003 858 2062 Galliam
874 2003 1027 2079 atquelta·

45 2088 120 2150 liam
140 2089 230 2150 armis
253 2087 417 2148 obtineant.
448 2087 540 2162 Mago
563 2103 624 2148 non
645 2087 772 2163 imperio
794 2086 886 2148 modo
905 2095 1029 2147 senatus

47 2171 248 2249 periculoque
266 2171 381 2249 patriae
396 2178 497 2232 motus
513 2173 570 2232 scd
585 2177 723 2231 metuens
746 2171 850 2245 etiam,
873 2187 912 2230 ne
931 2171 1030 2231 victor

47 2255 149 2318 hostis
164 2257 292 2318 moranti
307 2255 447 2331 instaret,
468 2257 658 2332 Liguresque
672 2255 747 2331 ipsi,
769 2255 900 2330 relinqui
914 2253 1029 2314 ltaliam

49 2340 185 2401 aPoenis
200 2346 368 2416 cernentes,
384 2341 424 2399 ad
439 2354 495 2400 eos
507 2356 636 2416 quornm
647 2355 720 2400 mox
735 2339 765 2398 in
778 2345 929 2416 potestate
941 2337 1030 2398 luturi

49 2429 155 2485 essent
168 2424 351 2499 delicerent,
371 2424 460 2484 simul
475 2439 604 2498 sperans
625 2425 772 2485 leniorem
793 2423 823 2482 in
838 2421 1031 2498 navigatione

52 2523 145 2585 quam
158 2507 187 2568 in
202 2508 254 2567 via
273 2506 467 2568 iactationem
482 2508 617 2569 vulneris
633 2509 700 2568 lore
714 2513 744 2570 et
758 2507 906 2568 curationi
930 2507 1030 2567 omnia

52 2592 267 2666 commodiora,
283 2589 434 2668 impositis
450 2591 549 2668 copiis
564 2592 593 2652 in
609 2608 705 2654 naves
721 2593 886 2669 proiectus,
904 2592 1029 2652 vixdum
1143 2621 1150 2628 -

54 2682 195 2751 superata
206 2675 348 2736 Sardinia
363 2691 402 2736 ex
416 2678 543 2736 vulnere
557 2678 693 2738 moritur.
726 2692 823 2736 neves
840 2691 964 2751 quoque
978 2675 1029 2734 ali-

56 2765 132 2836 quot
143 2759 311 2820 Poenorum
334 2759 481 2821 disiectae
502 2759 533 2820 in
554 2762 614 2823 alto
630 2778 648 2821 e
664 2761 765 2821 classe
778 2761 930 2832 Romana,
952 2773 1031 2834 quae

55 2845 137 2904 circa
150 2843 319 2905 Sardiniam
342 2845 614 2920 erat,capiuntur.
650 2844 727 2905 haec
748 2852 828 2905 terra
849 2843 986 2917 marique
1001 2841 1030 2900 in

57 2932 141 3005 parte
152 2928 264 3002 ltaliae,
289 2945 350 3003 qna
364 2929 443 2989 iacet
456 2929 497 2989 ad
511 2929 618 3004 Alpes,
642 2935 738 3004 gesta.
792 2985 793 2990 ,

141 3011 250 3074 consul
266 3012 297 3073 C.
314 3011 463 3073 Servilius
478 3013 562 3073 nulla
575 3013 763 3073 memorabili
777 3029 811 3072 re
825 3014 855 3072 in
874 3011 1033 3089 provincia

58 3095 169 3156 Etruria
190 3103 220 3155 et
234 3096 330 3156 Gallia
352 3130 393 3141 -
415 3097 616 3171 quoniameo
634 3112 757 3174 quoque
777 3100 973 3172 processerat
991 3125 1033 3137 -

60 3185 156 3256 gesta,
182 3186 268 3256 patre
289 3180 320 3241 c.
342 3179 472 3240 Servilio
495 3189 525 3242 et
546 3181 577 3242 C.
598 3181 715 3242 Lutatio
737 3194 777 3239 ex
798 3179 942 3239 servitute
962 3184 1033 3253 post

62 3271 173 3324 sextum
187 3263 337 3324 decimum
353 3280 465 3324 aunum
479 3264 620 3342 receptis
638 3264 689 3340 qui
704 3264 744 3324 ad
758 3262 857 3322 vicum
867 3262 1033 3321 Tannetum

63 3347 167 3408 eBoiis
181 3348 261 3424 capti
276 3348 403 3424 inerant,
417 3347 489 3408 hinc
504 3355 590 3424 patre
604 3347 675 3407 hinc
687 3346 790 3408 Catulo
806 3345 891 3406 lateri
906 3345 1032 3404 circum·

64 3432 137 3492 dalis
150 3431 267 3508 privato
279 3431 378 3508 magis
394 3447 486 3508 quam
501 3431 624 3508 publico
641 3431 753 3492 decore
767 3428 895 3505 insignis
905 3429 1034 3490 Romam

66 3515 154 3577 rediit.
180 3517 272 3577 latum
293 3516 331 3576 ad
347 3518 495 3592 populum
510 3523 565 3592 est,
587 3531 627 3576 ne
639 3514 670 3575 G.
684 3513 812 3576 Servilio
829 3512 928 3583 iratrdi
943 3517 1034 3580 esset,
