2428 3892
159 235 202 298 oc
319 229 433 293 arara
447 227 541 290 xxv.
564 165 760 289 caraea.
783 225 820 304 p.
834 228 989 301 umero]
1103 272 1106 278 .

158 405 208 452 mo
224 388 274 450 die
285 391 358 464 post
370 383 471 444 nauis
482 387 611 443 mortem
621 386 670 443 est
680 379 874 442 interfectus.
888 379 993 441 luctus
1005 395 1049 441 ex
1060 389 1163 444 morte

158 487 265 535 eorum
280 485 343 531 non
356 468 474 529 Romae
489 464 587 526 maior
601 479 692 542 quam
709 479 767 540 per
781 469 877 526 totam
888 463 1080 541 Hispaniam
1095 466 1163 528 brit

160 556 234 635 quin
259 553 345 630 apud
370 551 455 612 cives
482 557 598 627 partem
622 548 740 610 doloris
763 554 795 610 et
815 547 975 610 exacitus
999 549 1112 610 amissi
1134 559 1164 610 et
1207 530 1208 584 ἶ

159 641 292 702 alienata
311 634 473 712 provincia
492 639 523 695 et
537 632 662 709 publica
681 631 825 694 trahebat
839 631 962 693 clades=
985 633 1163 710 Hispaniae

159 725 248 799 ipsos
273 720 420 798 lugebant
443 717 723 794 desiderabantque
748 715 863 792 duces,
893 715 1034 778 Gnaeum
1061 717 1164 794 magis

160 807 246 883 quod
260 804 373 867 diutius
389 803 564 880 praefuerat
577 799 631 875 iis,
652 799 803 876 priorque
817 805 850 860 et
864 799 1007 862 lavarem
1022 816 1164 878 occupa·

160 897 247 952 verat
261 895 292 950 et
304 887 461 965 specimen
477 884 610 948 iustitiae
623 881 910 961 temperantiaeque
921 885 1088 969 Romanae
1100 886 1164 962 pri·

161 991 230 1038 mus
246 973 383 1035 dederat.
625 1019 631 1030 ,

244 1054 393 1118 XXXVII.
417 1053 491 1116 cum
502 1052 594 1113 deleti
604 1051 761 1113 exercitus
773 1051 976 1129 amissaeque
987 1052 1165 1130 Hispaniae

160 1142 346 1215 viderentur,
362 1139 409 1200 vir
423 1153 504 1200 unus
518 1151 570 1197 res
581 1135 720 1212 perditas
729 1135 872 1198 restituit
896 1136 1006 1217 eratin
1017 1139 1165 1200 exercitu

161 1227 195 1288 L.
209 1223 343 1286 Marcius
360 1219 499 1300 Septimii
513 1220 605 1294 lilius,
623 1235 722 1297 eques
736 1219 908 1296 Romanus,
923 1221 1060 1297 impiger
1073 1221 1163 1284 iuve-
1210 1240 1211 1334 q

161 1310 210 1372 nis
226 1308 379 1384 animique
393 1314 424 1368 et
436 1303 550 1381 ingenii
564 1303 721 1379 aliquanto
737 1320 831 1378 quam
843 1321 901 1381 pro
915 1306 1042 1369 lonuna
1053 1306 1088 1366 ia
1103 1321 1164 1382 qua

161 1400 228 1456 erat
239 1399 328 1454 natus
336 1390 470 1454 maioris.
485 1388 526 1449 ad
538 1403 687 1449 summam
699 1387 1085 1474 indolemaccesseratCn.
1097 1388 1165 1451 Sci-

163 1477 264 1554 pionis
287 1475 464 1549 disciplina,
486 1471 544 1532 sub
567 1488 629 1549 qua
649 1487 705 1548 per
726 1479 771 1534 tot
790 1489 891 1535 annos
908 1489 1018 1535 omnes
1034 1474 1165 1535 militiae

162 1567 245 1623 artes
260 1560 390 1621 edoctus
405 1559 512 1620 luerat
541 1562 572 1617 et
584 1571 625 1617 ex
640 1557 713 1632 luga
726 1557 866 1618 collectis
880 1557 1029 1620 militibus
1045 1565 1079 1620 et
1095 1559 1164 1635 qui·

163 1643 295 1706 busdam
310 1641 350 1702 de
365 1640 527 1717 praesidiis
542 1639 683 1703 deductis
697 1641 782 1702 haud
793 1642 1056 1704 contemnendum
1069 1657 1164 1704 exer-

166 1728 257 1790 citum
273 1727 402 1800 lecerat,
423 1726 625 1800 iunxeratque
639 1739 710 1786 cum
723 1724 789 1786 Tib.
803 1724 933 1788 Fonteio
949 1727 982 1786 P.
1001 1725 1165 1804 Scipionis

165 1816 275 1888 regala
312 1809 369 1872 sed
382 1814 499 1872 tantum
515 1807 667 1884 praestitit
680 1823 780 1885 eques
795 1809 958 1873 Romanus
974 1811 1165 1874 auctoritate
1212 1841 1213 1860 z

165 1897 243 1956 inter
255 1895 365 1957 nrilites
381 1899 474 1972 atque
488 1892 621 1967 bonore,
642 1899 676 1954 ut
690 1893 800 1956 castris
817 1894 894 1956 citra
908 1895 1060 1958 Hiberum
1076 1911 1165 1958 com·

164 1978 303 2053 munitis,
324 1994 394 2040 cmn
414 1978 525 2040 ducem
539 1976 694 2039 exercitus
709 1976 841 2038 comitiis
856 1978 1043 2045 militaribus
1059 1981 1164 2042 creari

166 2065 346 2141 placuisset,
368 2062 537 2124 subeuntes
558 2059 609 2120 alii
630 2060 697 2122 aliis
717 2060 749 2122 iu
771 2063 944 2124 custodiam
960 2064 1036 2124 valli
1051 2064 1164 2126 stallo·

166 2162 284 2225 aesque
298 2148 397 2210 donec
412 2161 469 2223 per
484 2159 592 2208 ornnes
608 2143 791 2220 suffragium
805 2144 878 2220 iret,
901 2148 941 2208 ad
955 2147 990 2208 L.
1005 2147 1164 2210 Marcium

166 2233 266 2294 cuncti
281 2247 430 2294 summam
445 2228 564 2306 imperii
578 2229 750 2290 detulerint.
779 2245 872 2292 omne
886 2230 959 2292 inde
975 2237 1104 2308 tempus
1119 2267 1166 2278 -

165 2317 310 2392 exiguum
321 2316 353 2376 id
363 2315 467 2378 luit—
473 2312 646 2376 muniendis
656 2312 768 2374 castris
782 2313 1062 2393 convehendisque
1075 2333 1163 2380 com·

167 2401 316 2463 meatibus
339 2397 547 2475 consumpsit;
569 2403 600 2458 et
619 2396 722 2460 omnia
740 2396 872 2474 imperia
885 2399 999 2461 milites
1017 2415 1091 2463 cum
1106 2402 1164 2463 im-

167 2483 254 2560 pigre
278 2491 342 2546 tum
364 2483 604 2560 haudquaquam
625 2480 744 2543 abiecto
765 2481 869 2544 animo
890 2485 1164 2561 exsequebantur.

167 2573 301 2630 ceterum
323 2574 489 2644 postquam
508 2565 734 2628 Hasdrubalem
755 2566 902 2642 Gisgonis
925 2569 1103 2631 uenientem
1117 2571 1163 2632 ad

167 2649 313 2726 reliquias
333 2651 405 2712 belli
426 2648 574 2712 delendas
595 2649 744 2713 transisse
763 2647 912 2712 Hiberum
933 2659 964 2713 et
985 2655 1162 2731 appropin-

168 2748 264 2810 quare
288 2735 422 2798 adlatam
447 2741 510 2810 est,
539 2734 723 2812 signumque
749 2751 872 2812 pugnae
898 2737 1100 2814 propositum
1122 2739 1163 2800 ab

167 2832 250 2879 novo
272 2818 352 2884 duce
372 2820 483 2883 milites
503 2817 660 2894 viderunt,
684 2820 854 2894 recordati,
882 2837 963 2896 quos
977 2823 1074 2898 paulo
1088 2830 1164 2884 ante

167 2901 368 2977 imperatores
389 2904 584 2980 babrdssent,
605 2903 780 2982 quibusque
801 2909 832 2965 et
850 2903 982 2968 ducibus
1004 2912 1036 2967 et
1056 2904 1162 2983 copiis

168 2985 236 3048 lreti
250 2989 375 3063 prodire
389 2992 420 3054 in
434 3003 570 3069 pugnam
584 2989 666 3053 soliti
681 2995 796 3065 esseut,
811 2988 889 3050 llere
904 3004 1015 3051 omnes
1030 2997 1163 3067 repente

168 3076 198 3160 et
212 3069 367 3138 offensare
382 3077 492 3155 capita,
511 3074 606 3136 etalii
620 3090 729 3136 manus
743 3072 785 3136 ad
801 3073 920 3134 caelum
935 3073 1065 3135 tendere
1081 3076 1161 3138 deos

166 3161 358 3236 incusantes,
380 3162 431 3226 alii
451 3157 538 3223 strati
552 3157 635 3222 hurni
650 3175 740 3222 suum
755 3158 890 3236 quisque
904 3158 1089 3221 nominatim
1105 3159 1161 3223 du·

167 3253 234 3303 cem
247 3238 447 3320 implorare>
458 3260 561 3323 neque
575 3244 679 3308 sedari
691 3243 866 3306 lamentatio
881 3248 1006 3319 poterat
1019 3243 1160 3306 excitan-

166 3321 248 3386 tibus
268 3332 500 3397 centurionibus
519 3331 728 3408 manipulares
749 3335 780 3390 et
799 3328 870 3405 ipso
890 3329 1048 3390 mulcente
1068 3334 1102 3390 et
1115 3328 1160 3390 ln·

167 3415 313 3483 crepante
326 3414 459 3493 Marcio,
480 3416 566 3494 qaod
585 3416 616 3477 in
637 3414 803 3476 muliebres
818 3418 849 3475 et
863 3411 987 3474 inutiles
1002 3427 1040 3475 se
1055 3412 1159 3491 prole

239 3498 283 3553 “nt
305 3492 396 3563 betas
417 3501 536 3580 potius,
558 3515 651 3577 quam
673 3499 713 3560 ad
733 3498 879 3560 tutandos
901 3503 1002 3560 semet
1023 3496 1115 3575 ipsos
1129 3501 1158 3557 et
