2448 3900
217 241 334 300 affluit
346 240 480 301 xxviii.
503 241 586 302 cnr.
601 249 702 306 mae.
724 244 759 330 [a
772 249 880 325 ocos]
977 244 1038 312 271

39 393 247 455 maiestatem
268 393 402 469 imperii,
425 409 505 469 quae
520 402 582 455 tum
596 395 627 454 in
640 402 694 457 tuo
711 397 811 472 capite
826 398 1039 473 periclitabun-

38 486 115 553 tur,
138 478 326 540 commisisti.
360 493 418 552 ego
434 477 465 536 P.
482 477 655 538 cornelium
670 479 715 539 rei
729 479 872 556 publicae
885 483 1039 561 nobisque

39 581 120 626 non
142 564 200 624 sibi
218 563 279 638 ipsi
292 561 433 638 privatim
449 570 583 623 creatrun
599 566 758 626 consulem
772 565 929 642 existimo,
950 584 1038 631 exer·

38 650 199 725 citusque
222 648 261 708 ad
284 647 453 709 custodiam
474 647 560 707 urbis
581 655 674 724 atque
689 649 793 710 ltaliae
807 650 942 727 scriptos
956 668 1037 731 esse,

38 749 118 795 rron
135 749 216 808 quos
231 732 317 806 regio
332 747 417 793 more
432 747 488 807 per
501 733 679 808 superbiam
694 736 849 810 eonsules,
867 753 928 810 quo
943 743 1037 800 terra·

38 835 122 892 rum
136 819 240 888 velint,
256 816 423 876 traicient“.

112 901 215 961 XLlll.
239 900 313 961 dum
338 899 475 960 oratione
501 900 540 960 ad
561 907 683 976 tempus
708 905 816 976 parata
835 904 948 966 Fabius
974 915 1037 968 tam

42 987 236 1048 auctoritato
258 991 289 1045 et
302 986 489 1045 inveteratae
511 984 693 1061 prudentiae
713 985 795 1046 lamo
808 1003 950 1062 magnam
966 1007 1035 1066 par-

41 1077 114 1132 tem
129 1077 256 1131 senatus
268 1077 299 1130 et
312 1070 452 1130 seniores
466 1069 598 1130 maxime
610 1069 768 1144 movisset,
783 1073 951 1149 pluresque
963 1089 1035 1154 con-

41 1157 156 1216 silium
176 1154 261 1215 senis
285 1169 377 1230 quam
391 1153 524 1214 animam
539 1154 766 1215 adolescentiae
781 1158 916 1218 ferocem
930 1158 1034 1219 lauda·

41 1248 129 1314 rent,
152 1238 257 1313 Scipio
272 1239 313 1299 ita
326 1240 447 1299 locutus
463 1239 572 1299 fertur:
595 1245 647 1313 „et
659 1238 777 1314 ipseQ.
793 1240 907 1302 Fabius
922 1242 1032 1318 princi

43 1326 104 1401 pio
117 1323 274 1396 orationis,
283 1330 387 1400 patres
399 1323 574 1398 conscripti,
584 1325 833 1387 commemoravit
843 1327 873 1386 in
886 1329 1036 1388 sententia

44 1425 110 1469 sua
132 1423 228 1484 posse
243 1407 491 1469 obtrectationem
506 1415 683 1483 suspectam
699 1423 779 1469 esse.
814 1411 902 1472 cuius
917 1426 975 1486 ego
990 1411 1034 1472 rei

44 1509 114 1554 non
136 1500 199 1552 tam
218 1491 288 1567 ipse
309 1491 407 1552 ausim
426 1499 541 1553 tantam
563 1492 661 1553 virum
676 1493 868 1571 insimulare,
890 1511 980 1572 quam
997 1511 1032 1560 ea

46 1577 193 1653 suspicio
211 1609 248 1621 -
264 1576 337 1637 vitio
359 1575 507 1638 orationis
526 1595 566 1638 aa
586 1579 688 1638 rei-
702 1576 785 1640 haud
806 1595 883 1640 sane
904 1587 1034 1656 purgata

49 1669 111 1722 est
134 1661 179 1721 sic
194 1661 275 1720 enim
287 1661 423 1721 honores
438 1677 514 1722 suos
529 1669 559 1723 ct
573 1664 685 1724 lamam
698 1677 800 1724 rerum
811 1671 1031 1740 gestarumex·

52 1746 122 1806 tulit
138 1744 238 1805 verbis
252 1744 292 1804 ad
308 1745 565 1819 exstinguendum
579 1745 711 1806 invidiae
727 1748 856 1824 crimen,
879 1755 1032 1825 tamquam

49 1829 126 1889 mihi
141 1830 179 1889 ab
193 1829 297 1890 inilmo
313 1844 439 1904 quoque
454 1830 621 1905 periculum
638 1831 690 1901 sit,
712 1846 752 1891 ne
766 1848 886 1893 mecum
901 1835 1032 1894 aemule·

50 1922 118 1987 tur,
135 1922 166 1974 et
179 1928 239 1974 non
255 1914 293 1974 ab
309 1929 361 1981 eo,
379 1913 439 1990 qui,
457 1915 528 1989 quia
543 1929 638 1988 super
652 1921 773 1975 ceteros
788 1918 933 1990 excellat,
956 1933 1032 1992 quo-

48 2014 114 2075 que
129 1998 182 2058 niti
197 2013 258 2058 non
274 1998 443 2070 dissimulo,
463 2013 512 2058 me
527 1998 585 2058 sibi
601 1997 728 2073 aequari
742 1999 825 2059 nolit.
862 2000 908 2060 sic
924 2015 1030 2060 senem

47 2099 88 2144 se
111 2082 367 2158 perfunctumque
388 2089 418 2142 et
431 2097 480 2142 me
501 2081 578 2142 inira
595 2087 724 2142 aetatem
740 2083 792 2142 lilii
808 2083 899 2143 etiam
914 2084 962 2144 sui
977 2101 1032 2159 po·

47 2169 121 2240 suit,
137 2176 293 2243 tamquam
309 2183 369 2227 non
382 2168 511 2242 langius,
528 2183 620 2242 qaam
633 2174 778 2242 quantum
791 2167 1033 2229 vitaehumanae

46 2252 187 2328 spatium
215 2259 277 2326 est,
306 2252 458 2328 cupiditas
485 2251 602 2326 gloriae
629 2252 812 2318 extendatur
839 2252 1034 2327 maximaque
1134 2247 1145 2266 ⁶

48 2353 127 2414 pars
142 2336 210 2396 elus
225 2336 255 2396 ln
269 2338 446 2398 memoriam
461 2352 498 2396 ac
513 2335 721 2411 posteritatem
736 2336 915 2411 promineat.
938 2336 1033 2396 maxi·

46 2439 101 2482 mo
124 2420 236 2496 cuique
257 2421 288 2480 id
308 2421 449 2482 accidere
469 2422 570 2482 animo
592 2427 707 2480 certam
731 2420 846 2490 habeo,
869 2427 901 2481 ot
921 2435 957 2481 se
971 2437 1033 2481 non

48 2523 121 2567 carn
143 2505 357 2580 praesentibus
379 2505 472 2566 moda
494 2505 550 2565 sed
570 2521 640 2564 cum
654 2504 754 2565 omnis
769 2504 837 2565 aevi
853 2505 943 2565 claris
959 2505 1032 2566 viris

48 2596 220 2664 comperet.
278 2590 422 2664 equidem
445 2589 527 2650 haud
550 2588 710 2649 dissimula
728 2603 777 2649 me
794 2596 878 2663 tuas,
900 2590 934 2663 Q.
948 2589 1033 2664 rabi,

48 2675 162 2736 laudes
183 2689 245 2734 noo
267 2673 397 2749 adsequi
417 2675 517 2734 solum
539 2675 633 2748 veile,
655 2674 712 2734 sed
725 2704 769 2718 -
782 2673 968 2750 bonaveaia
982 2682 1034 2735 tua

49 2759 183 2820 dixerim
198 2758 281 2817 -si
299 2758 417 2834 possim
432 2758 522 2818 etiam
538 2773 738 2834 exsuperare.
771 2757 845 2819 illud
862 2775 920 2818 nec
933 2759 987 2820 tibi
1001 2759 1032 2819 in

49 2861 99 2904 mc
126 2859 184 2903 noe
209 2842 280 2902 mihi
304 2842 334 2902 in
360 2843 529 2903 minoribus
555 2849 627 2904 nata
653 2842 744 2902 animi
765 2842 819 2917 sit,
847 2849 881 2904 ut
901 2844 1033 2905 nolimus

50 2942 238 3005 quemquam
259 2928 355 2988 nostri
377 2927 504 2988 similem
525 2927 658 2987 evadere
678 2927 790 2987 civem=
818 2927 856 2988 id
870 2929 951 2988 enlm
972 2944 1033 2990 non

50 3030 158 3073 eoram
185 3012 293 3086 modo,
319 3012 430 3087 quibus
456 3012 670 3085 inuiderimus,
696 3011 753 3072 sed
774 3012 818 3071 rei
843 3012 985 3088 publicae
1005 3019 1036 3072 et

51 3113 151 3174 paene
167 3099 265 3157 otonis
280 3097 402 3172 generis
418 3096 541 3157 humani
554 3096 766 3156 detrimentum
777 3094 825 3156 sit.
849 3112 1033 3158 commemo·

51 3183 144 3256 ravit,
172 3189 317 3257 quantum
343 3199 445 3243 essem
467 3179 595 3257 periculi
614 3181 768 3252 aditurus,
796 3180 824 3240 si
847 3179 878 3238 in
898 3180 1034 3242 Africam

51 3268 226 3342 traicerem,
253 3275 286 3329 ut
305 3283 403 3326 aream
425 3283 551 3343 quoque
573 3281 633 3325 non
656 3267 755 3325 solum
776 3264 820 3323 rei
841 3264 983 3340 publicae
1004 3271 1034 3325 et

52 3353 205 3413 exercitas
229 3352 325 3412 vicem
346 3353 502 3412 videretur
523 3351 681 3411 sollicitus.
716 3349 798 3407 unde
816 3347 892 3408 haec
906 3354 1033 3423 repente

53 3453 124 3498 cura
147 3439 185 3498 dc
206 3453 255 3497 me
275 3443 403 3499 exortat
433 3452 501 3497 cum
523 3443 610 3511 pater
630 3441 820 3510 patruusque
841 3447 927 3494 meus
942 3433 1032 3494 inter-

54 3522 138 3588 iecti.
160 3537 229 3584 cum
250 3522 312 3583 duo
334 3522 487 3582 exercitus
508 3535 614 3581 eorum
635 3533 735 3595 prope
757 3517 917 3578 occidione
937 3511 1030 3577 occisi
