2434 3902
160 169 222 235 184
299 168 414 232 LIBER
428 169 549 228 xxvu.
572 167 655 228 CAP.
673 175 714 231 re.
732 171 773 228 19.
796 173 832 240 [ι.
844 171 879 224 υ.
895 190 919 224 a.
931 172 994 238 aaa]

158 331 192 387 ut
205 323 263 387 sub
279 323 371 384 ictum
391 329 555 397 venerunt,
578 321 707 382 telenum
721 321 819 398 primo
843 322 942 383 omnis
956 321 1088 398 generis
1102 323 1146 380 vis

158 407 267 484 ingens
286 406 388 469 effusa
408 406 438 466 in
460 421 516 466 cos
536 413 600 476 est;
626 405 687 482 ipsi
706 411 814 467 contra
834 421 926 480 saxa,
951 421 1036 482 quae
1060 407 1146 466 locus

158 498 253 554 strata
264 492 390 568 passim,
403 489 505 553 omnia
517 490 611 550 terme
621 490 758 565 missilia,
771 490 906 566 praebet,
917 490 1076 566 ingerere,
1090 505 1146 550 noa

158 576 268 636 milites
289 575 390 635 solum
404 575 461 636 sed
481 573 571 634 etiam
587 573 676 634 turba
690 576 831 635 calonum
849 574 989 636 immixta
1009 575 1147 634 armatis.

159 666 294 722 ceterum
309 673 495 735 quamquam
516 673 666 720 ascensus
682 659 816 720 difficilis
832 666 906 735 erat,
929 665 959 720 et
972 674 1082 736 prope
1097 658 1146 720 ob-

158 743 324 806 ruebantur
337 742 406 804 telis
421 743 585 819 saxisque,
607 743 812 804 adsuetudine
832 749 932 804 tamen
954 743 1148 805 succedendi

158 843 262 890 muros
278 834 309 888 et
322 826 489 904 pertinacia
510 827 601 886 animi
617 826 775 888 subierunt
788 827 887 904 primi.
920 827 974 904 qui
988 827 1087 888 simul
1103 843 1147 887 ce·

158 928 232 991 pere
246 911 362 989 aliquid
376 911 468 987 aequi
482 909 552 986 loci,
573 910 627 972 ubi
641 912 730 974 brnro
747 911 950 974 consisterent
962 913 1086 988 gradu,
1108 915 1145 971 le·

158 1012 226 1058 vem
237 1002 268 1058 et
278 1002 526 1057 concursatorem
537 995 658 1057 hostem
673 1002 765 1073 atque
779 996 939 1058 intervallo
953 1001 1066 1071 tutum,
1083 1011 1147 1056 cum

157 1081 265 1157 procul
281 1080 448 1142 missilibus
465 1095 570 1156 pugna
590 1080 737 1156 eluditur,
760 1079 932 1142 instabilem
954 1081 1098 1140 eundem
1112 1081 1147 1140 ad

158 1165 327 1226 comminus
349 1165 560 1226 conserendas
575 1180 699 1238 manus,
722 1166 905 1242 exprderunt
918 1165 1007 1240 loco,
1032 1173 1067 1226 et
1082 1181 1146 1225 cum

158 1251 254 1312 caede
268 1265 380 1326 magna
394 1249 425 1309 in
441 1249 537 1310 aciem
552 1248 660 1309 altiore
674 1257 900 1326 superstantem
913 1251 1135 1329 tumulcinape

156 1349 240 1410 gere.
266 1334 337 1395 inde
352 1333 457 1410 Scipio
473 1334 566 1394 iussis
582 1335 733 1396 adversus
748 1333 880 1395 mediam
895 1334 1033 1394 evadere
1049 1333 1145 1394 aciem

156 1419 324 1482 victoribus
346 1425 465 1480 ceteras
481 1417 588 1494 copias
604 1434 673 1479 cum
686 1417 791 1480 Laelio
814 1417 935 1490 dividit,
958 1424 1057 1494 atque
1080 1434 1144 1478 eum

156 1509 243 1579 porte
258 1505 367 1564 dextm
380 1503 486 1564 tumuli
507 1502 681 1575 circumire,
705 1503 806 1564 donec
819 1501 968 1564 mollioris
991 1517 1145 1563 ascensus

156 1587 236 1646 viam
257 1587 420 1661 inveniret,
442 1585 539 1648 iubcl=
562 1587 632 1662 ipse
652 1586 690 1647 ab
705 1587 794 1647 laeva
809 1587 967 1648 circumitu
980 1585 1072 1647 haud
1087 1603 1143 1646 rua·

156 1686 217 1746 gno
236 1671 267 1730 iu
288 1676 483 1732 transversos
503 1671 610 1733 hostes
633 1671 767 1732 incurrit.
809 1670 883 1732 inde
902 1670 1001 1748 primo
1024 1670 1144 1732 turbata

156 1754 239 1815 acies
255 1761 310 1827 est,
328 1755 399 1815 dum
413 1755 454 1816 ad
469 1755 742 1816 circumsonantem
757 1755 895 1832 undique
910 1756 1083 1817 clamorem
1095 1754 1144 1814 ile-

157 1845 238 1900 ctere
253 1853 369 1900 cornua
384 1843 414 1900 et
431 1839 592 1901 obvertere
608 1839 731 1900 ordines
746 1841 864 1901 volunt.
892 1840 953 1900 hoc
970 1843 1144 1901 tumultuet

155 1923 276 1984 Laelius
298 1922 406 1996 sublim
429 1917 461 1984 et
474 1924 546 1984 dum
560 1925 672 2000 pedem
686 1924 834 1998 referunt,
857 1939 897 1984 ne
917 1925 956 1985 ab
971 1931 1065 1999 tergo
1081 1925 1143 1984 vul·

155 2016 341 2084 nerarentur,
357 2009 458 2068 laxata
470 2008 568 2084 prima
582 2008 665 2068 acies
680 2009 833 2084 locusque
847 2009 886 2068 ad
902 2009 1104 2070 evadendum
1118 2014 1145 2067 el

155 2092 264 2153 mediis
285 2093 375 2153 datus
397 2098 459 2165 est,
484 2091 536 2166 qui
558 2108 614 2168 per
632 2099 694 2152 tam
714 2092 852 2168 iniquum
867 2093 968 2155 locum
989 2093 1144 2153 stantibus

154 2177 280 2253 integris
303 2176 461 2237 ordinibus
485 2176 718 2252 elephantisque
739 2183 810 2237 ante
825 2177 912 2252 signa
926 2177 1039 2236 locatis
1057 2193 1144 2238 num-

111 2325 117 2342 ,
155 2277 247 2336 quam
262 2259 447 2322 evasissent.
479 2277 550 2322 cum
565 2260 603 2320 ab
619 2260 702 2321 omni
718 2268 805 2337 parto
820 2260 933 2322 caedes
949 2262 1055 2336 heret,
1080 2260 1144 2324 Sci-

154 2345 216 2420 pio,
240 2345 292 2419 qui
308 2344 398 2405 laevo
415 2360 511 2406 cornu
526 2344 556 2405 in
572 2345 713 2406 dextrum
726 2346 942 2420 incucurrerat
963 2346 1103 2407 maxime
1117 2346 1143 2404 in

154 2429 237 2488 nuda
256 2431 352 2490 latera
372 2429 506 2490 hostium
527 2428 693 2505 pugnabat.
728 2436 758 2490 et
772 2430 831 2490 iam
846 2443 886 2491 ne
901 2431 994 2506 rugae
1015 2431 1143 2507 quidem

155 2513 280 2588 patebat
293 2514 389 2574 locus.
414 2521 444 2574 et
458 2513 607 2575 stationes
622 2514 772 2590 utrimque
782 2515 941 2575 Romanae
955 2515 1066 2576 dextro
1083 2517 1142 2575 lae-

153 2612 256 2671 vaque
278 2596 454 2659 insederant
473 2597 557 2674 vias,
580 2604 609 2658 et
623 2605 713 2675 portu
734 2607 904 2660 castrorum
919 2599 1008 2661 ducis
1030 2599 1142 2676 priuci-

154 2695 288 2756 pumque
303 2681 375 2757 iuga
389 2683 495 2744 clausa
514 2689 595 2756 emt,
616 2683 722 2744 addita
736 2683 941 2760 trepidatione
962 2684 1141 2759 elephanto·

153 2779 233 2839 rum,
257 2781 337 2840 quos
361 2767 481 2828 territos
501 2782 602 2842 aeque
624 2771 716 2843 alque
728 2768 837 2830 hostes
858 2769 1012 2829 timebant.
1049 2783 1141 2831 caesa

152 2847 244 2924 igilur
257 2851 298 2910 ad
312 2857 381 2914 octo
397 2851 479 2912 milia
492 2851 660 2912 hominum.
742 2879 748 2888 =

236 2933 313 2996 XIX.
346 2935 536 3012 Hasdrubal,
557 2937 617 2997 iam
638 2943 801 3011 antequam
817 2937 989 3009 dimicaret,
1010 2935 1140 3012 pecunia

152 3025 240 3094 rapta
251 3020 484 3096 elephantisque
496 3019 686 3098 praemissis,
703 3022 955 3098 quamplurimos
968 3020 1138 3096 poteralde

153 3104 225 3178 iuga
239 3104 399 3180 excipiens
415 3112 538 3180 praeter
550 3105 665 3181 Tagum
680 3104 795 3167 ilumcn
813 3106 854 3166 ad
867 3105 1061 3182 Pyrenamm
1075 3110 1137 3164 ten-

153 3185 205 3244 dit.
245 3187 349 3264 Scipio
372 3188 481 3249 castris
500 3189 636 3250 hostium
657 3190 787 3265 potitus,
811 3205 880 3250 cum
901 3194 1024 3265 practer
1044 3188 1136 3249 libera

153 3269 255 3344 cupita
276 3284 396 3331 omnem
412 3271 559 3347 praedam
578 3272 724 3334 militibus
740 3273 964 3347 concessisset,
986 3272 1017 3332 in
1032 3287 1135 3332 recen·

153 3352 258 3412 sandis
280 3353 411 3428 captivis
433 3355 542 3414 decem
561 3355 645 3416 milia
664 3355 801 3431 peditum
817 3357 878 3418 duo
898 3355 981 3416 milia
1002 3355 1133 3432 equitum

151 3429 277 3493 invenit.
309 3451 349 3494 ex
363 3435 401 3496 iis
415 3437 573 3512 Hispanos
588 3437 656 3498 sine
670 3439 769 3515 pretio
788 3455 895 3502 omnes
911 3440 1037 3500 domum
1051 3438 1132 3500 dimi·
