2434 3902
232 209 347 272 amaa
361 210 482 270 xxvn.
505 211 588 272 cnr.
605 220 647 276 n.
662 221 705 277 re.
728 220 885 292 [scam]
983 212 1046 280 tea

50 365 207 427 duxerint
221 364 398 426 societatem
413 371 525 439 ratam,
545 364 598 426 ubi
613 381 671 428 nec
691 366 788 428 divini
810 367 975 445 quicquam
989 383 1048 430 neo

51 449 188 512 humani
203 455 341 510 sanctum
358 454 451 510 esset.
483 449 653 525 productae
667 451 780 512 deinde
794 452 825 513 in
846 459 1048 528 conspectum

51 535 96 595 iis
113 535 264 610 coniuges
276 532 425 608 liberique
435 533 662 595 lacrimantibus
673 535 788 610 gaudio
802 536 982 599 redduntur.
1004 544 1047 598 at·

54 635 124 695 que
142 635 180 679 eo
196 616 246 678 die
259 617 289 678 in
304 615 471 694 hospitium
485 617 626 689 abducti;
649 626 774 695 postero
790 620 841 680 die
856 621 983 682 loedere
997 635 1049 682 ao¹

53 709 154 778 cepta
174 702 269 778 fides,
292 701 474 778 dimissique
499 701 539 762 ad
565 704 672 779 copias
697 704 908 768 adducendas.
948 704 1049 767 isdem

53 787 177 848 deinde
199 787 309 848 castris
331 786 510 862 tendebant,
536 786 636 848 donec
658 787 787 851 ducibus
805 789 845 850 iis
866 789 908 849 ad
927 788 1049 851 hostem

57 879 246 948 perventum
262 879 318 931 est.
866 915 869 920 -

146 956 255 1017 XVlll.
277 954 436 1017 Proximus
445 953 739 1031 Carthaginiensium
751 957 1050 1020 exereitusilasdru-

60 1040 142 1100 baiis
163 1055 264 1116 prope
284 1039 389 1100 urbem
407 1039 572 1101 Baeculam
591 1046 665 1102 erat.
706 1057 763 1117 pro
785 1042 895 1105 castris
916 1041 1050 1120 equitum

58 1124 213 1187 stationes
233 1123 396 1183 habebant.
427 1125 458 1185 in
481 1140 535 1184 eas
551 1123 658 1186 velites
679 1127 933 1204 antesignanique
954 1125 1050 1203 etqui

60 1209 156 1286 primi
178 1207 308 1284 agminis
331 1215 431 1283 erant,
454 1209 655 1271 advenientes
671 1225 710 1270 ex
724 1211 848 1287 itinere,
871 1212 1050 1289 priusquam

60 1293 177 1354 eastris
198 1293 298 1354 locum
314 1300 474 1368 caperent,
497 1293 577 1354 adeo
592 1297 789 1371 contemptim
811 1296 956 1372 impetum
971 1296 1051 1356 iece-

59 1385 149 1454 runt,
179 1383 212 1440 ut
232 1377 321 1438 facile
342 1385 517 1454 appareret,
547 1377 621 1453 quid
641 1379 763 1456 utrique
783 1381 862 1455 parti
882 1380 1051 1440 animorum

61 1469 160 1523 esset.
181 1461 211 1522 in
225 1467 325 1522 castra
337 1461 456 1537 trepida
468 1461 540 1537 luga
555 1463 706 1538 compulsi
723 1464 842 1540 equites
853 1470 933 1540 sunt,
949 1463 1052 1539 signa·

62 1562 127 1622 que
139 1547 281 1607 Romana
295 1545 392 1623 portis
408 1561 506 1622 prope
529 1545 606 1622 ipsis
625 1547 717 1607 illata.
753 1554 845 1624 atque
859 1549 911 1609 illo
928 1547 1052 1624 quidem

65 1631 117 1692 die
130 1631 255 1692 irritatis
271 1637 386 1692 tantum
401 1630 442 1690 ad
453 1636 606 1692 certamen
620 1632 728 1692 animis
745 1639 846 1694 castra
855 1631 985 1694 Romani
998 1645 1053 1707 po-

68 1721 202 1776 suerunt.
226 1714 494 1776 nocteHasdrubal
510 1715 540 1774 in
553 1717 698 1777 tumulum
715 1717 822 1794 copias
837 1716 947 1794 recipit
960 1718 1052 1793 plano

65 1815 178 1876 campo
193 1801 224 1860 in
240 1815 358 1860 summo
374 1805 543 1875 patentem:
564 1799 678 1862 fluv-ius
693 1801 732 1861 ab
746 1809 849 1878 tergo,
873 1809 942 1864 ante
957 1801 1052 1862 circa-

64 1900 128 1962 que
144 1886 229 1945 velut
241 1884 308 1960 ripa
323 1899 474 1960 praeceps
488 1899 575 1944 oram
590 1883 657 1945 eius
672 1901 794 1950 omnem
808 1885 957 1960 cingebat.
980 1883 1050 1947 sub·

63 1976 133 2030 erat
155 1974 185 2028 et
205 1969 301 2029 altera
320 1968 447 2030 interior
467 1968 632 2030 summissa
653 1969 775 2046 fastigio
797 1969 955 2045 planities,
985 1983 1052 2029 cam

65 2068 196 2129 quoque
216 2055 311 2114 altem
332 2053 457 2130 crepido
482 2051 565 2113 haud
588 2053 707 2116 iaedior
720 2055 751 2114 in
772 2068 936 2114 ascensum
959 2051 1054 2113 ambi-

64 2137 128 2198 bat.
162 2137 193 2196 in
207 2136 289 2198 hunc
310 2135 485 2196 inferiorem
507 2151 649 2213 campum
664 2145 789 2214 postero
805 2137 855 2198 die
869 2135 1054 2212 Hasdrubal,

65 2228 235 2300 postquam
247 2227 376 2282 stantem
389 2236 445 2296 pro
457 2220 566 2282 castris
577 2221 711 2283 hostium
725 2221 822 2282 aciem
833 2221 918 2296 vidit,
934 2220 1053 2295 equites

65 2305 215 2368 Numidas
235 2304 410 2386 leviumque
430 2321 584 2367 armorum
603 2304 740 2367 Baliares
761 2312 793 2366 et
805 2305 899 2366 Alros
922 2305 1054 2366 demisit.

67 2390 191 2466 Scipio,
215 2390 438 2452 circumvectus
460 2389 584 2451 ordines
607 2391 772 2467 signaque,
796 2388 979 2451 ostendebat
998 2389 1054 2452 ho·

68 2483 163 2548 stem,
187 2474 407 2551 praedamnata
421 2490 479 2551 spe
494 2473 658 2535 dimicandi
680 2491 782 2551 aequo
798 2490 906 2551 campo
930 2479 1052 2550 captan-

68 2567 130 2620 tem
146 2559 293 2632 tumulos‚
317 2559 377 2619 loci
392 2558 506 2619 fiducia
519 2573 580 2618 non
602 2559 721 2620 virtutis
742 2574 958 2636 armorumque
973 2565 1054 2620 stare
1101 2565 1104 2570 '

69 2645 100 2704 in
115 2651 295 2720 conspectu.
329 2643 387 2703 sed
408 2642 515 2704 altiora
530 2643 652 2703 moenia
670 2642 818 2705 habuisse
833 2643 1053 2720 Carthaginem,

71 2743 152 2804 quae
167 2727 411 2788 transcendisset
423 2728 511 2788 miles
522 2726 696 2787 Romanum
709 2743 767 2788 nec
777 2729 919 2803 tumulos,
934 2743 992 2790 nec
1007 2743 1055 2786 ar-

70 2827 153 2886 cem,
176 2827 215 2872 ne
234 2827 319 2872 mare
341 2811 464 2886 quidem
486 2810 579 2871 armis
600 2810 756 2872 obstitisse
776 2812 851 2873 suis.
884 2813 970 2874 adid
989 2812 1055 2872 lore

72 2895 262 2968 altitudines,
286 2911 363 2971 quas
385 2894 542 2970 cepissent
559 2893 681 2972 hostes,
702 2902 736 2956 ut
756 2911 811 2972 per
832 2895 1012 2972 praecipitia
1026 2901 1057 2954 et

73 2986 238 3057 praerupta
258 2979 404 3040 salientes
419 2979 567 3054 lugerent.
599 2995 667 3039 eam
683 2995 807 3056 quoque
822 2996 857 3042 se
879 2981 937 3041 illis
953 2981 1055 3054 lugam

74 3066 258 3126 clausurum.
293 3064 500 3138 cohortesque
515 3062 591 3123 duas
613 3064 738 3124 alteram
752 3069 857 3125 tenere
871 3064 977 3124 lauces
991 3061 1056 3122 val·

74 3150 126 3224 lis,
149 3165 205 3226 per
221 3163 313 3224 quarn
329 3148 498 3208 deterretur
519 3146 633 3222 amnis,
656 3146 754 3221 iubet,
776 3148 899 3208 alteram
914 3145 997 3206 viam
1011 3143 1055 3202 in·

75 3232 193 3308 sidere,
216 3249 297 3308 quae
312 3232 352 3292 ab
372 3229 448 3307 urbe
464 3247 521 3308 per
534 3232 639 3292 tumuli
661 3231 785 3308 obliqua
799 3231 830 3290 in
845 3245 938 3306 agros
955 3229 1057 3288 terret.

74 3318 142 3394 ipse
163 3317 341 3393 expeditos,
366 3315 417 3392 qui
433 3315 530 3391 pridie
550 3317 698 3376 stationes
712 3314 846 3375 hostium
866 3312 1056 3389 pepulerant,

75 3402 115 3462 ad
128 3403 228 3462 levem
243 3408 426 3461 armaturam
441 3398 545 3460 infimo
561 3405 690 3460 stantem
706 3397 871 3474 supercilio
888 3394 978 3457 ducit.
1000 3408 1056 3469 per

76 3501 187 3563 aspera
198 3484 307 3562 primo,
322 3483 397 3544 nihil
411 3482 494 3544 aliud
509 3499 601 3560 quam
616 3482 666 3542 via
679 3480 824 3556 impediti,
840 3477 913 3539 iere.
934 3474 1057 3550 deinde,
