2434 3902
199 213 259 278 led
344 212 458 273 LIBER
473 210 592 270 xxvii.
615 209 697 271 cap.
712 217 812 271 aaut
834 211 869 288 [ι.
883 215 918 269 n.
932 212 1032 288 estc]

196 362 380 441 giniensium
400 367 431 422 et
445 376 484 422 ex
498 360 641 437 Bithynia
655 360 693 420 ab
708 376 781 437 rege
797 361 901 422 Prusia
914 361 1119 423 venientibus
1136 379 1178 422 ua-

198 448 296 521 mbae,
312 452 457 508 statuerat
471 444 572 506 navali
584 445 700 520 proelio
715 446 868 506 lacessere
880 447 1041 507 Romanos
1058 446 1122 507 iam
1137 447 1178 512 diu

197 532 226 592 in
242 531 368 607 regione
383 545 420 592 ea
434 535 574 605 potentes
596 527 698 589 maris.
731 529 799 605 ipse
820 529 859 590 ab
875 545 912 591 eo
928 530 1068 592 concilio
1086 531 1178 606 Argos

197 630 373 692 regressum
395 614 456 673 iam
471 613 551 674 enim
565 612 746 674 Nemeorum
759 613 924 690 appetebat
938 619 1086 691 tempas,
1109 632 1180 691 quae

197 700 353 760 celebrare
366 696 490 758 volebat
504 696 679 774 praesentio
694 713 760 758 sua.

281 783 386 844 xxttt.
409 781 565 857 Occupato
579 795 653 856 rege
667 789 816 857 apparatu
830 783 981 856 ludorum,
999 789 1031 842 et
1046 797 1109 858 per
1124 783 1183 842 dies

198 867 294 928 festos
316 866 456 927 licentius
478 882 570 942 quem
590 864 668 925 inter
681 863 752 925 belli
772 873 911 942 tempora
924 867 1105 927 remittente
1128 868 1183 926 ani·

197 966 294 1026 mum,
315 950 347 1009 P.
363 949 516 1026 Sulpicius
532 949 571 1009 ab
585 949 743 1025 Naupacto
761 951 919 1025 proiectus
933 952 1074 1011 classem
1090 967 1182 1028 appu·

197 1035 230 1095 lit
248 1034 326 1095 inter
339 1033 505 1114 Sicyonem
530 1039 561 1095 et
580 1031 769 1106 Corinthum,
798 1035 1057 1112 felicissimeque
1079 1053 1182 1111 aarum

197 1118 358 1180 fertilitatis
373 1115 472 1179 effuse
487 1116 627 1178 vastavit.
657 1118 739 1178 fama
753 1118 820 1180 eins
833 1119 879 1180 rei
892 1118 1073 1196 Philippum
1088 1119 1130 1179 ab
1145 1120 1181 1179 lu·

198 1202 246 1263 dis
263 1199 390 1273 excivit,
406 1202 578 1279 raptimque
592 1216 662 1262 cum
676 1203 810 1277 equitatu
824 1205 981 1280 proiectus
996 1204 1099 1265 iussis
1117 1204 1180 1265 snb

197 1288 286 1364 sequi
294 1285 450 1363 peditibus
457 1287 577 1364 palatos
584 1285 702 1362 passim
708 1303 764 1362 per
771 1303 1049 1364 egrosgravesque
1056 1289 1179 1364 praedo,

198 1377 229 1430 ut
244 1371 295 1447 qui
310 1371 385 1432 nihil
399 1373 460 1432 tale
473 1377 651 1446 metuerent,
673 1371 800 1432 adortus
814 1373 972 1434 Romanos
988 1373 1144 1448 compulit
1155 1372 1179 1430 in

197 1471 304 1516 naves.
339 1455 449 1515 classis
464 1456 602 1516 Romana
615 1453 854 1532 haudquaquam
874 1457 954 1517 laeta
968 1457 1095 1533 praeda
1109 1456 1178 1515 Nau-

198 1544 319 1613 pactum
330 1537 430 1598 rediit.
450 1538 739 1616 Philippoludorum
752 1555 885 1616 quoque,
900 1542 951 1615 qui
961 1541 1076 1617 reliqui
1089 1549 1177 1610 erant

198 1621 404 1683 celebritatem
417 1630 689 1699 quantaecumque,
705 1624 744 1684 de
751 1623 897 1686 Romanis
910 1631 1021 1700 buren,
1033 1626 1178 1685 victoriae

198 1712 304 1780 partae
316 1706 396 1766 lama
408 1713 543 1782 auxerat,
554 1706 728 1784 laetitiaque
738 1708 851 1783 ingenti
864 1709 1007 1770 celebrati
1020 1708 1095 1771 testi
1108 1709 1178 1782 dies,

199 1804 235 1850 co
250 1789 347 1865 magis
363 1788 469 1863 etiam,
495 1791 580 1867 quod
594 1791 782 1867 populariter
797 1793 920 1869 dempto
936 1793 1047 1869 capitis
1069 1793 1177 1868 insigni

199 1889 395 1951 purpuraque
410 1881 502 1952 atque
515 1875 576 1936 alio
590 1875 675 1950 regio
693 1874 797 1937 habitu
818 1884 1004 1953 aequaverat
1019 1877 1133 1938 ceteris
1147 1893 1177 1938 se

197 1956 227 2018 in
244 1959 388 2034 speeiem,
404 1976 466 2036 quo
481 1959 555 2020 nihil
569 1959 685 2034 medus
699 1965 748 2021 est
761 1960 933 2022 civitatibus
948 1961 1063 2022 liberis.
1096 1976 1176 2038 prae

197 2037 377 2118 buissetque
397 2043 480 2105 haud
507 2041 628 2104 dubiam
657 2060 694 2104 eo
715 2044 795 2106 iacto
817 2044 915 2121 spem
931 2045 1097 2120 libertatis,
1123 2045 1178 2105 nisi

197 2127 299 2189 omnia
317 2128 510 2188 intoleranda
528 2126 653 2189 libidine
674 2129 766 2189 foeda
786 2145 823 2192 ac
845 2129 993 2190 deformia
1011 2127 1177 2190 effecisset

197 2210 365 2286 vagabatur
386 2211 552 2273 enimcum
571 2227 633 2272 uno
655 2219 707 2274 aut
729 2213 825 2274 altero
847 2214 957 2276 comite
977 2229 1035 2289 per
1054 2215 1177 2274 maritas

199 2295 307 2357 domos
324 2295 391 2356 dies
406 2301 590 2373 noctesque,
612 2303 643 2358 et
656 2297 870 2359 summittendo
885 2298 916 2359 in
930 2298 1083 2373 privatum
1098 2299 1178 2358 iasti-

196 2379 278 2454 gium
291 2397 352 2456 quo
363 2379 464 2444 minus
477 2388 662 2458 conspectus
677 2397 715 2442 eo
728 2382 856 2443 solutior
870 2389 948 2454 erat3
969 2389 1000 2442 et
1009 2381 1177 2443 libertatem

197 2477 265 2524 cum
280 2464 347 2526 aliis
359 2481 471 2526 venam
486 2465 682 2541 ostendisset,
696 2471 790 2526 totam
804 2467 835 2526 in
846 2483 934 2528 snam
945 2466 1100 2528 licentiam
1113 2482 1176 2526 ver-

197 2554 282 2608 terat.
313 2565 414 2626 neque
435 2549 515 2610 enim
536 2549 639 2612 omnia
658 2548 778 2612 emebat
791 2558 843 2612 aut
857 2549 1104 2626 eblandicbatur,
1123 2552 1176 2610 sed

196 2631 257 2690 vim
272 2630 395 2707 flagitiis
412 2632 590 2711 adhibebat,
610 2634 876 2711 periculosumque
891 2642 921 2696 et
934 2635 1009 2696 viris
1025 2641 1055 2695 et
1067 2651 1176 2710 paren-

195 2714 277 2775 tibus
292 2721 357 2776 eret
371 2731 486 2778 morem
500 2718 695 2781 incommoda
709 2719 871 2780 severitate
885 2719 1001 2781 libidini
1015 2719 1119 2794 regiae
1134 2720 1176 2779 ie·

197 2798 288 2859 cisse.
314 2799 366 2861 uni
380 2800 471 2862 etiam
486 2801 614 2880 principi
625 2802 820 2864 Achaeorum
834 2805 929 2866 Arato
944 2805 1088 2880 adempte
1101 2819 1177 2865 uxor

157 2907 160 2915 ·
196 2882 320 2945 nomine
333 2883 521 2962 Polycratia,
542 2903 579 2947 ac
593 2903 650 2963 spe
669 2887 820 2962 regiarum
839 2887 1011 2963 nuptiarum
1033 2889 1063 2949 in
1077 2888 1176 2948 Mace

197 2967 321 3028 doniam
335 2977 492 3046 asportata
506 2972 613 3034 iuerat.
642 2961 649 2980 ⁸

280 3051 338 3114 Per
355 3053 432 3114 haec
454 3053 569 3132 flagitia
583 3056 723 3118 sollemni
738 3056 919 3118 Nemeorum
940 3065 1082 3131 peracto,
1103 3072 1173 3131 pau-

197 3133 305 3209 cisque
319 3137 432 3199 additis
446 3138 565 3210 diebus,
581 3139 698 3216 Dymas
708 3148 757 3202 est
766 3141 925 3216 proiectus
937 3139 979 3199 ad
989 3139 1173 3216 praesidium

197 3216 386 3297 Aetolorum,
403 3221 487 3297 quod
502 3222 540 3283 ab
547 3222 630 3284 Eleis
646 3225 775 3286 accitum
789 3231 1014 3301 acceptumque
1028 3225 1059 3286 in
1073 3223 1172 3286 mbem

192 3309 271 3372 erat,
287 3303 467 3366 eiciendum.
497 3305 715 3383 Cycliadas-
730 3323 827 3382 penes
842 3323 911 3370 cum
926 3325 1048 3371 summa
1060 3307 1171 3383 imperii

198 3391 264 3443 erat
283 3419 321 3432 -
336 3387 514 3464 Achaeique
535 3387 575 3448 ad
588 3389 705 3466 Dymas
718 3391 783 3465 regi
804 3407 979 3466 occurrere,
1003 3400 1035 3454 et
1047 3392 1172 3452 liliorum

199 3467 323 3528 accensi
338 3469 426 3543 odio,
450 3471 535 3546 quod
550 3487 568 3530 a
582 3471 692 3531 ceteris
706 3472 841 3536 Achaea
854 3475 1070 3552 dissentirent,
1090 3482 1119 3538 et
1131 3475 1170 3534 in·
