<?xml version="1.0" encoding="UTF-8"?>
<!DOCTYPE html PUBLIC "-//W3C//DTD XHTML 1.0 Transitional//EN"
    "http://www.w3.org/TR/xhtml1/DTD/xhtml1-transitional.dtd">
<html xmlns="http://www.w3.org/1999/xhtml" xml:lang="en" lang="en">
 <head>
  <title>
</title>
<meta http-equiv="Content-Type" content="text/html;charset=utf-8" />
  <meta name='ocr-system' content='tesseract 3.04.00' />
  <meta name='ocr-capabilities' content='ocr_page ocr_carea ocr_par ocr_line ocrx_word'/>
</head>
<body>
  <div class='ocr_page' id='page_1' title='image "./titiliviaburbec09livygoog_0345.png"; bbox 0 0 2448 3900; ppageno 0'>
   <div class='ocr_carea' id='block_1_1' title="bbox 170 219 1005 292">
    <p class='ocr_par' dir='ltr' id='par_1_1' title="bbox 170 219 1005 292">
     <span class='ocr_line' id='line_1_1' title="bbox 170 219 1005 292; baseline -0.012 -3"><span class='ocrx_word' id='word_1_1' title='bbox 170 225 234 288; x_wconf 78' lang='lat' dir='ltr'><strong>aaa</strong></span> <span class='ocrx_word' id='word_1_2' title='bbox 318 219 433 285; x_wconf 80' lang='lat' dir='ltr'><strong>arnan</strong></span> <span class='ocrx_word' id='word_1_3' title='bbox 448 221 552 283; x_wconf 82' lang='lat' dir='ltr'><strong>xxm.</strong></span> <span class='ocrx_word' id='word_1_4' title='bbox 574 221 657 280; x_wconf 77' lang='lat' dir='ltr'><strong>car.</strong></span> <span class='ocrx_word' id='word_1_5' title='bbox 672 226 717 282; x_wconf 82' lang='lat' dir='ltr'><strong>ar.</strong></span> <span class='ocrx_word' id='word_1_6' title='bbox 731 227 775 282; x_wconf 82' lang='lat' dir='ltr'><strong>ac.</strong></span> <span class='ocrx_word' id='word_1_7' title='bbox 798 225 835 292; x_wconf 71' lang='grc' dir='ltr'><strong>[ι.</strong></span> <span class='ocrx_word' id='word_1_8' title='bbox 853 223 886 277; x_wconf 88' lang='lat' dir='ltr'><strong>n.</strong></span> <span class='ocrx_word' id='word_1_9' title='bbox 902 240 926 274; x_wconf 66' lang='grc' dir='ltr'><strong>ο.</strong></span> <span class='ocrx_word' id='word_1_10' title='bbox 940 222 1005 288; x_wconf 76' lang='lat' dir='ltr'><strong>saa]</strong></span> 
     </span>
    </p>
   </div>
   <div class='ocr_carea' id='block_1_2' title="bbox 170 373 1163 3562">
    <p class='ocr_par' dir='ltr' id='par_1_2' title="bbox 170 373 1163 3397">
     <span class='ocr_line' id='line_1_2' title="bbox 172 373 1162 447; baseline -0.01 -6"><span class='ocrx_word' id='word_1_11' title='bbox 172 380 242 441; x_wconf 89' lang='lat' dir='ltr'><strong>dius</strong></span> <span class='ocrx_word' id='word_1_12' title='bbox 253 379 343 438; x_wconf 90' lang='lat' dir='ltr'><strong>Nero.</strong></span> <span class='ocrx_word' id='word_1_13' title='bbox 367 375 532 438; x_wconf 79' lang='lat' dir='ltr'><strong>duodecim</strong></span> <span class='ocrx_word' id='word_1_14' title='bbox 545 374 659 436; x_wconf 89' lang='lat' dir='ltr'><strong>deindo</strong></span> <span class='ocrx_word' id='word_1_15' title='bbox 674 373 871 445; x_wconf 88' lang='lat' dir='ltr'><strong>coloniarum,</strong></span> <span class='ocrx_word' id='word_1_16' title='bbox 888 373 974 447; x_wconf 88' lang='lat' dir='ltr'><strong>quod</strong></span> <span class='ocrx_word' id='word_1_17' title='bbox 987 388 1162 447; x_wconf 85' lang='lat' dir='ltr'><strong>numquam</strong></span> 
     </span>
     <span class='ocr_line' id='line_1_3' title="bbox 171 456 1162 535; baseline -0.011 -10"><span class='ocrx_word' id='word_1_18' title='bbox 171 471 241 524; x_wconf 91' lang='lat' dir='ltr'><strong>ante</strong></span> <span class='ocrx_word' id='word_1_19' title='bbox 256 464 368 522; x_wconf 87' lang='lat' dir='ltr'><strong>Iactum</strong></span> <span class='ocrx_word' id='word_1_20' title='bbox 389 468 468 535; x_wconf 91' lang='lat' dir='ltr'><strong>erat,</strong></span> <span class='ocrx_word' id='word_1_21' title='bbox 491 457 697 519; x_wconf 84' lang='lat' dir='ltr'><strong>deferentibus</strong></span> <span class='ocrx_word' id='word_1_22' title='bbox 716 457 851 533; x_wconf 83' lang='lat' dir='ltr'><strong>ipsarum</strong></span> <span class='ocrx_word' id='word_1_23' title='bbox 871 456 1067 517; x_wconf 88' lang='lat' dir='ltr'><strong>coloniarum</strong></span> <span class='ocrx_word' id='word_1_24' title='bbox 1092 471 1162 515; x_wconf 89' lang='lat' dir='ltr'><strong>cen-</strong></span> 
     </span>
     <span class='ocr_line' id='line_1_4' title="bbox 172 540 1161 620; baseline -0.01 -11"><span class='ocrx_word' id='word_1_25' title='bbox 172 547 302 620; x_wconf 88' lang='lat' dir='ltr'><strong>soribus,</strong></span> <span class='ocrx_word' id='word_1_26' title='bbox 319 560 444 606; x_wconf 89' lang='lat' dir='ltr'><strong>censum</strong></span> <span class='ocrx_word' id='word_1_27' title='bbox 456 550 649 619; x_wconf 88' lang='lat' dir='ltr'><strong>aeceperunt,</strong></span> <span class='ocrx_word' id='word_1_28' title='bbox 663 548 706 616; x_wconf 89' lang='lat' dir='ltr'><strong>ut,</strong></span> <span class='ocrx_word' id='word_1_29' title='bbox 721 549 867 616; x_wconf 88' lang='lat' dir='ltr'><strong>quantum</strong></span> <span class='ocrx_word' id='word_1_30' title='bbox 877 556 1007 602; x_wconf 88' lang='lat' dir='ltr'><strong>numero</strong></span> <span class='ocrx_word' id='word_1_31' title='bbox 1021 540 1161 614; x_wconf 80' lang='lat' dir='ltr'><strong>militum</strong></span> 
     </span>
     <span class='ocr_line' id='line_1_5' title="bbox 172 625 1162 708; baseline -0.011 -15"><span class='ocrx_word' id='word_1_32' title='bbox 172 638 318 708; x_wconf 86' lang='lat' dir='ltr'><strong>quantum</strong></span> <span class='ocrx_word' id='word_1_33' title='bbox 333 628 465 704; x_wconf 78' lang='lat' dir='ltr'><strong>pecuale</strong></span> <span class='ocrx_word' id='word_1_34' title='bbox 478 627 623 702; x_wconf 85' lang='lat' dir='ltr'><strong>vaierent,</strong></span> <span class='ocrx_word' id='word_1_35' title='bbox 639 627 670 686; x_wconf 94' lang='lat' dir='ltr'><strong>in</strong></span> <span class='ocrx_word' id='word_1_36' title='bbox 684 625 816 701; x_wconf 82' lang='lat' dir='ltr'><strong>publicis</strong></span> <span class='ocrx_word' id='word_1_37' title='bbox 830 625 943 686; x_wconf 88' lang='lat' dir='ltr'><strong>tabulis</strong></span> <span class='ocrx_word' id='word_1_38' title='bbox 957 632 1162 685; x_wconf 85' lang='lat' dir='ltr'><strong>monumenta</strong></span> 
     </span>
     <span class='ocr_line' id='line_1_6' title="bbox 171 710 1163 788; baseline -0.01 -12"><span class='ocrx_word' id='word_1_39' title='bbox 171 721 334 776; x_wconf 84' lang='lat' dir='ltr'><strong>exstarent.</strong></span> <span class='ocrx_word' id='word_1_40' title='bbox 371 713 506 788; x_wconf 91' lang='lat' dir='ltr'><strong>equitum</strong></span> <span class='ocrx_word' id='word_1_41' title='bbox 532 712 643 772; x_wconf 92' lang='lat' dir='ltr'><strong>deinde</strong></span> <span class='ocrx_word' id='word_1_42' title='bbox 667 725 780 770; x_wconf 89' lang='lat' dir='ltr'><strong>census</strong></span> <span class='ocrx_word' id='word_1_43' title='bbox 804 710 853 785; x_wconf 82' lang='lat' dir='ltr'><strong>agi</strong></span> <span class='ocrx_word' id='word_1_44' title='bbox 879 715 1010 786; x_wconf 86' lang='lat' dir='ltr'><strong>coeptus</strong></span> <span class='ocrx_word' id='word_1_45' title='bbox 1038 714 1107 779; x_wconf 88' lang='lat' dir='ltr'><strong>est;</strong></span> <span class='ocrx_word' id='word_1_46' title='bbox 1136 717 1163 767; x_wconf 88' lang='lat' dir='ltr'><strong>et</strong></span> 
     </span>
     <span class='ocr_line' id='line_1_7' title="bbox 172 793 1162 871; baseline -0.007 -12"><span class='ocrx_word' id='word_1_47' title='bbox 172 799 262 859; x_wconf 88' lang='lat' dir='ltr'><strong>ambo</strong></span> <span class='ocrx_word' id='word_1_48' title='bbox 277 800 355 858; x_wconf 87' lang='lat' dir='ltr'><strong>iorte</strong></span> <span class='ocrx_word' id='word_1_49' title='bbox 370 811 517 858; x_wconf 80' lang='lat' dir='ltr'>censores</span> <span class='ocrx_word' id='word_1_50' title='bbox 538 811 650 871; x_wconf 90' lang='lat' dir='ltr'><strong>equum</strong></span> <span class='ocrx_word' id='word_1_51' title='bbox 665 793 819 870; x_wconf 88' lang='lat' dir='ltr'><strong>publicum</strong></span> <span class='ocrx_word' id='word_1_52' title='bbox 833 793 997 854; x_wconf 90' lang='lat' dir='ltr'><strong>habebant.</strong></span> <span class='ocrx_word' id='word_1_53' title='bbox 1033 808 1112 853; x_wconf 89' lang='lat' dir='ltr'><strong>cum</strong></span> <span class='ocrx_word' id='word_1_54' title='bbox 1125 793 1162 852; x_wconf 89' lang='lat' dir='ltr'><strong>ad</strong></span> 
     </span>
     <span class='ocr_line' id='line_1_8' title="bbox 171 879 1160 954; baseline -0.007 -12"><span class='ocrx_word' id='word_1_55' title='bbox 171 883 279 943; x_wconf 88' lang='lat' dir='ltr'><strong>tribum</strong></span> <span class='ocrx_word' id='word_1_56' title='bbox 293 881 419 942; x_wconf 80' lang='lat' dir='ltr'><strong>Polliam</strong></span> <span class='ocrx_word' id='word_1_57' title='bbox 439 887 562 941; x_wconf 89' lang='lat' dir='ltr'><strong>ventum</strong></span> <span class='ocrx_word' id='word_1_58' title='bbox 583 885 646 954; x_wconf 90' lang='lat' dir='ltr'><strong>est,</strong></span> <span class='ocrx_word' id='word_1_59' title='bbox 665 879 697 938; x_wconf 91' lang='lat' dir='ltr'><strong>in</strong></span> <span class='ocrx_word' id='word_1_60' title='bbox 717 893 778 954; x_wconf 86' lang='lat' dir='ltr'><strong>qua</strong></span> <span class='ocrx_word' id='word_1_61' title='bbox 791 879 832 937; x_wconf 88' lang='lat' dir='ltr'><strong>M.</strong></span> <span class='ocrx_word' id='word_1_62' title='bbox 846 879 922 938; x_wconf 89' lang='lat' dir='ltr'><strong>Livii</strong></span> <span class='ocrx_word' id='word_1_63' title='bbox 944 893 1062 937; x_wconf 88' lang='lat' dir='ltr'><strong>nomen</strong></span> <span class='ocrx_word' id='word_1_64' title='bbox 1088 885 1160 948; x_wconf 85' lang='lat' dir='ltr'><strong>erat,</strong></span> 
     </span>
     <span class='ocr_line' id='line_1_9' title="bbox 171 961 1162 1043; baseline -0.007 -17"><span class='ocrx_word' id='word_1_65' title='bbox 171 975 201 1027; x_wconf 90' lang='lat' dir='ltr'><strong>et</strong></span> <span class='ocrx_word' id='word_1_66' title='bbox 211 981 323 1043; x_wconf 85' lang='lat' dir='ltr'><strong>praeco</strong></span> <span class='ocrx_word' id='word_1_67' title='bbox 338 971 529 1026; x_wconf 71' lang='lat' dir='ltr'><strong>cunctaretur</strong></span> <span class='ocrx_word' id='word_1_68' title='bbox 540 965 634 1024; x_wconf 89' lang='lat' dir='ltr'><strong>citare</strong></span> <span class='ocrx_word' id='word_1_69' title='bbox 644 963 745 1039; x_wconf 85' lang='lat' dir='ltr'><strong>ipsum</strong></span> <span class='ocrx_word' id='word_1_70' title='bbox 756 976 925 1037; x_wconf 80' lang='lat' dir='ltr'><strong>censorem,</strong></span> <span class='ocrx_word' id='word_1_71' title='bbox 938 961 1046 1037; x_wconf 89' lang='lat' dir='ltr'><strong>‚‚cita“</strong></span> <span class='ocrx_word' id='word_1_72' title='bbox 1060 961 1162 1035; x_wconf 85' lang='lat' dir='ltr'><strong>inquit</strong></span> 
     </span>
     <span class='ocr_line' id='line_1_10' title="bbox 171 1047 1161 1126; baseline -0.007 -15"><span class='ocrx_word' id='word_1_73' title='bbox 171 1051 251 1111; x_wconf 90' lang='lat' dir='ltr'><strong>Nero</strong></span> <span class='ocrx_word' id='word_1_74' title='bbox 269 1050 332 1126; x_wconf 88' lang='lat' dir='ltr'><strong>„M.</strong></span> <span class='ocrx_word' id='word_1_75' title='bbox 347 1049 507 1110; x_wconf 64' lang='grc' dir='ltr'><strong>Ηνίιιιηειι</strong></span> <span class='ocrx_word' id='word_1_76' title='bbox 528 1055 559 1109; x_wconf 89' lang='lat' dir='ltr'><strong>et</strong></span> <span class='ocrx_word' id='word_1_77' title='bbox 579 1048 646 1108; x_wconf 90' lang='lat' dir='ltr'><strong>sive</strong></span> <span class='ocrx_word' id='word_1_78' title='bbox 666 1063 706 1107; x_wconf 89' lang='lat' dir='ltr'><strong>ex</strong></span> <span class='ocrx_word' id='word_1_79' title='bbox 726 1047 852 1108; x_wconf 90' lang='lat' dir='ltr'><strong>residua</strong></span> <span class='ocrx_word' id='word_1_80' title='bbox 864 1053 968 1106; x_wconf 87' lang='lat' dir='ltr'><strong>vetere</strong></span> <span class='ocrx_word' id='word_1_81' title='bbox 989 1047 1161 1118; x_wconf 75' lang='lat' dir='ltr'><strong>simultate,</strong></span> 
     </span>
     <span class='ocr_line' id='line_1_11' title="bbox 171 1129 1160 1208; baseline -0.006 -13"><span class='ocrx_word' id='word_1_82' title='bbox 171 1135 238 1196; x_wconf 89' lang='lat' dir='ltr'><strong>sive</strong></span> <span class='ocrx_word' id='word_1_83' title='bbox 249 1133 464 1208; x_wconf 87' lang='lat' dir='ltr'><strong>intempestiva</strong></span> <span class='ocrx_word' id='word_1_84' title='bbox 473 1131 636 1196; x_wconf 87' lang='lat' dir='ltr'><strong>iactatione</strong></span> <span class='ocrx_word' id='word_1_85' title='bbox 646 1130 817 1192; x_wconf 83' lang='lat' dir='ltr'><strong>severitatis</strong></span> <span class='ocrx_word' id='word_1_86' title='bbox 828 1129 961 1205; x_wconf 87' lang='lat' dir='ltr'><strong>inflatus,</strong></span> <span class='ocrx_word' id='word_1_87' title='bbox 976 1129 1020 1190; x_wconf 89' lang='lat' dir='ltr'><strong>M.</strong></span> <span class='ocrx_word' id='word_1_88' title='bbox 1028 1130 1160 1204; x_wconf 85' lang='lat' dir='ltr'><strong>Livium,</strong></span> 
     </span>
     <span class='ocr_line' id='line_1_12' title="bbox 172 1214 1159 1294; baseline -0.006 -15"><span class='ocrx_word' id='word_1_89' title='bbox 172 1220 245 1294; x_wconf 92' lang='lat' dir='ltr'><strong>quia</strong></span> <span class='ocrx_word' id='word_1_90' title='bbox 255 1219 363 1294; x_wconf 85' lang='lat' dir='ltr'><strong>populi</strong></span> <span class='ocrx_word' id='word_1_91' title='bbox 375 1216 489 1278; x_wconf 91' lang='lat' dir='ltr'><strong>iudicio</strong></span> <span class='ocrx_word' id='word_1_92' title='bbox 502 1223 586 1278; x_wconf 89' lang='lat' dir='ltr'><strong>esset</strong></span> <span class='ocrx_word' id='word_1_93' title='bbox 597 1217 765 1290; x_wconf 87' lang='lat' dir='ltr'><strong>damnatus,</strong></span> <span class='ocrx_word' id='word_1_94' title='bbox 781 1231 894 1291; x_wconf 84' lang='lat' dir='ltr'><strong>equum</strong></span> <span class='ocrx_word' id='word_1_95' title='bbox 903 1214 1042 1275; x_wconf 87' lang='lat' dir='ltr'><strong>vendere</strong></span> <span class='ocrx_word' id='word_1_96' title='bbox 1056 1215 1159 1274; x_wconf 89' lang='lat' dir='ltr'><strong>iussit.</strong></span> 
     </span>
     <span class='ocr_line' id='line_1_13' title="bbox 171 1299 1160 1374; baseline -0.005 -12"><span class='ocrx_word' id='word_1_97' title='bbox 171 1304 242 1364; x_wconf 91' lang='lat' dir='ltr'><strong>item</strong></span> <span class='ocrx_word' id='word_1_98' title='bbox 256 1303 296 1362; x_wconf 88' lang='grc' dir='ltr'><strong>Μ.</strong></span> <span class='ocrx_word' id='word_1_99' title='bbox 311 1302 430 1374; x_wconf 87' lang='lat' dir='ltr'><strong>Livius,</strong></span> <span class='ocrx_word' id='word_1_100' title='bbox 454 1315 523 1362; x_wconf 90' lang='lat' dir='ltr'><strong>cum</strong></span> <span class='ocrx_word' id='word_1_101' title='bbox 539 1301 579 1360; x_wconf 93' lang='lat' dir='ltr'><strong>ad</strong></span> <span class='ocrx_word' id='word_1_102' title='bbox 594 1300 704 1361; x_wconf 86' lang='lat' dir='ltr'><strong>tribum</strong></span> <span class='ocrx_word' id='word_1_103' title='bbox 718 1301 900 1360; x_wconf 85' lang='lat' dir='ltr'><strong>Arniensem</strong></span> <span class='ocrx_word' id='word_1_104' title='bbox 915 1306 946 1359; x_wconf 90' lang='lat' dir='ltr'><strong>et</strong></span> <span class='ocrx_word' id='word_1_105' title='bbox 961 1315 1080 1360; x_wconf 89' lang='lat' dir='ltr'><strong>nomen</strong></span> <span class='ocrx_word' id='word_1_106' title='bbox 1098 1299 1160 1359; x_wconf 91' lang='lat' dir='ltr'><strong>coI-</strong></span> 
     </span>
     <span class='ocr_line' id='line_1_14' title="bbox 172 1383 1155 1462; baseline -0.006 -14"><span class='ocrx_word' id='word_1_107' title='bbox 172 1389 259 1462; x_wconf 83' lang='lat' dir='ltr'><strong>legae</strong></span> <span class='ocrx_word' id='word_1_108' title='bbox 270 1393 391 1447; x_wconf 88' lang='lat' dir='ltr'><strong>ventum</strong></span> <span class='ocrx_word' id='word_1_109' title='bbox 408 1392 463 1459; x_wconf 89' lang='lat' dir='ltr'><strong>est,</strong></span> <span class='ocrx_word' id='word_1_110' title='bbox 486 1385 621 1445; x_wconf 91' lang='lat' dir='ltr'><strong>vendere</strong></span> <span class='ocrx_word' id='word_1_111' title='bbox 635 1400 748 1460; x_wconf 90' lang='lat' dir='ltr'><strong>equum</strong></span> <span class='ocrx_word' id='word_1_112' title='bbox 759 1383 792 1445; x_wconf 79' lang='lat' dir='ltr'><strong>G.</strong></span> <span class='ocrx_word' id='word_1_113' title='bbox 803 1383 959 1444; x_wconf 83' lang='lat' dir='ltr'><strong>ctaudlum</strong></span> <span class='ocrx_word' id='word_1_114' title='bbox 973 1383 1068 1444; x_wconf 86' lang='lat' dir='ltr'><strong>iussit</strong></span> <span class='ocrx_word' id='word_1_115' title='bbox 1084 1383 1155 1444; x_wconf 90' lang='lat' dir='ltr'><strong>dua·</strong></span> 
     </span>
     <span class='ocr_line' id='line_1_15' title="bbox 170 1467 1158 1546; baseline -0.004 -14"><span class='ocrx_word' id='word_1_116' title='bbox 170 1488 238 1532; x_wconf 92' lang='lat' dir='ltr'><strong>rum</strong></span> <span class='ocrx_word' id='word_1_117' title='bbox 251 1486 352 1531; x_wconf 87' lang='lat' dir='ltr'><strong>rerum</strong></span> <span class='ocrx_word' id='word_1_118' title='bbox 368 1485 471 1545; x_wconf 87' lang='lat' dir='ltr'><strong>causa,</strong></span> <span class='ocrx_word' id='word_1_119' title='bbox 493 1471 593 1546; x_wconf 90' lang='lat' dir='ltr'><strong>unius,</strong></span> <span class='ocrx_word' id='word_1_120' title='bbox 614 1468 698 1545; x_wconf 91' lang='lat' dir='ltr'><strong>quod</strong></span> <span class='ocrx_word' id='word_1_121' title='bbox 713 1469 824 1529; x_wconf 82' lang='lat' dir='ltr'><strong>salsum</strong></span> <span class='ocrx_word' id='word_1_122' title='bbox 838 1467 1005 1528; x_wconf 88' lang='lat' dir='ltr'><strong>adversum</strong></span> <span class='ocrx_word' id='word_1_123' title='bbox 1020 1483 1058 1528; x_wconf 88' lang='lat' dir='ltr'><strong>se</strong></span> <span class='ocrx_word' id='word_1_124' title='bbox 1073 1468 1158 1528; x_wconf 85' lang='lat' dir='ltr'><strong>testi-</strong></span> 
     </span>
     <span class='ocr_line' id='line_1_16' title="bbox 171 1551 1158 1630; baseline -0.003 -15"><span class='ocrx_word' id='word_1_125' title='bbox 171 1556 305 1616; x_wconf 89' lang='lat' dir='ltr'><strong>monium</strong></span> <span class='ocrx_word' id='word_1_126' title='bbox 326 1554 472 1630; x_wconf 87' lang='lat' dir='ltr'><strong>dixisset,</strong></span> <span class='ocrx_word' id='word_1_127' title='bbox 495 1555 635 1627; x_wconf 85' lang='lat' dir='ltr'><strong>alterins,</strong></span> <span class='ocrx_word' id='word_1_128' title='bbox 657 1553 741 1629; x_wconf 88' lang='lat' dir='ltr'><strong>quod</strong></span> <span class='ocrx_word' id='word_1_129' title='bbox 757 1569 819 1614; x_wconf 91' lang='lat' dir='ltr'><strong>non</strong></span> <span class='ocrx_word' id='word_1_130' title='bbox 834 1552 955 1612; x_wconf 89' lang='lat' dir='ltr'><strong>sincera</strong></span> <span class='ocrx_word' id='word_1_131' title='bbox 968 1551 1034 1612; x_wconf 84' lang='lat' dir='ltr'><strong>fide</strong></span> <span class='ocrx_word' id='word_1_132' title='bbox 1047 1567 1158 1612; x_wconf 90' lang='lat' dir='ltr'><strong>secum</strong></span> 
     </span>
     <span class='ocr_line' id='line_1_17' title="bbox 171 1635 1158 1714; baseline -0.003 -16"><span class='ocrx_word' id='word_1_133' title='bbox 171 1641 202 1698; x_wconf 90' lang='lat' dir='ltr'><strong>in</strong></span> <span class='ocrx_word' id='word_1_134' title='bbox 223 1639 349 1714; x_wconf 75' lang='lat' dir='ltr'><strong>granam</strong></span> <span class='ocrx_word' id='word_1_135' title='bbox 364 1639 506 1699; x_wconf 85' lang='lat' dir='ltr'><strong>redisset.</strong></span> <span class='ocrx_word' id='word_1_136' title='bbox 539 1654 638 1713; x_wconf 89' lang='lat' dir='ltr'><strong>aeque</strong></span> <span class='ocrx_word' id='word_1_137' title='bbox 658 1637 783 1698; x_wconf 80' lang='lat' dir='ltr'><strong>foedum</strong></span> <span class='ocrx_word' id='word_1_138' title='bbox 798 1643 951 1697; x_wconf 86' lang='lat' dir='ltr'><strong>certamen</strong></span> <span class='ocrx_word' id='word_1_139' title='bbox 971 1635 1158 1712; x_wconf 88' lang='lat' dir='ltr'><strong>inquinandi</strong></span> 
     </span>
     <span class='ocr_line' id='line_1_18' title="bbox 171 1722 1157 1784; baseline -0.003 -1"><span class='ocrx_word' id='word_1_140' title='bbox 171 1725 282 1783; x_wconf 88' lang='lat' dir='ltr'><strong>lamam</strong></span> <span class='ocrx_word' id='word_1_141' title='bbox 307 1723 430 1782; x_wconf 90' lang='lat' dir='ltr'><strong>alterius</strong></span> <span class='ocrx_word' id='word_1_142' title='bbox 446 1739 514 1784; x_wconf 87' lang='lat' dir='ltr'><strong>cnm</strong></span> <span class='ocrx_word' id='word_1_143' title='bbox 535 1738 610 1784; x_wconf 90' lang='lat' dir='ltr'><strong>snae</strong></span> <span class='ocrx_word' id='word_1_144' title='bbox 625 1724 724 1782; x_wconf 86' lang='lat' dir='ltr'><strong>lamae</strong></span> <span class='ocrx_word' id='word_1_145' title='bbox 739 1722 851 1782; x_wconf 88' lang='lat' dir='ltr'><strong>damno</strong></span> <span class='ocrx_word' id='word_1_146' title='bbox 867 1722 977 1782; x_wconf 90' lang='lat' dir='ltr'><strong>lactum</strong></span> <span class='ocrx_word' id='word_1_147' title='bbox 1000 1727 1051 1780; x_wconf 89' lang='lat' dir='ltr'><strong>est</strong></span> <span class='ocrx_word' id='word_1_148' title='bbox 1073 1722 1157 1781; x_wconf 87' lang='lat' dir='ltr'><strong>exitu</strong></span> 
     </span>
     <span class='ocr_line' id='line_1_19' title="bbox 172 1805 1157 1882; baseline -0.001 -17"><span class='ocrx_word' id='word_1_149' title='bbox 172 1821 331 1868; x_wconf 85' lang='lat' dir='ltr'><strong>censurae.</strong></span> <span class='ocrx_word' id='word_1_150' title='bbox 364 1822 432 1868; x_wconf 91' lang='lat' dir='ltr'><strong>cum</strong></span> <span class='ocrx_word' id='word_1_151' title='bbox 455 1807 485 1866; x_wconf 94' lang='lat' dir='ltr'><strong>in</strong></span> <span class='ocrx_word' id='word_1_152' title='bbox 506 1808 590 1882; x_wconf 72' lang='lat' dir='ltr'><strong>leges</strong></span> <span class='ocrx_word' id='word_1_153' title='bbox 612 1806 743 1868; x_wconf 87' lang='lat' dir='ltr'><strong>iurasset</strong></span> <span class='ocrx_word' id='word_1_154' title='bbox 757 1806 789 1867; x_wconf 82' lang='lat' dir='ltr'><strong>G.</strong></span> <span class='ocrx_word' id='word_1_155' title='bbox 804 1805 948 1866; x_wconf 87' lang='lat' dir='ltr'><strong>claudius</strong></span> <span class='ocrx_word' id='word_1_156' title='bbox 969 1811 1000 1865; x_wconf 92' lang='lat' dir='ltr'><strong>et</strong></span> <span class='ocrx_word' id='word_1_157' title='bbox 1014 1805 1045 1864; x_wconf 94' lang='lat' dir='ltr'><strong>in</strong></span> <span class='ocrx_word' id='word_1_158' title='bbox 1070 1821 1157 1864; x_wconf 89' lang='lat' dir='ltr'><strong>aera·</strong></span> 
     </span>
     <span class='ocr_line' id='line_1_20' title="bbox 171 1889 1158 1965; baseline -0.004 -13"><span class='ocrx_word' id='word_1_159' title='bbox 171 1892 249 1952; x_wconf 81' lang='lat' dir='ltr'><strong>rium</strong></span> <span class='ocrx_word' id='word_1_160' title='bbox 264 1890 465 1965; x_wconf 86' lang='lat' dir='ltr'><strong>escendisset,</strong></span> <span class='ocrx_word' id='word_1_161' title='bbox 486 1891 564 1951; x_wconf 89' lang='lat' dir='ltr'><strong>inter</strong></span> <span class='ocrx_word' id='word_1_162' title='bbox 578 1891 701 1960; x_wconf 83' lang='lat' dir='ltr'><strong>numina</strong></span> <span class='ocrx_word' id='word_1_163' title='bbox 714 1905 829 1964; x_wconf 88' lang='lat' dir='ltr'><strong>eorum,</strong></span> <span class='ocrx_word' id='word_1_164' title='bbox 854 1904 933 1964; x_wconf 82' lang='lat' dir='ltr'><strong>quos</strong></span> <span class='ocrx_word' id='word_1_165' title='bbox 952 1889 1096 1950; x_wconf 86' lang='lat' dir='ltr'><strong>aerarios</strong></span> <span class='ocrx_word' id='word_1_166' title='bbox 1109 1904 1158 1948; x_wconf 88' lang='lat' dir='ltr'><strong>re-</strong></span> 
     </span>
     <span class='ocr_line' id='line_1_21' title="bbox 171 1972 1158 2051; baseline -0.003 -16"><span class='ocrx_word' id='word_1_167' title='bbox 171 1975 340 2051; x_wconf 88' lang='lat' dir='ltr'><strong>linquebat,</strong></span> <span class='ocrx_word' id='word_1_168' title='bbox 369 1975 453 2036; x_wconf 89' lang='lat' dir='ltr'><strong>dedit</strong></span> <span class='ocrx_word' id='word_1_169' title='bbox 478 1975 615 2050; x_wconf 81' lang='lat' dir='ltr'><strong>collegae</strong></span> <span class='ocrx_word' id='word_1_170' title='bbox 639 1990 759 2035; x_wconf 88' lang='lat' dir='ltr'><strong>nomen.</strong></span> <span class='ocrx_word' id='word_1_171' title='bbox 803 1973 915 2033; x_wconf 87' lang='lat' dir='ltr'><strong>deinde</strong></span> <span class='ocrx_word' id='word_1_172' title='bbox 933 1972 974 2032; x_wconf 87' lang='grc' dir='ltr'><strong>Μ.</strong></span> <span class='ocrx_word' id='word_1_173' title='bbox 996 1973 1105 2033; x_wconf 89' lang='lat' dir='ltr'><strong>Livius</strong></span> <span class='ocrx_word' id='word_1_174' title='bbox 1126 1974 1158 2032; x_wconf 92' lang='lat' dir='ltr'><strong>in</strong></span> 
     </span>
     <span class='ocr_line' id='line_1_22' title="bbox 172 2057 1157 2135; baseline -0.004 -15"><span class='ocrx_word' id='word_1_175' title='bbox 172 2062 320 2122; x_wconf 92' lang='lat' dir='ltr'><strong>aerarium</strong></span> <span class='ocrx_word' id='word_1_176' title='bbox 343 2061 438 2132; x_wconf 91' lang='lat' dir='ltr'><strong>venit,</strong></span> <span class='ocrx_word' id='word_1_177' title='bbox 462 2065 492 2130; x_wconf 85' lang='lat' dir='ltr'><strong>et</strong></span> <span class='ocrx_word' id='word_1_178' title='bbox 511 2067 633 2135; x_wconf 84' lang='lat' dir='ltr'><strong>praeter</strong></span> <span class='ocrx_word' id='word_1_179' title='bbox 646 2059 793 2119; x_wconf 85' lang='lat' dir='ltr'><strong>Maeciam</strong></span> <span class='ocrx_word' id='word_1_180' title='bbox 807 2057 932 2130; x_wconf 91' lang='lat' dir='ltr'><strong>tribum,</strong></span> <span class='ocrx_word' id='word_1_181' title='bbox 956 2073 1036 2132; x_wconf 83' lang='lat' dir='ltr'><strong>quae</strong></span> <span class='ocrx_word' id='word_1_182' title='bbox 1052 2073 1091 2118; x_wconf 90' lang='lat' dir='ltr'><strong>se</strong></span> <span class='ocrx_word' id='word_1_183' title='bbox 1105 2073 1157 2116; x_wconf 91' lang='lat' dir='ltr'><strong>ne·</strong></span> 
     </span>
     <span class='ocr_line' id='line_1_23' title="bbox 173 2143 1157 2220; baseline -0.004 -16"><span class='ocrx_word' id='word_1_184' title='bbox 173 2161 232 2220; x_wconf 90' lang='lat' dir='ltr'><strong>qne</strong></span> <span class='ocrx_word' id='word_1_185' title='bbox 245 2146 481 2206; x_wconf 88' lang='lat' dir='ltr'><strong>condemnasset</strong></span> <span class='ocrx_word' id='word_1_186' title='bbox 498 2159 600 2220; x_wconf 89' lang='lat' dir='ltr'><strong>neque</strong></span> <span class='ocrx_word' id='word_1_187' title='bbox 614 2144 848 2206; x_wconf 88' lang='lat' dir='ltr'><strong>condemnatum</strong></span> <span class='ocrx_word' id='word_1_188' title='bbox 862 2148 914 2202; x_wconf 90' lang='lat' dir='ltr'><strong>aut</strong></span> <span class='ocrx_word' id='word_1_189' title='bbox 927 2143 1092 2202; x_wconf 89' lang='lat' dir='ltr'><strong>consulem</strong></span> <span class='ocrx_word' id='word_1_190' title='bbox 1107 2149 1157 2202; x_wconf 90' lang='lat' dir='ltr'><strong>aut</strong></span> 
     </span>
     <span class='ocr_line' id='line_1_24' title="bbox 172 2227 1158 2304; baseline -0.003 -16"><span class='ocrx_word' id='word_1_191' title='bbox 172 2245 332 2290; x_wconf 89' lang='lat' dir='ltr'><strong>censorem</strong></span> <span class='ocrx_word' id='word_1_192' title='bbox 348 2229 486 2303; x_wconf 87' lang='lat' dir='ltr'><strong>lecisset,</strong></span> <span class='ocrx_word' id='word_1_193' title='bbox 507 2229 655 2304; x_wconf 87' lang='lat' dir='ltr'><strong>populum</strong></span> <span class='ocrx_word' id='word_1_194' title='bbox 670 2227 840 2287; x_wconf 87' lang='lat' dir='ltr'><strong>Romanum</strong></span> <span class='ocrx_word' id='word_1_195' title='bbox 855 2242 983 2301; x_wconf 89' lang='lat' dir='ltr'><strong>ornnem,</strong></span> <span class='ocrx_word' id='word_1_196' title='bbox 1009 2231 1158 2301; x_wconf 89' lang='lat' dir='ltr'><strong>quattuor</strong></span> 
     </span>
     <span class='ocr_line' id='line_1_25' title="bbox 171 2310 1157 2390; baseline -0.003 -18"><span class='ocrx_word' id='word_1_197' title='bbox 171 2322 202 2373; x_wconf 90' lang='lat' dir='ltr'><strong>et</strong></span> <span class='ocrx_word' id='word_1_198' title='bbox 215 2313 336 2390; x_wconf 81' lang='lat' dir='ltr'><strong>triginta</strong></span> <span class='ocrx_word' id='word_1_199' title='bbox 349 2313 455 2387; x_wconf 89' lang='lat' dir='ltr'><strong>tribus,</strong></span> <span class='ocrx_word' id='word_1_200' title='bbox 471 2313 607 2374; x_wconf 92' lang='lat' dir='ltr'><strong>aerarios</strong></span> <span class='ocrx_word' id='word_1_201' title='bbox 621 2311 752 2387; x_wconf 89' lang='lat' dir='ltr'><strong>reliquit,</strong></span> <span class='ocrx_word' id='word_1_202' title='bbox 768 2311 853 2386; x_wconf 89' lang='lat' dir='ltr'><strong>quod</strong></span> <span class='ocrx_word' id='word_1_203' title='bbox 866 2317 897 2371; x_wconf 90' lang='lat' dir='ltr'><strong>et</strong></span> <span class='ocrx_word' id='word_1_204' title='bbox 909 2310 1109 2370; x_wconf 85' lang='lat' dir='ltr'><strong>innocentem</strong></span> <span class='ocrx_word' id='word_1_205' title='bbox 1123 2326 1157 2370; x_wconf 88' lang='lat' dir='ltr'><strong>sc</strong></span> 
     </span>
     <span class='ocr_line' id='line_1_26' title="bbox 172 2397 1157 2459; baseline -0.003 -3"><span class='ocrx_word' id='word_1_206' title='bbox 172 2398 431 2458; x_wconf 89' lang='lat' dir='ltr'><strong>condemnassent</strong></span> <span class='ocrx_word' id='word_1_207' title='bbox 451 2404 482 2459; x_wconf 88' lang='lat' dir='ltr'><strong>et</strong></span> <span class='ocrx_word' id='word_1_208' title='bbox 501 2397 735 2457; x_wconf 87' lang='lat' dir='ltr'><strong>condemnatum</strong></span> <span class='ocrx_word' id='word_1_209' title='bbox 755 2397 913 2456; x_wconf 89' lang='lat' dir='ltr'><strong>consulem</strong></span> <span class='ocrx_word' id='word_1_210' title='bbox 934 2401 965 2454; x_wconf 90' lang='lat' dir='ltr'><strong>et</strong></span> <span class='ocrx_word' id='word_1_211' title='bbox 990 2409 1157 2456; x_wconf 87' lang='lat' dir='ltr'><strong>censorem</strong></span> 
     </span>
     <span class='ocr_line' id='line_1_27' title="bbox 171 2479 1158 2558; baseline -0.003 -18"><span class='ocrx_word' id='word_1_212' title='bbox 171 2481 332 2555; x_wconf 84' lang='lat' dir='ltr'><strong>iecissent,</strong></span> <span class='ocrx_word' id='word_1_213' title='bbox 364 2497 464 2558; x_wconf 86' lang='lat' dir='ltr'><strong>neque</strong></span> <span class='ocrx_word' id='word_1_214' title='bbox 488 2480 609 2542; x_wconf 82' lang='lat' dir='ltr'><strong>infitiari</strong></span> <span class='ocrx_word' id='word_1_215' title='bbox 628 2487 758 2556; x_wconf 88' lang='lat' dir='ltr'><strong>possent</strong></span> <span class='ocrx_word' id='word_1_216' title='bbox 779 2487 830 2540; x_wconf 90' lang='lat' dir='ltr'><strong>aut</strong></span> <span class='ocrx_word' id='word_1_217' title='bbox 849 2479 962 2540; x_wconf 91' lang='lat' dir='ltr'><strong>iudicio</strong></span> <span class='ocrx_word' id='word_1_218' title='bbox 985 2480 1087 2540; x_wconf 90' lang='lat' dir='ltr'><strong>semel</strong></span> <span class='ocrx_word' id='word_1_219' title='bbox 1109 2487 1158 2539; x_wconf 90' lang='lat' dir='ltr'><strong>ant</strong></span> 
     </span>
     <span class='ocr_line' id='line_1_28' title="bbox 172 2563 1158 2641; baseline -0.002 -17"><span class='ocrx_word' id='word_1_220' title='bbox 172 2567 301 2626; x_wconf 93' lang='lat' dir='ltr'><strong>comitiis</strong></span> <span class='ocrx_word' id='word_1_221' title='bbox 311 2565 360 2626; x_wconf 89' lang='lat' dir='ltr'><strong>bis</strong></span> <span class='ocrx_word' id='word_1_222' title='bbox 376 2566 414 2626; x_wconf 92' lang='lat' dir='ltr'><strong>ab</strong></span> <span class='ocrx_word' id='word_1_223' title='bbox 426 2581 462 2626; x_wconf 89' lang='lat' dir='ltr'><strong>se</strong></span> <span class='ocrx_word' id='word_1_224' title='bbox 471 2573 630 2641; x_wconf 85' lang='lat' dir='ltr'><strong>peccatum</strong></span> <span class='ocrx_word' id='word_1_225' title='bbox 646 2579 726 2626; x_wconf 90' lang='lat' dir='ltr'><strong>esse.</strong></span> <span class='ocrx_word' id='word_1_226' title='bbox 749 2565 827 2625; x_wconf 89' lang='lat' dir='ltr'><strong>inter</strong></span> <span class='ocrx_word' id='word_1_227' title='bbox 838 2570 980 2639; x_wconf 85' lang='lat' dir='ltr'><strong>quattuor</strong></span> <span class='ocrx_word' id='word_1_228' title='bbox 990 2570 1023 2623; x_wconf 90' lang='lat' dir='ltr'><strong>et</strong></span> <span class='ocrx_word' id='word_1_229' title='bbox 1033 2563 1158 2640; x_wconf 84' lang='lat' dir='ltr'><strong>triginta</strong></span> 
     </span>
     <span class='ocr_line' id='line_1_29' title="bbox 171 2647 1155 2723; baseline -0.002 -15"><span class='ocrx_word' id='word_1_230' title='bbox 171 2650 266 2710; x_wconf 93' lang='lat' dir='ltr'><strong>tribus</strong></span> <span class='ocrx_word' id='word_1_231' title='bbox 287 2658 317 2711; x_wconf 89' lang='lat' dir='ltr'><strong>et</strong></span> <span class='ocrx_word' id='word_1_232' title='bbox 331 2650 363 2710; x_wconf 85' lang='lat' dir='ltr'><strong>C.</strong></span> <span class='ocrx_word' id='word_1_233' title='bbox 378 2649 536 2710; x_wconf 89' lang='lat' dir='ltr'><strong>claudium</strong></span> <span class='ocrx_word' id='word_1_234' title='bbox 557 2649 706 2710; x_wconf 88' lang='lat' dir='ltr'><strong>aerarium</strong></span> <span class='ocrx_word' id='word_1_235' title='bbox 728 2650 807 2709; x_wconf 76' lang='lat' dir='ltr'><strong>lore:</strong></span> <span class='ocrx_word' id='word_1_236' title='bbox 831 2647 956 2721; x_wconf 88' lang='lat' dir='ltr'><strong>quodsi</strong></span> <span class='ocrx_word' id='word_1_237' title='bbox 978 2649 1155 2723; x_wconf 86' lang='lat' dir='ltr'><strong>exemplum</strong></span> 
     </span>
     <span class='ocr_line' id='line_1_30' title="bbox 170 2731 1155 2809; baseline 0.001 -17"><span class='ocrx_word' id='word_1_238' title='bbox 170 2731 297 2794; x_wconf 88' lang='lat' dir='ltr'><strong>haberet</strong></span> <span class='ocrx_word' id='word_1_239' title='bbox 316 2733 364 2794; x_wconf 92' lang='lat' dir='ltr'><strong>bis</strong></span> <span class='ocrx_word' id='word_1_240' title='bbox 386 2733 517 2793; x_wconf 88' lang='lat' dir='ltr'><strong>eundem</strong></span> <span class='ocrx_word' id='word_1_241' title='bbox 537 2735 687 2794; x_wconf 91' lang='lat' dir='ltr'><strong>aerarium</strong></span> <span class='ocrx_word' id='word_1_242' title='bbox 709 2731 918 2809; x_wconf 90' lang='lat' dir='ltr'><strong>relinquendi,</strong></span> <span class='ocrx_word' id='word_1_243' title='bbox 941 2732 972 2794; x_wconf 86' lang='lat' dir='ltr'><strong>C.</strong></span> <span class='ocrx_word' id='word_1_244' title='bbox 995 2731 1155 2802; x_wconf 83' lang='lat' dir='ltr'><strong>claudium</strong></span> 
     </span>
     <span class='ocr_line' id='line_1_31' title="bbox 172 2816 1153 2892; baseline 0.002 -18"><span class='ocrx_word' id='word_1_245' title='bbox 172 2817 348 2878; x_wconf 89' lang='lat' dir='ltr'><strong>nominatim</strong></span> <span class='ocrx_word' id='word_1_246' title='bbox 369 2833 404 2877; x_wconf 90' lang='lat' dir='ltr'><strong>se</strong></span> <span class='ocrx_word' id='word_1_247' title='bbox 424 2817 502 2878; x_wconf 87' lang='lat' dir='ltr'><strong>inter</strong></span> <span class='ocrx_word' id='word_1_248' title='bbox 523 2817 658 2878; x_wconf 87' lang='lat' dir='ltr'><strong>aerarios</strong></span> <span class='ocrx_word' id='word_1_249' title='bbox 679 2818 776 2878; x_wconf 90' lang='lat' dir='ltr'><strong>luisse</strong></span> <span class='ocrx_word' id='word_1_250' title='bbox 796 2816 981 2878; x_wconf 86' lang='lat' dir='ltr'><strong>relicturum.</strong></span> <span class='ocrx_word' id='word_1_251' title='bbox 1025 2833 1153 2892; x_wconf 80' lang='lat' dir='ltr'><strong>premant</strong></span> 
     </span>
     <span class='ocr_line' id='line_1_32' title="bbox 172 2900 1154 2976; baseline -0.002 -16"><span class='ocrx_word' id='word_1_252' title='bbox 172 2909 323 2961; x_wconf 89' lang='lat' dir='ltr'><strong>certamen</strong></span> <span class='ocrx_word' id='word_1_253' title='bbox 338 2908 476 2962; x_wconf 89' lang='lat' dir='ltr'><strong>notarum</strong></span> <span class='ocrx_word' id='word_1_254' title='bbox 490 2901 567 2962; x_wconf 88' lang='lat' dir='ltr'><strong>inter</strong></span> <span class='ocrx_word' id='word_1_255' title='bbox 581 2917 743 2963; x_wconf 77' lang='lat' dir='ltr'><strong>censoresa</strong></span> <span class='ocrx_word' id='word_1_256' title='bbox 758 2900 917 2976; x_wconf 79' lang='lat' dir='ltr'><strong>castigatlo</strong></span> <span class='ocrx_word' id='word_1_257' title='bbox 932 2900 1154 2961; x_wconf 89' lang='lat' dir='ltr'><strong>inconstantiae</strong></span> 
     </span>
     <span class='ocr_line' id='line_1_33' title="bbox 171 2984 1152 3062; baseline -0.003 -16"><span class='ocrx_word' id='word_1_258' title='bbox 171 2985 279 3061; x_wconf 90' lang='lat' dir='ltr'><strong>populi</strong></span> <span class='ocrx_word' id='word_1_259' title='bbox 294 2987 435 3046; x_wconf 87' lang='lat' dir='ltr'><strong>censoria</strong></span> <span class='ocrx_word' id='word_1_260' title='bbox 451 2991 481 3045; x_wconf 90' lang='lat' dir='ltr'><strong>et</strong></span> <span class='ocrx_word' id='word_1_261' title='bbox 494 2986 643 3060; x_wconf 81' lang='lat' dir='ltr'><strong>gravitate</strong></span> <span class='ocrx_word' id='word_1_262' title='bbox 657 2993 828 3062; x_wconf 86' lang='lat' dir='ltr'><strong>temporum</strong></span> <span class='ocrx_word' id='word_1_263' title='bbox 849 2986 969 3047; x_wconf 90' lang='lat' dir='ltr'><strong>illorum</strong></span> <span class='ocrx_word' id='word_1_264' title='bbox 984 2984 1091 3060; x_wconf 80' lang='lat' dir='ltr'><strong>digna.</strong></span> <span class='ocrx_word' id='word_1_265' title='bbox 1124 2985 1152 3043; x_wconf 90' lang='lat' dir='ltr'><strong>in</strong></span> 
     </span>
     <span class='ocr_line' id='line_1_34' title="bbox 171 3069 1152 3143; baseline -0.003 -14"><span class='ocrx_word' id='word_1_266' title='bbox 171 3069 288 3129; x_wconf 87' lang='lat' dir='ltr'><strong>invidia</strong></span> <span class='ocrx_word' id='word_1_267' title='bbox 302 3085 447 3131; x_wconf 87' lang='lat' dir='ltr'><strong>censores</strong></span> <span class='ocrx_word' id='word_1_268' title='bbox 464 3086 533 3130; x_wconf 90' lang='lat' dir='ltr'><strong>cum</strong></span> <span class='ocrx_word' id='word_1_269' title='bbox 547 3078 665 3143; x_wconf 90' lang='lat' dir='ltr'><strong>essent,</strong></span> <span class='ocrx_word' id='word_1_270' title='bbox 688 3069 849 3131; x_wconf 89' lang='lat' dir='ltr'><strong>crescendi</strong></span> <span class='ocrx_word' id='word_1_271' title='bbox 868 3085 908 3130; x_wconf 88' lang='lat' dir='ltr'><strong>ex</strong></span> <span class='ocrx_word' id='word_1_272' title='bbox 929 3069 967 3128; x_wconf 87' lang='lat' dir='ltr'><strong>ils</strong></span> <span class='ocrx_word' id='word_1_273' title='bbox 981 3075 1069 3129; x_wconf 89' lang='lat' dir='ltr'><strong>ratus</strong></span> <span class='ocrx_word' id='word_1_274' title='bbox 1086 3082 1152 3128; x_wconf 88' lang='lat' dir='ltr'><strong>esse</strong></span> 
     </span>
     <span class='ocr_line' id='line_1_35' title="bbox 172 3152 1150 3230; baseline -0.002 -16"><span class='ocrx_word' id='word_1_275' title='bbox 172 3154 369 3214; x_wconf 89' lang='lat' dir='ltr'><strong>occasionem</strong></span> <span class='ocrx_word' id='word_1_276' title='bbox 376 3154 428 3215; x_wconf 81' lang='lat' dir='ltr'><strong>Gn.</strong></span> <span class='ocrx_word' id='word_1_277' title='bbox 436 3154 569 3215; x_wconf 90' lang='lat' dir='ltr'><strong>Baebius</strong></span> <span class='ocrx_word' id='word_1_278' title='bbox 583 3154 721 3215; x_wconf 87' lang='lat' dir='ltr'><strong>tribunus</strong></span> <span class='ocrx_word' id='word_1_279' title='bbox 736 3152 836 3230; x_wconf 81' lang='lat' dir='ltr'><strong>plebIs</strong></span> <span class='ocrx_word' id='word_1_280' title='bbox 851 3154 933 3214; x_wconf 92' lang='lat' dir='ltr'><strong>diem</strong></span> <span class='ocrx_word' id='word_1_281' title='bbox 948 3153 988 3212; x_wconf 90' lang='lat' dir='ltr'><strong>ad</strong></span> <span class='ocrx_word' id='word_1_282' title='bbox 1003 3153 1150 3229; x_wconf 84' lang='lat' dir='ltr'><strong>populum</strong></span> 
     </span>
     <span class='ocr_line' id='line_1_36' title="bbox 171 3238 1150 3316; baseline -0.001 -20"><span class='ocrx_word' id='word_1_283' title='bbox 171 3239 311 3316; x_wconf 85' lang='lat' dir='ltr'><strong>utrisque</strong></span> <span class='ocrx_word' id='word_1_284' title='bbox 326 3239 411 3298; x_wconf 84' lang='lat' dir='ltr'><strong>dixit.</strong></span> <span class='ocrx_word' id='word_1_285' title='bbox 444 3255 482 3298; x_wconf 90' lang='lat' dir='ltr'><strong>ea</strong></span> <span class='ocrx_word' id='word_1_286' title='bbox 495 3254 546 3298; x_wconf 89' lang='lat' dir='ltr'><strong>res</strong></span> <span class='ocrx_word' id='word_1_287' title='bbox 562 3253 718 3298; x_wconf 88' lang='lat' dir='ltr'><strong>consensu</strong></span> <span class='ocrx_word' id='word_1_288' title='bbox 734 3245 852 3313; x_wconf 87' lang='lat' dir='ltr'><strong>patrum</strong></span> <span class='ocrx_word' id='word_1_289' title='bbox 868 3238 1013 3298; x_wconf 89' lang='lat' dir='ltr'><strong>discussa</strong></span> <span class='ocrx_word' id='word_1_290' title='bbox 1030 3243 1094 3310; x_wconf 90' lang='lat' dir='ltr'><strong>est,</strong></span> <span class='ocrx_word' id='word_1_291' title='bbox 1116 3251 1150 3296; x_wconf 88' lang='lat' dir='ltr'><strong>nc</strong></span> 
     </span>
     <span class='ocr_line' id='line_1_37' title="bbox 173 3320 947 3397; baseline 0 -19"><span class='ocrx_word' id='word_1_292' title='bbox 173 3327 283 3392; x_wconf 86' lang='lat' dir='ltr'><strong>postea</strong></span> <span class='ocrx_word' id='word_1_293' title='bbox 297 3320 431 3381; x_wconf 86' lang='lat' dir='ltr'><strong>obnoxia</strong></span> <span class='ocrx_word' id='word_1_294' title='bbox 445 3321 586 3397; x_wconf 88' lang='lat' dir='ltr'><strong>populari</strong></span> <span class='ocrx_word' id='word_1_295' title='bbox 601 3335 694 3380; x_wconf 86' lang='lat' dir='ltr'><strong>aurae</strong></span> <span class='ocrx_word' id='word_1_296' title='bbox 709 3337 840 3382; x_wconf 90' lang='lat' dir='ltr'><strong>censura</strong></span> <span class='ocrx_word' id='word_1_297' title='bbox 854 3330 947 3383; x_wconf 88' lang='lat' dir='ltr'><strong>esset.</strong></span> 
     </span>
    </p>

    <p class='ocr_par' dir='ltr' id='par_1_3' title="bbox 175 3402 1149 3562">
     <span class='ocr_line' id='line_1_38' title="bbox 256 3402 1149 3480; baseline 0.004 -20"><span class='ocrx_word' id='word_1_298' title='bbox 256 3402 416 3464; x_wconf 86' lang='lat' dir='ltr'><strong>XXXVIII.</strong></span> <span class='ocrx_word' id='word_1_299' title='bbox 439 3403 555 3462; x_wconf 79' lang='lat' dir='ltr'><strong>Eadem</strong></span> <span class='ocrx_word' id='word_1_300' title='bbox 570 3409 685 3462; x_wconf 90' lang='lat' dir='ltr'><strong>aestate</strong></span> <span class='ocrx_word' id='word_1_301' title='bbox 700 3405 729 3463; x_wconf 86' lang='lat' dir='ltr'><strong>ln</strong></span> <span class='ocrx_word' id='word_1_302' title='bbox 738 3404 860 3464; x_wconf 91' lang='lat' dir='ltr'><strong>Bruttiis</strong></span> <span class='ocrx_word' id='word_1_303' title='bbox 868 3404 1036 3480; x_wconf 82' lang='lat' dir='ltr'><strong>Clampetia</strong></span> <span class='ocrx_word' id='word_1_304' title='bbox 1050 3421 1071 3464; x_wconf 91' lang='lat' dir='ltr'><strong>a</strong></span> <span class='ocrx_word' id='word_1_305' title='bbox 1082 3419 1149 3464; x_wconf 88' lang='lat' dir='ltr'><strong>con·</strong></span> 
     </span>
     <span class='ocr_line' id='line_1_39' title="bbox 175 3480 1149 3562; baseline 0.009 -27"><span class='ocrx_word' id='word_1_306' title='bbox 175 3480 242 3538; x_wconf 90' lang='lat' dir='ltr'><strong>sule</strong></span> <span class='ocrx_word' id='word_1_307' title='bbox 262 3484 291 3541; x_wconf 86' lang='lat' dir='ltr'><strong>vl</strong></span> <span class='ocrx_word' id='word_1_308' title='bbox 313 3492 417 3558; x_wconf 86' lang='lat' dir='ltr'><strong>capta,</strong></span> <span class='ocrx_word' id='word_1_309' title='bbox 446 3485 610 3546; x_wconf 88' lang='lat' dir='ltr'><strong>Consentia</strong></span> <span class='ocrx_word' id='word_1_310' title='bbox 632 3493 662 3545; x_wconf 93' lang='lat' dir='ltr'><strong>et</strong></span> <span class='ocrx_word' id='word_1_311' title='bbox 680 3486 833 3548; x_wconf 86' lang='lat' dir='ltr'><strong>Pandosia</strong></span> <span class='ocrx_word' id='word_1_312' title='bbox 854 3495 884 3548; x_wconf 90' lang='lat' dir='ltr'><strong>et</strong></span> <span class='ocrx_word' id='word_1_313' title='bbox 903 3488 1053 3562; x_wconf 80' lang='lat' dir='ltr'><strong>ignobiles</strong></span> <span class='ocrx_word' id='word_1_314' title='bbox 1076 3488 1149 3547; x_wconf 87' lang='lat' dir='ltr'><strong>aliae</strong></span> 
     </span>
    </p>
   </div>
   <div class='ocr_carea' id='block_1_3' title="bbox 0 0 1228 3900">
    <p class='ocr_par' dir='ltr' id='par_1_4' title="bbox 0 0 1228 3900">
     <span class='ocr_line' id='line_1_40' title="bbox 0 0 1228 3900; baseline 0 0"><span class='ocrx_word' id='word_1_315' title='bbox 0 0 1228 3900; x_wconf 95' lang='lat' dir='ltr'><strong> </strong></span> 
     </span>
    </p>
   </div>
  </div>
 </body>
</html>
