2434 3902
155 188 218 252 214
293 187 404 248 LIBER
422 185 542 245 XXVII.
566 183 649 243 cnlt
663 189 708 244 46.
723 187 768 242 al.
792 187 830 253 [a.
841 185 879 236 U.
897 201 922 235 c.
938 182 1003 249 olo]

154 343 249 404 lerme
264 341 336 402 inde
347 354 462 415 passus
476 334 651 396 Hasdrubal
667 332 783 392 aberat.
806 330 914 406 itaque
929 345 1000 390 cum
1017 329 1083 388 iam
1099 345 1152 404 ap·

154 425 391 503 propinquaret,
422 428 520 482 tectus
546 417 700 478 montibus
722 414 859 476 substitit
878 413 977 486 Nero,
1014 428 1055 472 ne
1083 421 1154 472 ante
1200 447 1204 458 ·

154 517 273 570 noctem
290 514 391 567 castra
405 505 622 580 ingrederetur.
653 499 773 562 silentio
790 497 926 574 ingressi
941 495 981 557 ab
999 498 1050 556 sui
1068 497 1154 572 quis-

156 610 216 670 que
238 591 354 653 ordinis
374 588 548 648 hominibus
568 586 598 646 in
613 584 744 646 tentoria
765 582 908 657 abducti,
935 597 1007 641 cum
1029 597 1155 641 summa

155 676 288 738 omnium
303 673 416 733 laetitia
428 670 621 748 hospitaliter
635 667 841 744 excipiuntur.
864 673 995 743 postero
1010 666 1066 725 die
1081 681 1152 726 con·

155 760 255 820 silium
277 757 425 832 habitum,
448 756 496 816 cui
517 760 547 815 et
559 755 593 814 L.
608 752 735 814 Porcius
749 750 875 812 Licinus
892 758 1020 827 praetor
1041 749 1155 812 adluit.

155 849 258 903 eastra
271 843 374 902 iuncta
389 842 548 900 consulum
561 838 670 898 eastris
685 835 829 910 habebat,
845 841 876 894 et
891 841 963 895 ante
978 835 1155 895 adventum

155 943 259 987 eorum
275 941 331 1002 per
345 926 413 985 loca
428 924 489 986 alla
504 922 646 984 ducendo
663 920 849 993 exercitum,
874 935 944 980 eum
960 919 1061 978 modo
1080 919 1152 979 insi·

155 1012 242 1071 deret
262 1017 410 1085 angustos
433 1010 545 1083 saltus,
567 1015 601 1068 ut
614 1005 774 1066 transitum
791 1004 966 1080 clauderet,
990 1004 1094 1064 modo
1118 1003 1156 1064 ab

155 1095 249 1154 latere
270 1101 322 1154 aut
341 1093 380 1153 ab
400 1100 485 1167 tergo
508 1097 649 1166 carperet
671 1105 797 1165 agmen,
821 1087 1002 1149 ludificatus
1025 1088 1156 1149 hostem

155 1176 295 1238 omnibus
318 1177 432 1237 artibus
452 1175 524 1236 belli
547 1175 661 1236 luerat:
690 1174 717 1235 is
737 1181 803 1234 tum
822 1173 853 1231 ln
872 1172 1007 1233 consilio
1030 1173 1155 1232 aderat.

154 1261 317 1322 multorum
333 1276 371 1323 eo
386 1261 532 1320 inclinant
547 1258 732 1334 sententiae,
754 1263 795 1332 ut,
820 1258 892 1317 dum
908 1257 1030 1318 fessum
1048 1257 1106 1316 via
1121 1273 1156 1316 ac

154 1345 267 1420 vigiliis
282 1346 422 1406 reliceret
436 1344 558 1403 militem
565 1343 656 1415 Nero,
673 1342 763 1402 slmul
779 1348 809 1401 et
823 1341 867 1402 ad
880 1342 1083 1402 noscendum
1100 1341 1155 1400 lm-

155 1436 232 1488 stem
248 1443 364 1504 paucos
388 1428 445 1487 sibi
468 1434 602 1488 sumeret
616 1427 702 1500 dics,
724 1433 846 1501 tempus
861 1441 988 1502 pugnae
1008 1423 1154 1485 differre-

155 1520 216 1572 tur=
232 1513 312 1572 Nero
323 1529 383 1573 non
397 1513 528 1572 suadere
536 1510 638 1584 modo,
652 1511 710 1571 sed
723 1526 842 1571 summa
855 1525 916 1586 ope
929 1526 1021 1572 orare
1032 1509 1154 1586 institit,

156 1611 195 1655 ne
210 1595 369 1656 consilium
385 1612 488 1670 suum,
511 1596 595 1670 quod
611 1601 706 1654 tutum
723 1594 866 1655 celeritas
883 1595 1030 1667 lecisset,
1056 1601 1150 1655 teme-
1212 1653 1213 1662 ,

156 1680 268 1738 rarium
283 1679 432 1739 morando
454 1681 598 1740 lacerent
631 1693 746 1755 errore,
770 1679 822 1753 qui
839 1695 902 1738 non
918 1678 1094 1740 diuturnus
1109 1681 1153 1740 iu·
1212 1739 1213 1746 ,

156 1769 241 1822 turus
260 1769 358 1836 esset,
382 1762 465 1824 velut
484 1769 656 1839 torpentem
668 1761 874 1823 Hannibalem
895 1779 954 1823 nec
970 1771 1084 1824 castra
1098 1781 1153 1824 sua
1212 1761 1213 1792 ¹

157 1846 223 1905 stne
244 1846 322 1906 duce
342 1847 447 1908 relicta
468 1847 611 1924 adgredi,
634 1862 693 1906 nec
708 1848 747 1908 ad
765 1847 962 1922 sequendum
979 1863 1017 1908 se
1032 1849 1096 1908 iter
1110 1850 1152 1909 in·

155 1929 300 1992 tendisse.
330 1938 491 2008 antequam
506 1938 686 2007 semoveat,
709 1931 805 1992 deleri
819 1934 988 1994 exercitum
999 1933 1152 1994 Hasdru-

154 2016 230 2074 balis
241 2031 327 2090 posse
340 2017 496 2091 redirique
511 2015 540 2075 in
557 2015 711 2090 Apuliam.
741 2017 792 2090 qui
810 2016 996 2092 prolatando
1014 2018 1152 2093 spatium

156 2098 237 2157 hosti
254 2100 312 2173 det,
336 2115 404 2160 eum
421 2105 451 2159 et
466 2099 517 2158 illa
532 2106 633 2160 castra
647 2101 783 2175 prodere
797 2100 964 2161 Hannibali
979 2107 1011 2161 et
1026 2101 1152 2178 aperire

156 2182 185 2241 in
202 2181 327 2242 Gallium
343 2184 412 2258 iter,
435 2190 468 2243 ut
482 2199 538 2259 per
557 2184 667 2256 otium,
689 2183 742 2244 ubi
758 2185 846 2258 velit,
866 2183 1060 2246 Hasdrubali
1077 2201 1151 2246 con-

155 2265 303 2341 iungatur.
336 2269 489 2343 extemplo
505 2269 625 2344 signum
642 2268 777 2329 dandum
799 2275 829 2328 et
849 2269 986 2329 eundum
1002 2270 1033 2330 in
1051 2271 1151 2331 aciem

156 2349 401 2427 abutendumque
413 2367 517 2413 errore
527 2352 661 2413 bostium
673 2353 846 2414 absentium
859 2355 1149 2431 praesentiumque,

157 2434 228 2493 dum
243 2450 344 2510 neque
365 2436 406 2495 illi
428 2437 526 2497 sciant
540 2453 608 2496 cum
623 2436 824 2512 paucioribus
839 2453 897 2498 nec
913 2437 943 2497 hi
966 2454 1038 2500 eum
1053 2439 1149 2514 pluri·
1210 2511 1211 2520 ἵ

156 2517 214 2576 bus
229 2526 259 2578 et
272 2519 470 2580 validioribus
484 2535 549 2580 rem
564 2537 645 2582 esse.
668 2522 799 2584 consilio
812 2522 941 2583 dimisso
955 2522 1080 2598 signum
1091 2540 1147 2599 pu·
1210 2541 1211 2580 ι

156 2616 234 2673 gnae
249 2603 438 2678 proponitur,
458 2605 681 2682 confestimque
696 2606 726 2666 in
743 2606 841 2666 aciem
856 2608 1043 2683 procedunt.
1210 2597 1211 2660 Ϊ

240 2685 356 2744 XLVII.
378 2687 440 2746 Iam
452 2688 558 2750 hostes
573 2696 644 2750 ante
656 2698 757 2751 eastra
772 2691 913 2751 instructi
925 2691 1059 2753 stabant.
1080 2707 1146 2751 mo·

156 2782 220 2825 ram
234 2772 474 2848 pugnacattulit,
491 2774 767 2850 quodHasdrubal,
783 2782 952 2850 provectus
969 2783 1041 2838 ante
1058 2776 1147 2852 signa

156 2865 225 2910 cum
240 2852 346 2928 pauols
360 2857 522 2933 equitibus,
545 2865 631 2919 scuta
645 2867 750 2920 vetera
764 2859 900 2921 bostium
914 2861 1043 2937 notavit,
1066 2875 1147 2937 quae

156 2941 225 2994 ante
240 2953 299 2998 non
311 2939 437 3024 viderat
453 2949 484 3002 et
498 2942 694 3018 strigosiores
710 2960 827 3022 equos;
842 2945 1005 3005 multitudo
1019 2960 1146 3021 quoque
1209 2961 1210 2996 t

155 3019 253 3081 maior
267 3021 356 3083 solita
370 3026 438 3087 visa
454 3035 508 3090 est.
545 3029 720 3104 suspicatus
736 3029 817 3090 enim
832 3029 873 3103 id,
898 3029 982 3105 quod
999 3035 1073 3104 erat,
1096 3044 1141 3088 re-

157 3107 256 3179 camut
268 3123 400 3184 propere
413 3113 531 3188 cecinit,
546 3129 583 3173 ac
594 3113 675 3173 mIsit
687 3114 727 3173 ad
739 3113 853 3174 llumcn
877 3113 963 3175 unde
985 3113 1141 3190 aquaban-

156 3190 218 3259 tur,
241 3190 292 3250 ubi
307 3200 337 3252 et
351 3196 451 3272 excipi
473 3197 566 3272 aliqui
581 3205 711 3271 possent
727 3206 757 3258 et
770 3198 869 3259 notari
885 3197 1000 3273 oeulls,
1024 3198 1051 3259 si
1069 3196 1140 3274 quid

156 3267 233 3330 torte
248 3273 413 3337 adustioris
426 3279 537 3340 eoloris
552 3285 584 3340 bt
599 3297 638 3340 ex
650 3281 764 3341 recenti
776 3283 827 3342 via
842 3289 963 3352 essenl3
981 3281 1071 3342 simul
1083 3282 1136 3341 cir⁴
1208 3301 1209 3304 ¹

158 3354 295 3440 cumvehi
316 3359 422 3430 procul
442 3368 543 3421 castra
562 3362 645 3422 iubet
665 3365 897 3440 specularique,
919 3381 992 3424 num
1017 3371 1138 3425 auctum

155 3425 260 3505 &Ilua
278 3442 365 3510 Parte
385 3436 425 3497 sit
439 3439 566 3512 vallum;
589 3451 620 3502 et
639 3449 672 3503 ut
693 3444 859 3520 attendant,
882 3446 979 3507 sema
993 3442 1083 3504 bisne
1099 3447 1137 3500 si-
