2434 3902
228 231 479 294 Lleltssxxvll.
502 230 703 294 cananei.
726 238 887 307 [acuon
929 199 933 206 ⁴
990 232 1052 302 int
1099 183 1104 192 Ι

43 383 132 445 eius
153 381 279 458 agebat,
306 396 376 444 curn
396 386 497 442 tamen
518 382 687 444 necessarii
709 381 827 444 Claudii
848 383 1051 462 obtinuerunt,

46 467 170 528 relicto
184 464 341 527 Venusiae
355 465 456 541 legato
470 465 634 528 Marcellus
648 467 779 528 Romam
797 469 911 530 rediret
924 469 965 532 ad
979 486 1052 546 pur·

40 551 168 628 vganda
182 565 221 612 ea
237 564 317 627 quae
331 549 445 612 inimici
459 550 676 626 decernerent,
699 567 757 612 nec
772 551 811 612 dc
831 553 962 629 imperio
984 555 1052 618 eius

48 634 245 711 abrogando
260 633 388 696 absente
402 633 473 709 ipso
488 642 638 710 ageretur.
664 637 743 696 torte
758 637 816 698 sub
831 636 914 698 idem
929 644 1051 715 tempus

49 726 91 782 et
110 719 278 780 Marcellus
300 717 341 778 ad
363 718 592 794 deprecandam
612 720 809 796 ignominiam
831 727 861 782 et
876 722 909 797 Q.
924 721 1051 784 Fulvius

50 804 174 865 consul
188 803 381 864 comitiorum
396 817 490 864 causo
504 803 633 864 Romam
651 804 744 866 venit.
787 805 866 866 XXI.
896 813 997 869 aetum
1012 807 1052 868 de

50 887 193 964 imperio
214 887 350 948 Marcelli
371 887 402 946 in
422 886 504 949 circo
524 885 672 949 Flaminio
693 897 742 950 cst
761 889 876 964 ingenti
898 905 1052 954 concursu

55 971 229 1048 plebisque
240 977 271 1032 et
282 971 416 1031 omnium
428 971 585 1044 ordinum
601 974 824 1050 accusavitque
835 973 974 1036 tribunus
986 975 1050 1051 plc-

55 1057 110 1118 bis
126 1071 190 1116 non
205 1055 382 1118 Marcellum
396 1055 490 1117 modo
506 1057 563 1116 sed
578 1072 700 1118 omnem
714 1058 919 1120 nobilitatem:
942 1060 1052 1122 fraude

51 1155 171 1204 eorum
186 1146 217 1201 et
230 1139 425 1201 cunctatione
438 1139 514 1213 fleri,
538 1147 572 1202 ut
585 1141 737 1202 Hannibal
754 1142 906 1206 decimum
921 1143 981 1206 iam
996 1161 1050 1206 an·

54 1241 136 1286 num
150 1223 268 1286 ltaliam
284 1224 474 1300 provinciam
489 1223 609 1299 habeat,
632 1225 745 1286 diutius
760 1225 802 1286 ibi
817 1245 910 1302 quam
926 1228 1050 1290 cartha·

52 1309 134 1384 gine
153 1307 273 1369 vixerit.
307 1307 421 1370 habere
442 1309 572 1371 fructum
593 1310 712 1386 imperii
733 1313 890 1386 prorogati
904 1312 1051 1374 Marcello

54 1394 212 1469 populum
232 1393 419 1454 Romanumz
440 1392 489 1453 bis
512 1409 637 1456 caesum
657 1395 825 1456 exercitum
845 1396 911 1458 eius
932 1397 1051 1458 aestiva

55 1477 221 1539 Venusiae
236 1476 295 1538 sub
309 1476 399 1540 tectis
415 1492 517 1553 agere.
540 1477 620 1540 hanc
630 1478 739 1541 tribuni
755 1480 925 1541 orationem
940 1481 981 1542 ita
996 1481 1051 1544 ob-

56 1561 291 1622 ruitMarcellus
307 1561 596 1624 commemoratione
610 1579 711 1624 rerum
727 1581 860 1638 suornm,
876 1572 985 1627 utnon
1000 1583 1049 1627 ro·

56 1646 142 1720 gatio
160 1645 261 1706 solum
279 1645 319 1706 de
334 1646 462 1722 imperio
481 1646 548 1708 eius
564 1647 744 1724 abrogando
758 1649 977 1727 antiquaretur,
993 1661 1050 1713 scd

60 1737 190 1806 postero
215 1729 265 1790 die
290 1731 450 1792 consulem
476 1745 545 1792 cum
571 1732 685 1808 ingenti
711 1749 867 1796 consensu
893 1735 1050 1798 centuriae

61 1829 172 1876 omnes
195 1821 344 1875 crearent.
380 1815 503 1876 additur
523 1816 642 1893 collega
654 1818 688 1876 Τ.
703 1817 862 1891 Quinctius
878 1820 1047 1896 crispinus,

55 1899 112 1975 qui
127 1904 192 1960 tum
208 1905 331 1974 praetor
351 1905 425 1960 erat.
461 1907 587 1974 postero
602 1901 652 1962 die
667 1909 826 1976 praetores
846 1905 939 1966 creati
953 1904 985 1964 P.
1000 1905 1042 1964 Li

56 1983 160 2044 einins
173 1981 303 2047 crassus
315 1983 409 2044 Dives
422 1983 561 2059 pontifex
575 1984 737 2060 maximus,
752 1985 1047 2064 P.LiciniusVarus,

52 2067 133 2128 Sex.
150 2067 245 2128 lulius
261 2066 383 2138 Caesar,
405 2067 439 2142 Q.
456 2068 610 2130 claudius.

135 2151 341 2212 ·Ccmitiorum
356 2151 496 2227 ipsorum
511 2153 621 2214 diebus
636 2154 768 2216 sollicita
782 2155 890 2216 civitas
906 2155 946 2215 de
960 2155 1047 2218 iltru-

54 2236 124 2296 riae
140 2235 313 2297 delectione
329 2235 393 2297 luit.
421 2236 605 2313 principium
621 2237 688 2299 eius
702 2238 747 2298 rei
761 2238 800 2299 ab
815 2239 965 2300 Arretinis
980 2238 1048 2300 lieri

52 2320 91 2380 C.
107 2319 291 2395 calpurnius
312 2320 493 2397 scripserat,
516 2321 569 2397 qui
592 2323 864 2398 comprovinciam
881 2339 937 2399 pro
959 2338 1047 2399 prae-

58 2410 126 2466 tore
143 2403 309 2467 obtinebat
331 2405 435 2481 itaque
445 2406 608 2466 couiestim
623 2422 661 2468 eo
672 2408 788 2470 missus
795 2407 958 2468 Marcellus
973 2421 1048 2468 cen-

58 2489 106 2548 sul
122 2489 314 2565 designatus
337 2489 391 2564 qui
405 2506 470 2550 rem
484 2488 658 2566 inspiceret,
682 2493 761 2552 acsi
776 2492 869 2566 digua
884 2492 1046 2566 videretur,

56 2573 196 2634 exercitu
217 2573 315 2636 accito
330 2574 444 2635 bellum
464 2590 504 2634 ex
517 2575 631 2650 Apulia
650 2576 681 2636 in
695 2576 844 2638 Etruriam
859 2577 1047 2638 transferret

58 2668 97 2718 eo
112 2665 196 2720 metu
211 2656 384 2734 compressi
398 2658 519 2720 Etrusci
534 2659 735 2734 quieverunt·
757 2660 989 2722 Tarentinorum
1004 2662 1047 2722 le-

55 2742 139 2817 gatis
158 2757 268 2818 pacem
290 2742 465 2818 petentibus
480 2758 549 2804 cum
571 2743 709 2804 libertate
723 2760 761 2805 ac
774 2745 894 2820 legibus
916 2746 983 2808 suis
1000 2761 1048 2807 re·

55 2841 212 2902 sponsum
232 2825 271 2888 ab
292 2833 402 2904 senatu
422 2833 484 2903 est,
506 2832 540 2888 ut
559 2827 694 2889 redirent
715 2845 783 2890 cum
803 2828 916 2891 Fabius
938 2830 1048 2893 consul

56 2909 189 2971 Romam
205 2910 350 2972 venisset.
370 2944 414 2956 -
439 2911 517 2974 Ludi
539 2917 569 2972 et
583 2913 713 2974 Romani
729 2920 759 2975 et
774 2913 884 2990 plebeii
905 2931 944 2977 eo
966 2930 1047 2976 anno

57 2994 89 3053 in
104 2994 245 3071 singulos
260 2995 333 3064 dies
348 2995 516 3058 instaurati.
552 2998 670 3058 aediles
686 2998 807 3058 curules
823 2999 909 3060 luere
923 3000 956 3060 L.
973 2997 1045 3059 Cor·

58 3079 158 3140 nelius
175 3078 329 3140 Caudinus
345 3086 375 3140 et
389 3079 454 3142 Ser.
470 3079 625 3156 Sulpicius
642 3081 746 3158 Galba,
768 3083 880 3158 plebeii
895 3082 926 3144 c.
943 3081 1046 3144 Servi-

59 3162 118 3226 lius
135 3170 167 3224 et
181 3162 216 3238 Q.
233 3163 543 3226 CaeciliusMetellus.
566 3164 730 3228 Servilium
746 3167 899 3242 negabant
913 3167 980 3228 iure
994 3174 1046 3227 aut

56 3247 212 3310 tribunum
233 3248 335 3323 plebis
357 3249 453 3310 luisse
474 3256 528 3310 aut
552 3251 682 3312 aedilem
704 3265 790 3326 csse,
822 3250 906 3326 quod
927 3255 1045 3328 patrem

57 3330 140 3407 eins,
163 3346 255 3407 quem
274 3332 464 3396 triumvirum
484 3335 636 3410 agrarium
658 3333 796 3395 occisum
815 3350 836 3394 a
855 3334 942 3396 Boiis
962 3333 1045 3396 eirca

59 3413 206 3476 Mirdnam
220 3431 292 3478 osse
314 3417 418 3493 opinio
435 3432 490 3493 per
505 3418 613 3478 decem
627 3433 726 3478 annos
740 3417 853 3491 iuerat,
875 3418 981 3480 vivere
998 3421 1046 3478 at*

60 3516 118 3574 que
132 3499 165 3560 in
179 3498 313 3562 bostium
327 3507 480 3579 potestate
495 3517 567 3563 csse
581 3501 657 3561 satis
672 3498 844 3561 constabat.
1007 3497 1013 3516 ⁶
