2428 3892
188 243 250 312 us
333 244 449 307 creuit
461 243 569 305 inivi.
591 243 675 305 cnr.
692 251 733 306 ιι.
749 253 792 307 ιι.
809 244 851 324 [ι.
863 249 898 304 ιι.
914 267 940 303 ι..
950 247 1014 360 ιιι]

187 395 297 460 veneni
318 397 469 457 iocenmte
490 395 594 472 itnque
613 400 734 456 noctem
747 401 842 455 totum
855 393 995 471 plerique
1016 409 1123 455 eorrmn
1136 403 1160 455 ct

187 481 249 542 diei
262 479 454 556 insequentis
469 485 588 555 partem
601 493 670 539 cum
684 478 816 538 unimam
830 478 974 554 egissent
997 491 1107 538 omues
1121 487 1160 538 tn·

186 580 256 629 mon
270 563 357 640 prius
371 579 465 643 quam
479 563 671 640 aperirentur
683 563 824 624 hostibus
838 568 946 638 portae
961 562 1160 638 exspirarunt

270 646 397 707 Postern
418 647 469 708 die
487 653 578 724 porta
591 646 691 720 lovis,
715 661 797 724 queo
814 645 966 708 odvecns
987 641 1091 706 casim
1104 647 1160 706 Ro-

187 746 277 792 mana
297 737 377 805 erut,
399 730 484 791 iussu
506 730 704 808 proconsulis
722 737 828 807 epertn
842 737 899 791 est
931 745 970 789 eu
989 729 1161 790 intromisso

186 815 267 890 legio
285 830 348 875 una
367 822 399 874 ot
417 814 499 876 dune
523 814 593 876 dee
611 830 683 876 cum
702 814 735 876 d
754 811 863 875 deio
888 815 1001 888 legato.
1041 815 1070 873 is
1099 829 1160 874 cun

187 899 322 960 omnium
342 899 474 973 primum
493 913 579 958 ermc
597 899 821 979 teieqnoqune
831 897 955 974 capuae
975 903 1066 958 erum
1077 897 1120 956 ed
1132 913 1162 956 se

187 982 375 1044 conferenda
389 988 543 1054 curasset,
566 982 720 1044 custodiis
730 982 774 1043 nd
787 997 894 1043 omnes
909 987 1022 1056 porus·
1031 981 1161 1057 disposi-

185 1065 235 1140 tis,
257 1081 298 1124 ne
312 1064 385 1142 quis
398 1065 486 1126 enim
498 1072 551 1127 aaut
564 1067 659 1128 emitti
673 1073 797 1143 posset,
817 1064 1005 1142 prnesidium
1019 1065 1161 1126 Punicum

187 1149 432 1225 comprehendit,
452 1157 594 1212 sonetum
615 1149 802 1226 Gnmpsnum
820 1151 866 1210 ire
883 1149 915 1210 in
929 1155 1030 1210 oestro
1053 1149 1095 1209 nd
1113 1150 1161 1208 im-

186 1239 346 1310 perotores
358 1233 516 1296 Romarm
531 1233 629 1295 iussit.
667 1249 729 1310 ouo
744 1250 815 1294 euru
829 1234 995 1309 venissent,
1010 1235 1161 1310 extempio

184 1317 223 1380 iis
238 1317 378 1378 omnibus
394 1323 520 1380 catenae
534 1318 678 1392 iniectae,
701 1318 840 1393 iussique
854 1317 896 1378 sd
910 1323 1093 1393 quaestores
1114 1319 1162 1378 de

185 1403 265 1462 terre
280 1403 366 1477 quod
385 1402 452 1462 erui
466 1408 560 1477 atque
578 1402 695 1477 argenti
709 1401 868 1462 haberent.
900 1402 966 1461 euri
978 1402 1088 1477 pondo
1106 1402 1162 1462 duo

184 1486 267 1546 miiin
280 1484 474 1561 septuaginta
489 1485 551 1560 iudi,
566 1487 682 1561 urgenti
692 1485 814 1561 triginta
824 1485 907 1546 milio
920 1485 1026 1560 pondo
1044 1493 1075 1546 et
1085 1486 1162 1546 mille

184 1571 325 1630 ducenta.
345 1577 505 1632 senatores
523 1571 658 1645 quinquo
672 1575 702 1632 et
715 1569 821 1646 viginti
835 1570 923 1631 Celes
937 1570 968 1629 in
982 1570 1162 1643 custodium,

184 1651 550 1728 duodetrigintei'ennum
560 1653 656 1730 missi,
673 1670 803 1731 quorum
815 1655 854 1715 de
868 1655 1020 1715 sententie
1032 1654 1163 1714 maxime

184 1735 332 1796 descitum
348 1735 386 1794 ob
397 1736 544 1800 Romanis
560 1739 729 1800 constabat,
771 1739 839 1800 XV.
861 1737 903 1798 de
915 1738 1072 1814 supplicio
1079 1739 1162 1799 Cum-

184 1819 256 1894 puni
279 1826 406 1882 uerutus
425 1821 666 1898 haudquaquam
685 1823 764 1883 inter
781 1822 922 1884 Frdvium
943 1822 1164 1898 claudiumque

184 1904 401 1966 couveniebntr
420 1905 518 1966 sociiis
532 1907 743 1982 impetrandae
759 1906 870 1968 veniae
882 1906 1036 1982 cunutus,
1057 1906 1163 1967 Fulvio

184 1985 290 2048 durior
303 1990 454 2052 sententie
467 1996 540 2050 crat
570 1990 674 2067 itaque
687 1991 811 2068 nppnu
824 1991 953 2053 Romum
968 1991 1009 2050 ad
1024 1999 1164 2050 senatun

183 2070 340 2135 arbitrium
365 2073 433 2136 eius
451 2074 497 2134 rei
515 2079 612 2136 totum
629 2075 792 2138 reiciebutz
831 2075 1052 2151 percunctandi
1073 2075 1163 2135 etiarn

183 2171 319 2231 nequurn
330 2173 402 2220 esse
416 2164 599 2234 potestatem
609 2159 676 2220 fieri
690 2159 837 2236 patribus,
852 2176 925 2220 num
940 2157 1164 2220 communiens·

132 2247 135 2254 “
183 2247 255 2301 sent
266 2241 397 2304 consilia
409 2257 478 2304 cum
491 2242 605 2318 nliouis
619 2244 782 2318 sociorum,
797 2243 895 2304 Lntini
909 2242 1052 2318 nominis,
1066 2243 1164 2302 muni-

182 2323 346 2400 cimorum,
374 2333 404 2386 et
425 2342 497 2386 num
518 2341 579 2402 ope
599 2343 705 2388 eorum
725 2328 755 2388 in
771 2327 851 2387 bello
867 2327 966 2388 iorcnt
979 2325 1094 2409 edinti
1131 2326 1165 2385 id

181 2423 257 2469 vero
272 2409 395 2470 minime
409 2411 656 2472 concurrendum
671 2426 743 2472 esse
756 2410 881 2472 Fulvius
897 2411 1009 2486 dumo,
1030 2415 1065 2472 ut
1078 2410 1164 2471 solli-

182 2491 345 2555 citarentur
365 2493 541 2556 criminibus
561 2493 662 2556 dubiis
677 2495 832 2576 sociorum
846 2493 983 2556 fidelium
1001 2493 1111 2567 enini,
1133 2501 1165 2554 et

181 2574 393 2638 subicerentur
406 2577 573 2654 indioibus,
596 2578 681 2654 quis,
699 2595 795 2656 neque
811 2579 886 2654 prud
900 2579 1047 2654 δίαιται,
1061 2593 1164 2653 necue

181 2658 256 2732 quid
270 2660 414 2734 iacerent,
430 2660 595 2737 quicquam
609 2662 852 2738 umqunm'peusi
865 2661 991 2723 suissuia
1007 2661 1114 2737 itaque
1128 2677 1163 2721 se

180 2743 473 2819 conquaestionem
489 2760 712 2821 oppressurum
725 2747 1017 2822 exstincturumrprs.
1047 2747 1088 2807 nb
1103 2746 1162 2805 hoc

180 2840 322 2888 sermone
337 2842 406 2890 etun
419 2829 553 2904 digressi
572 2837 688 2900 essent,
712 2838 744 2891 et
755 2831 877 2906 Appius
893 2829 1036 2905 mauvis
1052 2831 1162 2890 feroci·

180 2915 227 2969 ter
236 2909 411 2986 loquentem
426 2914 652 2988 collegamnon·
663 2913 814 2976 dubitaret
824 2913 1055 2974 turnenrlittcrns
1066 2929 1163 2989 super

178 2999 262 3053 tento
282 3010 316 3054 re
335 2995 374 3056 ab
388 2997 488 3058 Rome
508 3004 770 3073 aruspectmnrurn,
788 2997 930 3071 Fulvium,
951 3013 990 3058 ne
1004 2996 1040 3057 id
1059 2997 1161 3074 ipsum

177 3076 427 3152 impedimentum
446 3081 569 3156 incepto
584 3081 670 3154 soret
694 3082 848 3142 dimittens
863 3081 1053 3158 praetorium
1067 3079 1159 3143 uibu-

177 3160 227 3220 nis
246 3161 372 3222 miiitum
392 3178 431 3224 nc
450 3164 614 3240 praetactis
632 3165 751 3226 socium
771 3164 950 3240 imperauit,
970 3164 1016 3226 uti
1036 3163 1159 3226 duobus

177 3243 299 3306 milibus
314 3247 450 3322 equitum
461 3247 589 3310 delectis
603 3247 827 3322 denuntiarent,
839 3253 873 3308 ut
886 3247 928 3310 nd
941 3247 1157 3310 tertiumbuci·

177 3343 248 3388 num
259 3336 385 3404 praesto
400 3337 514 3390 essent.
537 3347 607 3392 curn
620 3332 680 3394 hoc
695 3331 831 3408 equinotu
841 3331 1077 3392 nodaTennum
1087 3345 1157 3410 pro·

177 3409 274 3470 iectus
287 3411 384 3486 primo
398 3413 466 3472 lnce
477 3419 596 3487 portum
609 3415 731 3477 intravit
744 3422 836 3490 ntque
849 3415 994 3479 insonum
1004 3413 1154 3490 penante

175 3506 390 3570 concursuque
411 3495 452 3556 ad
466 3495 595 3570 primum
616 3499 750 3574 equitum
771 3499 944 3573 ingressum
959 3499 1042 3558 iacto
1064 3497 1153 3573 magi·
