2428 3892
230 275 447 336 htBEtrxxv.
470 277 608 340 cahat.
622 288 666 341 as.
690 286 727 354 [ι.
740 285 773 340 c.
787 285 851 356 ara]
992 283 1031 351 al

68 430 182 492 hostium
198 437 350 506 metuens,
373 445 465 506 quam
480 447 519 491 ne
534 447 594 506 qua
616 432 758 494 intestina
773 433 857 497 lrous
871 451 929 512 per
942 453 1031 500 oeca-

67 514 169 577 sionem
189 522 339 589 oreretur,
360 515 545 590 clausasque
567 515 644 577 inter
663 520 821 580 turnultum
837 519 1031 586 Achradinae

64 607 144 675 atque
157 599 277 658 Insulae
298 599 447 660 inveniret
467 608 583 676 portas.
618 600 782 664 Marcellus
797 609 830 664 ut
844 606 966 666 moenia
986 607 1030 667 in-

61 699 176 758 gressus
197 697 235 743 ex
257 683 468 758 superioribus
489 685 566 745 locis
588 685 694 746 urbem
715 687 849 749 omniurn
871 689 965 750 lerme
980 691 1032 752 illa

60 773 226 842 tempestate
247 767 485 842 pulcherrimam
505 769 673 831 subiectam
695 773 794 834 oeulis
810 773 899 849 vidit,
920 773 1030 836 illacri-

60 867 151 912 masse
171 851 282 912 dieitur
297 853 406 928 partim
421 853 535 930 gaudio
550 860 652 915 tantae
669 862 863 932 perpetratae
878 857 937 933 rei,
959 875 1029 936 par·

59 937 104 995 tim
115 942 231 998 vetusta
245 936 347 1012 gloria
361 935 456 998 urbis.
485 937 718 1001 Atheniensium
734 943 852 1002 classes
869 942 1028 1004 demersae

61 1027 87 1078 et
99 1019 171 1081 duo
163 1028 305 1096 urgentes
321 1022 474 1083 exercitus
490 1038 559 1084 cunr
574 1024 696 1086 duobus
709 1025 886 1086 clarissimis
898 1025 1028 1087 ducibus

59 1101 136 1164 deleu
159 1103 378 1178 occurrebant,
408 1111 502 1167 ettot
526 1107 607 1168 bella
632 1123 701 1169 cunr
728 1109 1027 1186 carthaginiensibus

58 1193 128 1249 tanto
148 1205 213 1250 cunr
237 1190 416 1250 discrimine
433 1199 535 1266 gesta,
558 1198 604 1252 tot
616 1198 675 1252 tam
692 1194 828 1268 opulenti
845 1195 965 1271 tyranni
981 1210 1027 1254 re-

59 1286 174 1349 gesque,
194 1271 322 1351 praeter
342 1281 462 1336 ceteros
476 1275 569 1336 Hiero
586 1292 654 1336 cunr
669 1277 899 1338 recentissimae
914 1292 1026 1337 menro-

62 1356 112 1416 riae
127 1373 193 1432 rex,
216 1365 283 1420 turn
298 1366 368 1420 ante
383 1359 498 1434 omnia,
521 1376 601 1435 quae
615 1361 712 1421 virtus
728 1361 756 1421 ei
772 1361 955 1436 fortunaque
972 1377 1028 1422 sua

61 1439 181 1517 dederat,
208 1443 373 1504 beneflciis
398 1443 426 1503 in
454 1446 601 1521 populum
622 1445 794 1506 Romanurn
819 1444 958 1520 insignis.
991 1461 1027 1505 ea

59 1538 113 1584 eum
123 1527 267 1588 uniuersa
279 1535 476 1589 occurrerent
486 1529 596 1602 animo,
610 1527 790 1605 subiretque
802 1529 954 1604 cogitatio,
967 1529 1025 1606 iam

57 1606 98 1666 illa
115 1620 268 1673 momento
290 1610 385 1673 horae
405 1628 513 1673 arsura
528 1613 630 1673 omnia
644 1619 674 1674 et
688 1615 728 1675 ad
744 1614 864 1676 cineres
879 1614 1023 1688 reditura,

56 1693 220 1771 priusquam
243 1696 335 1771 signa
349 1695 555 1757 Achradinam
574 1697 767 1775 admoveret,
789 1698 952 1774 praemittit
967 1697 1025 1776 Sy-

55 1792 226 1856 racusanos,
251 1780 305 1856 qui
326 1780 407 1841 intra
427 1781 584 1856 praesidia
597 1782 751 1857 Romana,
773 1791 805 1844 ut
826 1782 1025 1844 antedictum

55 1869 101 1936 est
115 1863 239 1938 inerant,
257 1873 292 1925 ut
306 1865 451 1941 adloquio
466 1866 525 1925 leni
541 1865 730 1940 impellerent
740 1866 846 1927 hostes
860 1865 898 1926 ad
912 1865 1024 1926 deden·

55 1943 113 2006 darn
126 1950 241 2010 urbem.

124 2031 216 2093 XXV.
238 2032 396 2093 Tenebant
408 2033 605 2094 Achradinae
627 2042 731 2109 portas
745 2049 915 2108 murosque
929 2033 1021 2092 maxi·

55 2128 94 2173 me
112 2119 305 2192 transfugae,
328 2117 438 2191 quibus
454 2119 536 2178 nulla
552 2124 617 2178 erat
631 2133 688 2193 per
703 2117 901 2178 condiciones
917 2117 1025 2175 ueniae

53 2212 131 2272 spes=
152 2202 179 2261 ei
201 2216 262 2261 neo
283 2200 369 2261 adire
390 2217 495 2262 muros
517 2217 574 2262 nec
589 2201 715 2276 adloqui
731 2216 915 2277 quemquam
928 2199 1024 2274 passi.
1108 2252 1113 2261 .

53 2281 142 2359 itaque
155 2285 338 2358 Marcellus,
362 2290 526 2360 postquam
545 2285 575 2345 id
596 2285 750 2360 inceptum
764 2284 880 2344 irritum
894 2283 962 2355 luit,
985 2282 1023 2352 ad

54 2365 205 2447 Euryalum
229 2368 319 2444 signa
342 2369 451 2429 relerri
476 2369 574 2430 iussit.
611 2369 744 2429 tumulus
770 2367 868 2427 estin
888 2371 1024 2427 extrema

53 2459 127 2524 parte
150 2453 238 2514 urbis
260 2468 370 2513 versus
385 2468 404 2512 a
420 2453 510 2527 mari,
532 2453 663 2529 viaeque
683 2452 845 2511 imminens
866 2451 971 2512 lerenti
992 2453 1022 2511 in

52 2550 133 2608 agros
158 2536 447 2611 mediterraneaque
471 2536 606 2608 insulae,
637 2535 857 2612 percommode
882 2534 959 2596 situs
984 2535 1022 2596 ad

52 2628 230 2682 commentus
251 2620 464 2696 excipiendos.
501 2626 643 2695 praeerat
663 2619 734 2679 huic
752 2619 815 2680 arci
827 2617 1023 2681 Philodemus

52 2701 153 2778 Argius
164 2705 204 2765 ab
214 2705 358 2783 Epicyde
368 2704 546 2779 impositus:
568 2704 607 2763 ad
621 2719 712 2779 quent
724 2703 1023 2764 missusahlarcello

52 2783 129 2848 Sosis
143 2805 224 2850 unus
241 2805 281 2849 ex
298 2787 543 2850 interlectoribus
557 2786 678 2864 tyranni
694 2803 762 2848 oum
776 2789 869 2863 longo
881 2801 1023 2848 sermone

51 2868 143 2934 habito
169 2873 282 2934 dilatus
308 2888 365 2948 per
389 2870 598 2933 frustationem
620 2875 720 2944 esset,
745 2871 859 2932 rettulit
877 2870 1022 2930 Marcello

52 2961 163 3032 tempus
184 2973 255 3018 eunr
276 2957 315 3017 ad
337 2955 568 3017 deliberandum
589 2953 770 3032 sumpsisse
804 2967 873 3015 eum
895 2954 921 3014 is
943 2953 1023 3012 drenr

52 3036 86 3097 de
104 3040 152 3101 die
174 3039 325 3116 differret,
347 3041 419 3100 dum
437 3041 641 3116 hippocrates
663 3044 755 3114 atque
768 3037 897 3098 Himilco
919 3036 1022 3096 admo-

53 3133 148 3185 terent
168 3133 270 3186 castra
284 3125 500 3200 legionesque,
521 3122 604 3184 haud
621 3121 747 3193 dubius,
770 3122 796 3181 si
811 3121 840 3180 in
857 3135 958 3179 arcem
973 3133 1022 3176 ae-

54 3207 178 3281 cepisset
193 3225 264 3285 eos‚
281 3209 385 3270 delere
398 3209 569 3269 Romanum
584 3205 752 3266 exercitum
766 3199 914 3264 inclusum
930 3200 1022 3260 nrurls

55 3303 154 3368 posse,
179 3292 345 3355 Marcellus
364 3297 398 3353 ut
417 3293 584 3370 Euryalum
610 3303 712 3364 neque
735 3287 812 3347 tradi
833 3297 933 3358 neque
954 3284 1021 3358 sapi

55 3373 120 3436 vidit
133 3393 237 3454 posse,
253 3379 333 3439 inter
346 3375 506 3452 Neapolim
521 3382 550 3436 et
563 3373 751 3451 Tycham-
714 3367 887 3428 -nomina
902 3379 939 3422 ea
953 3380 1021 3438 par-

56 3455 118 3520 tiunt
132 3462 215 3523 urbis
230 3469 262 3529 et
275 3462 373 3523 instar
387 3460 508 3520 urbium
523 3463 651 3518 sunt-
607 3451 768 3528 -posuit
783 3455 898 3518 castra,
913 3445 1023 3505 timens

54 3555 96 3614 ne,
108 3544 132 3604 si
148 3546 322 3622 frequentia
334 3545 481 3606 intrasset
494 3543 578 3613 loca,
594 3533 740 3598 contlneri
758 3531 796 3590 ab
811 3530 954 3589 discursu
969 3543 996 3584 m

90 3642 195 3689 r.t1v1
216 3647 294 3689 rans
317 3629 369 3688 ΙΙΙ.
802 3618 819 3670 ⁶
