2428 3892
208 191 271 260 rto
385 190 502 256 amun
516 192 633 256 xxvu.
656 191 740 256 car.
754 199 782 256 a
805 198 844 267 a.
858 197 894 286 ⁰.-
910 215 935 255 ι.
948 197 1011 266 aaa]

206 346 306 426 plebis
321 347 489 425 appellavit
502 345 625 408 flumen.
660 352 813 408 vetustum
829 345 877 408 ius
892 346 1059 410 sacerdotii
1074 355 1187 424 repete

204 433 270 493 bata
293 432 396 494 (latum
410 431 443 492 id
458 447 528 492 cum
541 437 614 506 toga
629 437 790 507 praetexta
803 437 834 491 et
847 431 924 492 sella
938 431 1035 492 curuli
1049 438 1084 492 et
1098 430 1188 492 flami-

149 519 154 526 '
203 517 255 578 nio
271 531 354 577 asse.
389 520 515 592 praetor
527 530 590 576 non
606 514 736 577 exoletis
751 520 903 576 vetustate
918 515 1075 576 annalium
1092 531 1187 576 exem

203 601 262 678 plis
278 606 361 660 stare
381 599 446 674 ius,
469 599 526 660 sed
540 597 773 660 recentissimae
787 599 936 676 cuiusque
957 600 1187 662 consuetudinis

203 701 262 746 usu
283 683 421 744 volebata
457 697 514 743 nec
534 689 653 759 patrum
675 698 733 744 nec
754 699 884 746 avorum
904 685 1053 745 memoria
1074 683 1188 744 Dialem

202 781 388 845 quemquam
398 765 431 828 ld
443 766 492 828 ius
504 781 686 844 usurpasse.
705 765 818 829 tribuni
831 782 896 828 rem
911 766 1021 829 inertia
1033 767 1187 830 nanuum

201 849 487 928 obliteratamipsis,
498 866 561 912 nou
570 849 745 913 sacerdotio
754 851 867 914 damno
875 851 1187 928 luissecumaequum

201 933 411 1008 censuissent,
436 949 477 996 ne
500 934 571 1011 ipso
595 935 719 1012 quidem
743 942 850 996 contra
872 937 1020 997 tendente
1046 944 1186 1012 praetore

201 1035 312 1095 magno
337 1019 475 1082 adsensu
495 1025 617 1096 potrum
638 1018 802 1096 plebisque
820 1017 976 1081 flaminem
995 1019 1028 1080 in
1049 1027 1186 1082 sonuum

200 1103 449 1176 introduxerunt,
466 1103 608 1166 omnibus
623 1103 665 1165 ita
678 1102 938 1177 existimantibus,
961 1105 1065 1180 magis
1081 1105 1185 1166 sancti

200 1193 262 1285 tate
276 1186 357 1248 vitae
378 1202 471 1264 quam
489 1187 654 1249 sacerdotii
675 1187 740 1249 lure
762 1203 830 1250 eam
849 1203 915 1249 rem
934 1187 1098 1250 flaminem
1119 1188 1184 1251 obti-

200 1287 316 1334 nursse.

284 1355 436 1419 consules
451 1357 632 1433 priusquam
647 1357 678 1417 in
693 1356 870 1434 provincias
885 1357 977 1430 irent,
1001 1358 1088 1419 duas
1104 1357 1182 1418 urba·

200 1455 256 1501 nas
269 1440 421 1516 legiones,
443 1441 474 1501 in
488 1441 743 1518 supplementum,
765 1448 912 1518 quantum
927 1456 1007 1518 opus
1022 1447 1097 1504 erat
1113 1449 1181 1504 eete-

199 1525 241 1584 ris
263 1523 449 1584 exercitibus
469 1525 611 1596 militum,
636 1525 838 1602 scripserunt
876 1525 1027 1586 urbanum
1048 1533 1181 1587 vetarem

199 1607 366 1668 exereitum
372 1607 498 1670 Fulvius
513 1608 622 1670 consul
638 1609 669 1670 c.
676 1608 784 1672 Fulvio
791 1609 903 1672 Flacco
918 1609 1021 1686 legato
1034 1639 1086 1653 —
1101 1611 1182 1670 irater

199 1691 249 1752 hie
263 1691 401 1752 consulis
415 1697 480 1752 erat
489 1725 533 1738 —
546 1694 577 1754 in
584 1693 735 1756 Etruriam
747 1693 832 1756 dedit
846 1693 1032 1768 ducendum,
1049 1699 1085 1754 et
1098 1694 1181 1770 legio·

200 1789 255 1835 nes
271 1775 395 1850 quaein
409 1775 530 1837 Etruria
544 1785 631 1840 erant
643 1778 773 1840 Romam
787 1775 998 1854 deducendas.
1031 1783 1067 1840 et
1078 1777 1181 1846 Fabius
1208 1835 1209 1860 p

199 1861 307 1922 consul
329 1860 476 1937 reliquias
498 1862 652 1924 exercitus
667 1861 806 1923 Fulviani
828 1861 1021 1938 conquisitas
1035 1893 1083 1906 -
1105 1864 1181 1924 lucre
1208 1863 1209 1929 l

199 1949 300 2005 autem
310 1944 351 2004 ad
363 1952 507 2022 quattuor
514 1946 597 2006 milia
607 1947 733 2010 trecenti
745 1945 867 2022 triginta
878 1944 1179 2021 quattuor—obla·

198 2027 313 2090 ximum
328 2028 423 2090 illium
438 2029 553 2091 ducere
567 2029 597 2090 in
612 2029 748 2092 Siciliam
769 2030 810 2091 ad
824 2029 865 2090 ll.
879 2028 1037 2090 Valerium
1054 2045 1180 2106 procon-

199 2113 297 2174 sulem
317 2111 422 2188 iussit,
445 2120 537 2190 atque
551 2112 590 2174 ab
611 2128 649 2175 eo
665 2115 745 2176 duas
762 2113 900 2190 legiones
916 2118 947 2175 et
960 2111 1088 2190 triginta
1102 2112 1179 2190 quiu-

200 2211 360 2273 queremcs
382 2197 534 2274 accipere.
570 2197 644 2258 nihil
662 2213 718 2260 eae
739 2198 850 2260 ductae
870 2213 910 2258 ex
931 2197 1033 2258 insula
1047 2197 1180 2273 legiones

198 2281 370 2344 minuerunt
383 2297 441 2343 nec
455 2281 574 2343 viribus
589 2297 646 2343 nec
662 2282 768 2360 specie
789 2281 857 2342 eius
872 2281 1055 2358 provinciae
1070 2280 1179 2358 praesi-
1206 2299 1207 2308 2

198 2365 292 2427 dium.
325 2381 396 2426 nam
416 2381 486 2428 eum
501 2371 623 2443 praeter
643 2366 767 2444 egregie
781 2366 942 2442 suppletas
960 2364 1040 2427 duas
1064 2371 1178 2426 veteres

198 2449 336 2526 legiones
356 2451 584 2526 transfugarum
604 2450 695 2512 atium
716 2448 914 2511 Numidarum
940 2449 1080 2525 equitum
1101 2447 1173 2526 pedi·

199 2543 326 2610 tumque
341 2549 483 2610 magnam
496 2534 558 2596 vim
572 2534 708 2610 baberet,
724 2533 847 2596 Simuos
862 2549 997 2610 quoque,
1019 2531 1073 2610 qui
1087 2533 1122 2594 iu
1135 2547 1173 2592 ex·

197 2617 293 2678 ercitu
300 2617 450 2696 Epicydis
467 2625 519 2680 aut
531 2618 705 2681 Poenorum
720 2619 848 2692 buerant,
869 2615 942 2678 belli
956 2616 1076 2694 peritos
1090 2618 1176 2684 viros

197 2701 307 2762 milites
322 2701 456 2778 scripsit.
487 2717 526 2762 ea
539 2709 666 2764 externa
680 2701 794 2764 auxilia
808 2717 879 2764 cum
891 2701 1022 2778 siugulis
1034 2699 1176 2762 Romanis

197 2783 371 2860 legionibus
386 2785 595 2858 adiunxisset,
618 2787 749 2849 duorum
763 2785 900 2864 speeiem
914 2785 1106 2846 exercituum
1122 2798 1176 2843 ser·

196 2868 295 2928 cavie
317 2870 413 2930 altero
424 2870 458 2930 L.
469 2869 602 2932 Cincium
618 2877 734 2948 partem
748 2870 876 2944 insulae,
895 2885 1024 2945 regnum
1041 2883 1103 2944 qua
1114 2866 1176 2926 ilie

196 2952 281 3014 ronis
296 2954 404 3027 iuerat,
420 2954 497 3016 tueri
511 2953 612 3026 iussin
629 2955 724 3017 altero
739 2955 809 3032 ipse
823 2959 956 3016 ceteram
970 2953 1103 3015 insulam
1119 2958 1173 3012 tue

196 3036 293 3110 batur,
309 3037 440 3100 divisam
452 3039 608 3115 quondam
614 3039 743 3100 Romani
749 3037 919 3114 Punicique
929 3034 1049 3113 imp'erii
1060 3035 1174 3106 linibus,

196 3122 299 3184 classe
312 3139 439 3199 quoque
449 3124 572 3185 navitam
586 3124 780 3200 septuaginta
791 3121 909 3201 partita
924 3127 958 3183 ut
971 3120 1054 3182 omni
1068 3117 1173 3180 ambita

197 3205 316 3269 litorum
331 3207 486 3283 praesidia
500 3223 573 3269 orae
587 3207 756 3269 maritimae
769 3213 885 3268 essem
918 3205 987 3282 ipsc
1002 3220 1072 3268 cum
1081 3200 1172 3264 liutti-

197 3289 246 3350 nis
260 3290 396 3367 equitmu
410 3291 600 3368 provinciam
614 3289 813 3366 peragrabat,
834 3298 869 3351 ut
884 3288 998 3350 viseret
1011 3303 1103 3364 agros
1118 3286 1170 3346 cul·
1202 3319 1203 3360 ξ

195 3377 291 3448 taque
304 3372 343 3432 ab
358 3373 480 3436 incultis
494 3380 615 3434 notaret
628 3380 659 3432 et
671 3372 802 3448 perinde
817 3372 962 3434 dominos
976 3371 1116 3432 laudaret
1129 3383 1170 3430 ct·
1202 3369 1203 3410 l

197 3453 393 3530 stiganotque.
422 3456 464 3516 ita
484 3462 598 3517 mutum
614 3470 651 3514 ea
673 3470 747 3515 cura
761 3455 902 3517 inimenti
924 3454 1081 3532 provenit,
1102 3459 1135 3516 ut
1147 3455 1170 3510 ct
1202 3419 1203 3499 l
