2466 3900
170 221 211 286 ic
324 217 440 280 LIBER
454 217 547 278 xxv.
568 215 650 276 cnP.
665 225 711 277 ao.
725 222 770 275 ar.
794 219 831 288 [a.
844 217 879 272 υ.
892 217 995 286 asto]

167 381 280 452 coepta
300 379 362 445 est,
386 383 528 446 quaeque
549 368 580 427 in
595 381 663 427 eam
676 381 740 426 rem
757 381 838 441 opus
859 369 962 437 erant,
986 371 1165 439 comporta·

167 461 276 520 bantur
291 455 546 533 parabanturque.
578 449 743 512 casilinum
759 450 944 509 irumcutum
959 454 1167 518 convectum,

167 543 206 603 ad
221 540 362 602 Vulturni
378 538 498 611 ostium,
519 534 570 595 ubi
585 550 666 596 nunc
680 532 754 594 urbs
769 539 826 606 est,
847 533 1010 592 castellum
1025 547 1167 593 commu·

168 627 271 695 nilum,
294 623 334 662 **
350 629 420 682 ante
430 618 701 681 Fabiuslllaximus
715 616 877 692 munierat,
898 614 1095 691 praesidium
1111 616 1169 674 im-

169 709 311 787 positum,
326 713 359 767 ut
373 721 458 766 mare
471 704 644 780 proximum
659 708 690 762 et
700 699 815 762 flumen
830 700 860 760 in
872 707 1030 776 potestate
1045 707 1168 762 essem.

168 793 198 853 in
214 809 252 852 ea
266 791 329 851 duo
344 789 494 850 maritima
508 786 634 848 castella
649 787 842 860 frumentum,
859 785 944 860 quod
961 799 1001 845 ex
1016 782 1169 844 Sardinia

169 891 268 952 nuper
282 875 411 935 missum
429 879 507 945 erat,
530 871 677 947 quodque
690 869 731 928 H.
746 869 852 930 lunius
874 875 1002 944 praetor
1016 883 1059 928 ex
1072 867 1168 927 Etru·
1214 923 1215 984 1

167 960 214 1020 ria
237 966 405 1031 coemerat,
428 956 466 1017 ab
483 954 567 1016 Ostia
588 961 770 1014 convecurm
792 959 856 1026 est,
877 959 911 1014 ut
932 952 1086 1014 mereinai
1111 967 1170 1028 per
1214 985 1215 988 =

170 1045 301 1104 hiemem
318 1042 409 1118 copia
423 1048 516 1101 esset.
539 1045 674 1099 ceterum
689 1052 868 1114 supeream
883 1036 1015 1112 cladem,
1034 1052 1121 1113 quae
1136 1036 1167 1094 in
1215 1025 1216 1090 l

169 1127 300 1188 Lucanis
313 1133 440 1202 acceptu
453 1131 525 1197 erat,
542 1123 688 1184 volonum
700 1137 825 1197 quoque
837 1121 1004 1195 exercitus,
1020 1121 1076 1197 qui
1090 1121 1167 1180 vivo
1216 1127 1217 1178 l

170 1211 308 1272 Graccho
324 1225 442 1272 summa
453 1209 516 1269 lide
530 1206 684 1282 stipendia
699 1206 823 1279 lecerat,
840 1207 925 1268 velut
939 1212 1166 1268 exauctoratus
1217 1230 1218 1268 l

169 1301 267 1356 morte
281 1295 370 1356 ducis
386 1293 424 1355 ab
439 1292 536 1368 signis
551 1290 704 1352 discessit
1218 1332 1219 1364 ,

254 1379 404 1440 Hannibal
428 1393 490 1438 non
512 1377 646 1451 capuam
671 1375 855 1450 neglectam,
888 1389 992 1450 neque
1015 1381 1052 1434 ut
1075 1381 1168 1435 tauto

171 1463 347 1524 discrimine
369 1463 510 1522 desertos
525 1459 649 1519 volebat
663 1458 785 1522 sociosa
807 1457 864 1518 sed
879 1473 1035 1534 prospero
1059 1474 1103 1520 ex
1120 1467 1166 1518 te-

169 1547 307 1607 meritate
328 1546 417 1605 unius
432 1544 561 1604 Romani
582 1543 669 1603 ducis
691 1557 842 1604 successu
864 1541 895 1602 in
917 1543 1046 1604 alterius
1067 1543 1166 1604 ducis
1220 1534 1221 1574 ¹

170 1629 385 1704 exercitusque
400 1627 591 1704 opprimendi
604 1627 801 1688 occasionem
814 1625 1003 1688 imminebat.
1028 1625 1165 1689 CnFul-
1221 1634 1222 1674 l

171 1713 254 1772 vium
269 1711 541 1789 praetorcmApuli
553 1711 644 1788 legali
658 1709 837 1772 nuntiabant
847 1712 958 1787 primo,
974 1712 1049 1774 dum
1062 1711 1164 1772 urbes
1222 1738 1223 1796 p

171 1797 321 1874 quasdam
342 1797 526 1872 Apulorum,
556 1811 635 1872 quae
654 1794 696 1856 ad
714 1794 917 1856 Hannibalem
938 1797 1164 1870 descivissent,

171 1888 376 1956 oppugnaret,
392 1880 534 1941 intentius
549 1896 613 1940 rem
628 1880 746 1954 egisse;
770 1887 881 1956 postea
895 1881 989 1942 nimio
1005 1896 1164 1943 successu
1223 1901 1224 1904 ¹

171 1972 201 2026 et
220 1964 321 2040 ipsum
342 1973 372 2026 et
391 1964 500 2026 milites
522 1965 638 2040 praeda
657 1964 799 2040 impletos
814 1965 845 2024 in
858 1971 982 2028 tanum
1005 1966 1164 2028 licentiam
1224 1941 1225 2012 i

171 2048 406 2124 socordiamque
426 2047 558 2122 eiiusos,
581 2049 715 2109 utnulla
737 2049 901 2124 disciplina
914 2050 1041 2112 militiae
1062 2058 1162 2112 esset

172 2149 239 2195 cum
255 2149 351 2209 saepe
365 2133 441 2194 alias
455 2140 518 2194 tum
533 2133 640 2208 paucis
656 2132 766 2201 diebus
781 2141 852 2193 ante
867 2143 1031 2210 expertos,
1055 2136 1163 2209 qualis

172 2219 231 2280 sub
247 2217 344 2279 inscio
359 2218 439 2278 dirce
452 2217 604 2278 exercilus
620 2225 711 2288 esset,
728 2218 759 2276 in
773 2218 918 2292 Apuliam
933 2227 1036 2280 castra
1051 2221 1161 2282 movit.

170 2301 248 2364 xxi.
271 2302 352 2363 circa
364 2301 558 2363 Herdoneam
571 2302 729 2362 Romanae
742 2302 882 2376 legiones
903 2311 934 2364 et
948 2310 1076 2380 praetor
1089 2303 1161 2364 Ful-

172 2386 240 2445 vius
253 2394 326 2446 erat.
343 2401 403 2462 quo
416 2386 468 2446 ubi
480 2385 613 2446 adlatum
624 2392 672 2446 est
684 2385 789 2446 hostes
805 2387 982 2461 adventare,
996 2403 1100 2464 prope
1112 2397 1163 2449 cst

173 2471 294 2543 iactum,
308 2477 341 2531 ut
354 2470 473 2530 iniussu
484 2471 633 2545 praetoris
649 2471 746 2544 signis
759 2470 918 2534 convulsis
929 2471 960 2532 in
975 2471 1077 2532 aciem
1093 2473 1161 2533 exi-

172 2561 248 2613 rent.
271 2569 328 2614 nec
338 2569 388 2613 res
400 2553 497 2628 magis
512 2554 574 2614 ulla
584 2553 678 2614 tenuit
690 2568 781 2628 quam
796 2569 871 2630 spes
886 2555 970 2616 haud
986 2555 1083 2617 dubia
1099 2571 1161 2618 suo

174 2636 205 2695 id
220 2635 342 2697 arbitrio
357 2635 409 2695 ubi
420 2637 533 2698 vellent
547 2645 679 2699 acturos.
700 2644 791 2698 nocte
806 2638 980 2716 insequenti
991 2640 1160 2714 Hannibal,

174 2736 243 2781 cum
255 2721 464 2782 tumultuatum
475 2722 505 2781 in
517 2722 626 2782 castris
637 2730 668 2783 et
677 2722 847 2799 plerosque
858 2724 1011 2799 lerociter‚
1033 2725 1161 2801 signum

175 2804 325 2879 uideret,
346 2805 493 2889 institisse
514 2807 583 2868 duci
605 2807 645 2867 ad
666 2823 749 2866 arma
770 2816 917 2869 vocantes
939 2809 1049 2882 sciret,
1072 2810 1160 2870 haud

174 2887 284 2950 dubius
300 2906 469 2967 prosperae
483 2907 605 2969 pugnae
620 2890 814 2953 occasionem
829 2893 911 2968 dari,
931 2893 990 2954 tria
1003 2894 1089 2954 milia
1104 2910 1160 2956 ex-

173 2972 347 3048 peditorum
358 2974 482 3037 militum
494 2976 523 3036 in
535 2977 615 3038 villis
627 2976 708 3038 circa
722 2976 932 3052 vepribusque
946 2987 978 3039 et
988 2979 1078 3040 silvis
1093 2978 1158 3038 dis-

173 3057 275 3134 ponil,
296 3060 347 3137 qui
363 3061 450 3138 signo
466 3063 537 3122 dato
553 3062 642 3122 simul
657 3076 765 3121 omnes
781 3077 798 3121 e
813 3062 937 3122 latebris
957 3062 1158 3130 exsisterent,

174 3147 204 3202 et
217 3142 378 3222 Magonem
399 3145 520 3208 duobus
542 3145 636 3206 ferme
651 3144 771 3205 milibus
793 3145 944 3221 equitum,
968 3163 1030 3222 quta
1050 3147 1158 3223 lugam

174 3226 381 3292 inclinaturam
404 3230 562 3304 credebat,
584 3229 686 3291 omnia
701 3229 809 3289 itinera
829 3229 963 3292 insidere
977 3230 1071 3294 iubet
1107 3229 1158 3290 his

175 3320 263 3374 nocte
279 3315 468 3393 praeparatis
484 3314 579 3391 prima
595 3316 663 3375 luce
677 3313 707 3373 in
722 3313 818 3374 aciem
833 3315 940 3391 copias
955 3315 1069 3376 educit.
1099 3331 1158 3376 nec

173 3394 299 3460 Fulvius
315 3408 363 3460 est
377 3404 544 3474 cunctatus,
558 3415 621 3459 non
635 3405 697 3458 tam
708 3413 766 3459 sua
778 3398 840 3458 ulla
852 3415 909 3475 spe
921 3415 1011 3474 quam
1026 3399 1158 3460 militum

174 3478 290 3555 impetu
297 3482 422 3543 fortuito
433 3487 557 3543 tractus.
579 3482 681 3557 itaque
695 3481 804 3542 eadem
818 3483 993 3554 temeritate,
1010 3499 1073 3558 qua
1084 3499 1158 3560 pro-
