<?xml version="1.0" encoding="UTF-8"?>
<!DOCTYPE html PUBLIC "-//W3C//DTD XHTML 1.0 Transitional//EN"
    "http://www.w3.org/TR/xhtml1/DTD/xhtml1-transitional.dtd">
<html xmlns="http://www.w3.org/1999/xhtml" xml:lang="en" lang="en">
 <head>
  <title>
</title>
<meta http-equiv="Content-Type" content="text/html;charset=utf-8" />
  <meta name='ocr-system' content='tesseract 3.04.00' />
  <meta name='ocr-capabilities' content='ocr_page ocr_carea ocr_par ocr_line ocrx_word'/>
</head>
<body>
  <div class='ocr_page' id='page_1' title='image "./titiliviaburbec09livygoog_0110.png"; bbox 0 0 2428 3892; ppageno 0'>
   <div class='ocr_carea' id='block_1_1' title="bbox 218 247 1017 323">
    <p class='ocr_par' dir='ltr' id='par_1_1' title="bbox 218 247 1017 323">
     <span class='ocr_line' id='line_1_1' title="bbox 218 247 1017 323; baseline 0.005 -13"><span class='ocrx_word' id='word_1_1' title='bbox 218 249 331 311; x_wconf 77' lang='lat' dir='ltr'><strong>Littsstt</strong></span> <span class='ocrx_word' id='word_1_2' title='bbox 347 249 441 310; x_wconf 84' lang='lat' dir='ltr'>XXV.</span> <span class='ocrx_word' id='word_1_3' title='bbox 465 249 548 311; x_wconf 78' lang='lat' dir='ltr'>CAP.</span> <span class='ocrx_word' id='word_1_4' title='bbox 562 257 607 313; x_wconf 80' lang='lat' dir='ltr'><strong>tt.</strong></span> <span class='ocrx_word' id='word_1_5' title='bbox 620 257 662 312; x_wconf 61' lang='lat'><strong>28„</strong></span> <span class='ocrx_word' id='word_1_6' title='bbox 685 254 722 323; x_wconf 77' lang='lat' dir='ltr'><strong>[a.</strong></span> <span class='ocrx_word' id='word_1_7' title='bbox 734 253 768 308; x_wconf 80' lang='lat'><strong>0.</strong></span> <span class='ocrx_word' id='word_1_8' title='bbox 779 254 843 322; x_wconf 73' lang='lat'><strong>212]</strong></span> <span class='ocrx_word' id='word_1_9' title='bbox 975 247 1017 314; x_wconf 70' lang='grc'><strong>85</strong></span> 
     </span>
    </p>
   </div>
   <div class='ocr_carea' id='block_1_2' title="bbox 50 400 1016 3007">
    <p class='ocr_par' dir='ltr' id='par_1_2' title="bbox 50 400 1016 713">
     <span class='ocr_line' id='line_1_2' title="bbox 56 400 1016 481; baseline 0.003 -20"><span class='ocrx_word' id='word_1_10' title='bbox 56 400 138 481; x_wconf 87' lang='lat' dir='ltr'><strong>cydes</strong></span> <span class='ocrx_word' id='word_1_11' title='bbox 157 407 270 462; x_wconf 82' lang='lat' dir='ltr'><strong>amau</strong></span> <span class='ocrx_word' id='word_1_12' title='bbox 288 407 417 477; x_wconf 85' lang='lat' dir='ltr'><strong>repente</strong></span> <span class='ocrx_word' id='word_1_13' title='bbox 437 400 601 462; x_wconf 88' lang='lat' dir='ltr'><strong>destitutus</strong></span> <span class='ocrx_word' id='word_1_14' title='bbox 622 415 694 477; x_wconf 92' lang='lat' dir='ltr'><strong>spe,</strong></span> <span class='ocrx_word' id='word_1_15' title='bbox 716 416 755 461; x_wconf 91' lang='lat' dir='ltr'><strong>ne</strong></span> <span class='ocrx_word' id='word_1_16' title='bbox 774 400 805 461; x_wconf 93' lang='lat' dir='ltr'><strong>in</strong></span> <span class='ocrx_word' id='word_1_17' title='bbox 824 400 1016 464; x_wconf 82' lang='lat' dir='ltr'>obsidionem</span> 
     </span>
     <span class='ocr_line' id='line_1_3' title="bbox 54 484 1016 562; baseline 0.003 -18"><span class='ocrx_word' id='word_1_18' title='bbox 54 500 148 560; x_wconf 75' lang='lat' dir='ltr'><strong>magna</strong></span> <span class='ocrx_word' id='word_1_19' title='bbox 167 499 206 544; x_wconf 89' lang='lat' dir='ltr'><strong>ex</strong></span> <span class='ocrx_word' id='word_1_20' title='bbox 231 491 321 562; x_wconf 86' lang='lat' dir='ltr'><strong>parte</strong></span> <span class='ocrx_word' id='word_1_21' title='bbox 345 490 454 561; x_wconf 88' lang='lat' dir='ltr'><strong>captae</strong></span> <span class='ocrx_word' id='word_1_22' title='bbox 473 484 559 546; x_wconf 90' lang='lat' dir='ltr'><strong>urbis</strong></span> <span class='ocrx_word' id='word_1_23' title='bbox 583 484 713 561; x_wconf 79' lang='lat' dir='ltr'><strong>rediret,</strong></span> <span class='ocrx_word' id='word_1_24' title='bbox 738 484 938 561; x_wconf 76' lang='lat' dir='ltr'><strong>Agrigentum</strong></span> <span class='ocrx_word' id='word_1_25' title='bbox 963 501 1016 548; x_wconf 89' lang='lat' dir='ltr'><strong>na-</strong></span> 
     </span>
     <span class='ocr_line' id='line_1_4' title="bbox 53 563 1015 646; baseline 0.006 -20"><span class='ocrx_word' id='word_1_26' title='bbox 53 563 130 642; x_wconf 65' lang='lat' dir='ltr'><strong>uigat</strong></span> <span class='ocrx_word' id='word_1_27' title='bbox 144 575 378 644; x_wconf 77' lang='lat' dir='ltr'><strong>exspectaturus</strong></span> <span class='ocrx_word' id='word_1_28' title='bbox 389 569 486 645; x_wconf 77' lang='lat' dir='ltr'><strong>magis</strong></span> <span class='ocrx_word' id='word_1_29' title='bbox 501 575 643 630; x_wconf 86' lang='lat' dir='ltr'><strong>eventum</strong></span> <span class='ocrx_word' id='word_1_30' title='bbox 658 585 749 646; x_wconf 83' lang='lat' dir='ltr'><strong>quarn</strong></span> <span class='ocrx_word' id='word_1_31' title='bbox 765 569 837 631; x_wconf 90' lang='lat' dir='ltr'><strong>inde</strong></span> <span class='ocrx_word' id='word_1_32' title='bbox 851 570 1015 646; x_wconf 86' lang='lat' dir='ltr'><strong>quicquam</strong></span> 
     </span>
     <span class='ocr_line' id='line_1_5' title="bbox 50 658 182 713; baseline 0 -3"><span class='ocrx_word' id='word_1_33' title='bbox 50 658 182 713; x_wconf 86' lang='lat' dir='ltr'><strong>moturus.</strong></span> 
     </span>
    </p>

    <p class='ocr_par' dir='ltr' id='par_1_3' title="bbox 50 735 1015 3007">
     <span class='ocr_line' id='line_1_6' title="bbox 120 735 1014 814; baseline 0.006 -19"><span class='ocrx_word' id='word_1_34' title='bbox 120 736 248 796; x_wconf 83' lang='lat' dir='ltr'><strong>XXViH.</strong></span> <span class='ocrx_word' id='word_1_35' title='bbox 271 735 358 812; x_wconf 81' lang='lat' dir='ltr'><strong>Quae</strong></span> <span class='ocrx_word' id='word_1_36' title='bbox 374 738 426 799; x_wconf 91' lang='lat' dir='ltr'><strong>ubi</strong></span> <span class='ocrx_word' id='word_1_37' title='bbox 441 738 472 798; x_wconf 93' lang='lat' dir='ltr'><strong>in</strong></span> <span class='ocrx_word' id='word_1_38' title='bbox 488 745 590 800; x_wconf 88' lang='lat' dir='ltr'><strong>eastra</strong></span> <span class='ocrx_word' id='word_1_39' title='bbox 601 737 773 799; x_wconf 87' lang='lat' dir='ltr'><strong>Siculorum</strong></span> <span class='ocrx_word' id='word_1_40' title='bbox 787 745 860 800; x_wconf 90' lang='lat' dir='ltr'><strong>sunt</strong></span> <span class='ocrx_word' id='word_1_41' title='bbox 871 738 1014 814; x_wconf 81' lang='lat' dir='ltr'><strong>nuntiata,</strong></span> 
     </span>
     <span class='ocr_line' id='line_1_7' title="bbox 50 818 1013 900; baseline 0.006 -22"><span class='ocrx_word' id='word_1_42' title='bbox 50 818 191 898; x_wconf 87' lang='lat' dir='ltr'><strong>Epicyden</strong></span> <span class='ocrx_word' id='word_1_43' title='bbox 210 819 380 900; x_wconf 85' lang='lat' dir='ltr'><strong>Syracusis</strong></span> <span class='ocrx_word' id='word_1_44' title='bbox 401 823 592 898; x_wconf 84' lang='lat' dir='ltr'><strong>excessisse,</strong></span> <span class='ocrx_word' id='word_1_45' title='bbox 614 821 946 900; x_wconf 74' lang='lat' dir='ltr'><strong>aCarHaginiensibus</strong></span> <span class='ocrx_word' id='word_1_46' title='bbox 967 838 1013 884; x_wconf 88' lang='lat' dir='ltr'><strong>re·</strong></span> 
     </span>
     <span class='ocr_line' id='line_1_8' title="bbox 50 904 1014 983; baseline 0.008 -22"><span class='ocrx_word' id='word_1_47' title='bbox 50 904 135 964; x_wconf 86' lang='lat' dir='ltr'><strong>lictum</strong></span> <span class='ocrx_word' id='word_1_48' title='bbox 148 905 278 966; x_wconf 84' lang='lat' dir='ltr'><strong>insulam</strong></span> <span class='ocrx_word' id='word_1_49' title='bbox 292 914 324 968; x_wconf 93' lang='lat' dir='ltr'><strong>et</strong></span> <span class='ocrx_word' id='word_1_50' title='bbox 337 922 436 983; x_wconf 82' lang='lat' dir='ltr'><strong>prope</strong></span> <span class='ocrx_word' id='word_1_51' title='bbox 450 907 558 969; x_wconf 91' lang='lat' dir='ltr'><strong>iterum</strong></span> <span class='ocrx_word' id='word_1_52' title='bbox 572 905 712 968; x_wconf 79' lang='lat' dir='ltr'><strong>uadimm</strong></span> <span class='ocrx_word' id='word_1_53' title='bbox 724 907 881 981; x_wconf 88' lang='lat' dir='ltr'><strong>Romanis,</strong></span> <span class='ocrx_word' id='word_1_54' title='bbox 896 907 1014 983; x_wconf 70' lang='lat' dir='ltr'><strong>legatos</strong></span> 
     </span>
     <span class='ocr_line' id='line_1_9' title="bbox 51 986 1015 1068; baseline 0.007 -23"><span class='ocrx_word' id='word_1_55' title='bbox 51 986 84 1045; x_wconf 90' lang='lat' dir='ltr'><strong>dc</strong></span> <span class='ocrx_word' id='word_1_56' title='bbox 105 987 333 1051; x_wconf 82' lang='lat' dir='ltr'><strong>condicionibus</strong></span> <span class='ocrx_word' id='word_1_57' title='bbox 358 990 519 1052; x_wconf 83' lang='lat' dir='ltr'><strong>dedendae</strong></span> <span class='ocrx_word' id='word_1_58' title='bbox 540 990 641 1066; x_wconf 86' lang='lat' dir='ltr'><strong>urbis,</strong></span> <span class='ocrx_word' id='word_1_59' title='bbox 666 993 827 1068; x_wconf 84' lang='lat' dir='ltr'><strong>explorata</strong></span> <span class='ocrx_word' id='word_1_60' title='bbox 851 991 937 1067; x_wconf 89' lang='lat' dir='ltr'><strong>prius</strong></span> <span class='ocrx_word' id='word_1_61' title='bbox 959 1003 1015 1068; x_wconf 86' lang='lat' dir='ltr'><strong>per</strong></span> 
     </span>
     <span class='ocr_line' id='line_1_10' title="bbox 51 1072 1014 1152; baseline 0.006 -22"><span class='ocrx_word' id='word_1_62' title='bbox 51 1072 185 1149; x_wconf 83' lang='lat' dir='ltr'><strong>colloquia</strong></span> <span class='ocrx_word' id='word_1_63' title='bbox 204 1076 364 1138; x_wconf 82' lang='lat' dir='ltr'><strong>voluntate</strong></span> <span class='ocrx_word' id='word_1_64' title='bbox 379 1090 484 1138; x_wconf 85' lang='lat' dir='ltr'><strong>eorum</strong></span> <span class='ocrx_word' id='word_1_65' title='bbox 507 1075 559 1152; x_wconf 88' lang='lat' dir='ltr'><strong>uui</strong></span> <span class='ocrx_word' id='word_1_66' title='bbox 574 1075 809 1146; x_wconf 85' lang='lat' dir='ltr'><strong>obsidebuntur,</strong></span> <span class='ocrx_word' id='word_1_67' title='bbox 831 1076 871 1137; x_wconf 91' lang='lat' dir='ltr'><strong>ad</strong></span> <span class='ocrx_word' id='word_1_68' title='bbox 885 1073 1014 1136; x_wconf 88' lang='lat' dir='ltr'><strong>Marcei-</strong></span> 
     </span>
     <span class='ocr_line' id='line_1_11' title="bbox 51 1156 1013 1237; baseline 0.007 -25"><span class='ocrx_word' id='word_1_69' title='bbox 51 1156 101 1214; x_wconf 90' lang='lat' dir='ltr'><strong>ium</strong></span> <span class='ocrx_word' id='word_1_70' title='bbox 113 1157 235 1220; x_wconf 87' lang='lat' dir='ltr'><strong>mittunt.</strong></span> <span class='ocrx_word' id='word_1_71' title='bbox 257 1175 329 1221; x_wconf 88' lang='lat' dir='ltr'><strong>cum</strong></span> <span class='ocrx_word' id='word_1_72' title='bbox 344 1159 426 1222; x_wconf 85' lang='lat' dir='ltr'><strong>bend</strong></span> <span class='ocrx_word' id='word_1_73' title='bbox 438 1161 533 1220; x_wconf 84' lang='lat' dir='ltr'><strong>renue</strong></span> <span class='ocrx_word' id='word_1_74' title='bbox 548 1160 746 1236; x_wconf 84' lang='lat' dir='ltr'><strong>discreparet,</strong></span> <span class='ocrx_word' id='word_1_75' title='bbox 762 1159 836 1237; x_wconf 87' lang='lat' dir='ltr'><strong>quin</strong></span> <span class='ocrx_word' id='word_1_76' title='bbox 852 1175 933 1235; x_wconf 86' lang='lat' dir='ltr'><strong>quae</strong></span> <span class='ocrx_word' id='word_1_77' title='bbox 948 1160 1013 1221; x_wconf 90' lang='lat' dir='ltr'><strong>ubi·</strong></span> 
     </span>
     <span class='ocr_line' id='line_1_12' title="bbox 55 1243 1014 1321; baseline 0.007 -24"><span class='ocrx_word' id='word_1_78' title='bbox 55 1255 103 1314; x_wconf 83' lang='lat' dir='ltr'><strong>uua</strong></span> <span class='ocrx_word' id='word_1_79' title='bbox 118 1256 217 1318; x_wconf 77' lang='lat' dir='ltr'><strong>regum</strong></span> <span class='ocrx_word' id='word_1_80' title='bbox 239 1245 389 1321; x_wconf 82' lang='lat' dir='ltr'><strong>tuissent,</strong></span> <span class='ocrx_word' id='word_1_81' title='bbox 409 1245 617 1309; x_wconf 86' lang='lat' dir='ltr'><strong>Romanorum</strong></span> <span class='ocrx_word' id='word_1_82' title='bbox 637 1252 757 1316; x_wconf 90' lang='lat' dir='ltr'><strong>essent,</strong></span> <span class='ocrx_word' id='word_1_83' title='bbox 779 1243 891 1306; x_wconf 82' lang='lat' dir='ltr'><strong>Siculis</strong></span> <span class='ocrx_word' id='word_1_84' title='bbox 911 1249 1014 1305; x_wconf 88' lang='lat' dir='ltr'><strong>cetera</strong></span> 
     </span>
     <span class='ocr_line' id='line_1_13' title="bbox 56 1326 1011 1406; baseline 0.007 -25"><span class='ocrx_word' id='word_1_85' title='bbox 56 1338 110 1384; x_wconf 89' lang='lat' dir='ltr'><strong>cum</strong></span> <span class='ocrx_word' id='word_1_86' title='bbox 129 1326 264 1390; x_wconf 87' lang='lat' dir='ltr'><strong>libertate</strong></span> <span class='ocrx_word' id='word_1_87' title='bbox 291 1345 329 1390; x_wconf 91' lang='lat' dir='ltr'><strong>ac</strong></span> <span class='ocrx_word' id='word_1_88' title='bbox 350 1329 469 1406; x_wconf 73' lang='lat' dir='ltr'><strong>iegibus</strong></span> <span class='ocrx_word' id='word_1_89' title='bbox 490 1329 557 1391; x_wconf 88' lang='lat' dir='ltr'><strong>suis</strong></span> <span class='ocrx_word' id='word_1_90' title='bbox 577 1334 789 1402; x_wconf 85' lang='lat' dir='ltr'><strong>servarentur,</strong></span> <span class='ocrx_word' id='word_1_91' title='bbox 814 1327 952 1388; x_wconf 82' lang='lat' dir='ltr'><strong>evocatis</strong></span> <span class='ocrx_word' id='word_1_92' title='bbox 972 1328 1011 1388; x_wconf 87' lang='lat' dir='ltr'><strong>ad</strong></span> 
     </span>
     <span class='ocr_line' id='line_1_14' title="bbox 57 1409 1012 1494; baseline 0.005 -28"><span class='ocrx_word' id='word_1_93' title='bbox 57 1409 217 1487; x_wconf 82' lang='lat' dir='ltr'><strong>colloquium</strong></span> <span class='ocrx_word' id='word_1_94' title='bbox 232 1414 272 1476; x_wconf 89' lang='lat' dir='ltr'><strong>iis</strong></span> <span class='ocrx_word' id='word_1_95' title='bbox 288 1414 402 1491; x_wconf 87' lang='lat' dir='ltr'><strong>quibus</strong></span> <span class='ocrx_word' id='word_1_96' title='bbox 416 1414 455 1475; x_wconf 90' lang='lat' dir='ltr'><strong>ab</strong></span> <span class='ocrx_word' id='word_1_97' title='bbox 466 1414 608 1494; x_wconf 76' lang='lat' dir='ltr'><strong>Epicyde</strong></span> <span class='ocrx_word' id='word_1_98' title='bbox 622 1413 757 1475; x_wconf 89' lang='lat' dir='ltr'><strong>creditae</strong></span> <span class='ocrx_word' id='word_1_99' title='bbox 766 1428 818 1474; x_wconf 91' lang='lat' dir='ltr'><strong>res</strong></span> <span class='ocrx_word' id='word_1_100' title='bbox 830 1418 925 1486; x_wconf 89' lang='lat' dir='ltr'><strong>erant,</strong></span> <span class='ocrx_word' id='word_1_101' title='bbox 940 1411 1012 1472; x_wconf 83' lang='lat' dir='ltr'><strong>nnis·</strong></span> 
     </span>
     <span class='ocr_line' id='line_1_15' title="bbox 54 1494 1013 1561; baseline 0.008 -11"><span class='ocrx_word' id='word_1_102' title='bbox 54 1507 96 1553; x_wconf 93' lang='lat' dir='ltr'><strong>sos</strong></span> <span class='ocrx_word' id='word_1_103' title='bbox 109 1510 139 1555; x_wconf 89' lang='lat' dir='ltr'><strong>se</strong></span> <span class='ocrx_word' id='word_1_104' title='bbox 151 1497 239 1560; x_wconf 91' lang='lat' dir='ltr'><strong>simul</strong></span> <span class='ocrx_word' id='word_1_105' title='bbox 256 1500 296 1560; x_wconf 91' lang='lat' dir='ltr'><strong>ad</strong></span> <span class='ocrx_word' id='word_1_106' title='bbox 307 1498 483 1560; x_wconf 83' lang='lat' dir='ltr'><strong>Marcellum</strong></span> <span class='ocrx_word' id='word_1_107' title='bbox 499 1500 588 1561; x_wconf 90' lang='lat' dir='ltr'><strong>simui</strong></span> <span class='ocrx_word' id='word_1_108' title='bbox 602 1499 642 1560; x_wconf 88' lang='lat' dir='ltr'><strong>ad</strong></span> <span class='ocrx_word' id='word_1_109' title='bbox 656 1512 712 1560; x_wconf 90' lang='lat' dir='ltr'><strong>eos</strong></span> <span class='ocrx_word' id='word_1_110' title='bbox 726 1498 765 1559; x_wconf 91' lang='lat' dir='ltr'><strong>ab</strong></span> <span class='ocrx_word' id='word_1_111' title='bbox 777 1495 915 1558; x_wconf 86' lang='lat' dir='ltr'><strong>exercitu</strong></span> <span class='ocrx_word' id='word_1_112' title='bbox 926 1494 1013 1558; x_wconf 89' lang='lat' dir='ltr'><strong>Sicu·</strong></span> 
     </span>
     <span class='ocr_line' id='line_1_16' title="bbox 54 1578 1013 1660; baseline 0.008 -26"><span class='ocrx_word' id='word_1_113' title='bbox 54 1578 132 1639; x_wconf 89' lang='lat' dir='ltr'><strong>iorum</strong></span> <span class='ocrx_word' id='word_1_114' title='bbox 154 1581 253 1660; x_wconf 88' lang='lat' dir='ltr'><strong>aiunt,</strong></span> <span class='ocrx_word' id='word_1_115' title='bbox 280 1589 315 1645; x_wconf 92' lang='lat' dir='ltr'><strong>ut</strong></span> <span class='ocrx_word' id='word_1_116' title='bbox 335 1599 396 1645; x_wconf 92' lang='lat' dir='ltr'><strong>una</strong></span> <span class='ocrx_word' id='word_1_117' title='bbox 415 1583 563 1658; x_wconf 89' lang='lat' dir='ltr'><strong>omnium,</strong></span> <span class='ocrx_word' id='word_1_118' title='bbox 589 1583 642 1660; x_wconf 86' lang='lat' dir='ltr'><strong>qui</strong></span> <span class='ocrx_word' id='word_1_119' title='bbox 662 1582 877 1644; x_wconf 88' lang='lat' dir='ltr'><strong>obsiderentur</strong></span> <span class='ocrx_word' id='word_1_120' title='bbox 898 1579 1013 1658; x_wconf 82' lang='lat' dir='ltr'><strong>quique</strong></span> 
     </span>
     <span class='ocr_line' id='line_1_17' title="bbox 53 1666 1013 1742; baseline 0.008 -23"><span class='ocrx_word' id='word_1_121' title='bbox 53 1667 122 1722; x_wconf 84' lang='lat' dir='ltr'><strong>exuo</strong></span> <span class='ocrx_word' id='word_1_122' title='bbox 135 1666 327 1730; x_wconf 89' lang='lat' dir='ltr'><strong>obsidionem</strong></span> <span class='ocrx_word' id='word_1_123' title='bbox 342 1667 487 1742; x_wconf 81' lang='lat' dir='ltr'><strong>fuissent,</strong></span> <span class='ocrx_word' id='word_1_124' title='bbox 502 1669 622 1730; x_wconf 88' lang='lat' dir='ltr'><strong>iortuna</strong></span> <span class='ocrx_word' id='word_1_125' title='bbox 635 1674 732 1741; x_wconf 91' lang='lat' dir='ltr'><strong>essct,</strong></span> <span class='ocrx_word' id='word_1_126' title='bbox 749 1682 827 1727; x_wconf 83' lang='lat' dir='ltr'><strong>nere</strong></span> <span class='ocrx_word' id='word_1_127' title='bbox 842 1666 927 1727; x_wconf 86' lang='lat' dir='ltr'><strong>citeri</strong></span> <span class='ocrx_word' id='word_1_128' title='bbox 941 1680 1013 1741; x_wconf 91' lang='lat' dir='ltr'><strong>pro·</strong></span> 
     </span>
     <span class='ocr_line' id='line_1_18' title="bbox 53 1746 1013 1828; baseline 0.015 -26"><span class='ocrx_word' id='word_1_129' title='bbox 53 1746 104 1817; x_wconf 88' lang='lat' dir='ltr'><strong>prie</strong></span> <span class='ocrx_word' id='word_1_130' title='bbox 121 1747 175 1809; x_wconf 88' lang='lat' dir='ltr'><strong>sibi</strong></span> <span class='ocrx_word' id='word_1_131' title='bbox 195 1752 429 1827; x_wconf 78' lang='lat' dir='ltr'><strong>paciscerentur</strong></span> <span class='ocrx_word' id='word_1_132' title='bbox 450 1753 624 1828; x_wconf 85' lang='lat' dir='ltr'><strong>quicquam.</strong></span> <span class='ocrx_word' id='word_1_133' title='bbox 654 1753 770 1827; x_wconf 91' lang='lat' dir='ltr'><strong>recepti</strong></span> <span class='ocrx_word' id='word_1_134' title='bbox 785 1750 897 1812; x_wconf 85' lang='lat' dir='ltr'><strong>deinde</strong></span> <span class='ocrx_word' id='word_1_135' title='bbox 912 1749 950 1811; x_wconf 88' lang='lat' dir='ltr'><strong>ab</strong></span> <span class='ocrx_word' id='word_1_136' title='bbox 965 1749 1013 1816; x_wconf 88' lang='lat' dir='ltr'><strong>iis.</strong></span> 
     </span>
     <span class='ocr_line' id='line_1_19' title="bbox 55 1833 1011 1912; baseline 0.006 -24"><span class='ocrx_word' id='word_1_137' title='bbox 55 1837 79 1889; x_wconf 82' lang='lat' dir='ltr'><strong>ut</strong></span> <span class='ocrx_word' id='word_1_138' title='bbox 90 1837 277 1898; x_wconf 89' lang='lat' dir='ltr'><strong>necessarios</strong></span> <span class='ocrx_word' id='word_1_139' title='bbox 291 1835 495 1912; x_wconf 86' lang='lat' dir='ltr'><strong>hospitesque</strong></span> <span class='ocrx_word' id='word_1_140' title='bbox 506 1837 755 1912; x_wconf 84' lang='lat' dir='ltr'><strong>adloquerentur,</strong></span> <span class='ocrx_word' id='word_1_141' title='bbox 770 1833 921 1911; x_wconf 87' lang='lat' dir='ltr'><strong>expositis</strong></span> <span class='ocrx_word' id='word_1_142' title='bbox 934 1849 1011 1908; x_wconf 73' lang='lat' dir='ltr'><strong>quau</strong></span> 
     </span>
     <span class='ocr_line' id='line_1_20' title="bbox 55 1916 1013 1995; baseline 0.006 -23"><span class='ocrx_word' id='word_1_143' title='bbox 55 1921 126 1975; x_wconf 83' lang='lat' dir='ltr'><strong>ntem</strong></span> <span class='ocrx_word' id='word_1_144' title='bbox 138 1916 196 1980; x_wconf 80' lang='lat' dir='ltr'><strong>iana</strong></span> <span class='ocrx_word' id='word_1_145' title='bbox 211 1936 284 1982; x_wconf 89' lang='lat' dir='ltr'><strong>cum</strong></span> <span class='ocrx_word' id='word_1_146' title='bbox 297 1920 441 1983; x_wconf 86' lang='lat' dir='ltr'><strong>Marcelio</strong></span> <span class='ocrx_word' id='word_1_147' title='bbox 457 1921 617 1995; x_wconf 86' lang='lat' dir='ltr'><strong>haberent,</strong></span> <span class='ocrx_word' id='word_1_148' title='bbox 632 1920 734 1981; x_wconf 84' lang='lat' dir='ltr'><strong>abiete</strong></span> <span class='ocrx_word' id='word_1_149' title='bbox 748 1934 806 1995; x_wconf 92' lang='lat' dir='ltr'><strong>spe</strong></span> <span class='ocrx_word' id='word_1_150' title='bbox 820 1917 927 1979; x_wconf 85' lang='lat' dir='ltr'><strong>salutis</strong></span> <span class='ocrx_word' id='word_1_151' title='bbox 943 1932 1013 1992; x_wconf 91' lang='lat' dir='ltr'><strong>per·</strong></span> 
     </span>
     <span class='ocr_line' id='line_1_21' title="bbox 55 1998 1014 2088; baseline -0.008 -19"><span class='ocrx_word' id='word_1_152' title='bbox 55 1998 140 2068; x_wconf 79' lang='lat' dir='ltr'><strong>iniere</strong></span> <span class='ocrx_word' id='word_1_153' title='bbox 158 2017 229 2080; x_wconf 90' lang='lat' dir='ltr'><strong>eos,</strong></span> <span class='ocrx_word' id='word_1_154' title='bbox 252 2011 287 2066; x_wconf 87' lang='lat' dir='ltr'><strong>ut</strong></span> <span class='ocrx_word' id='word_1_155' title='bbox 306 2020 413 2066; x_wconf 90' lang='lat' dir='ltr'><strong>secum</strong></span> <span class='ocrx_word' id='word_1_156' title='bbox 436 2005 609 2082; x_wconf 79' lang='lat' dir='ltr'><strong>praefectos</strong></span> <span class='ocrx_word' id='word_1_157' title='bbox 622 2003 772 2082; x_wconf 80' lang='lat' dir='ltr'><strong>Epicydis</strong></span> <span class='ocrx_word' id='word_1_158' title='bbox 786 2001 968 2088; x_wconf 68' lang='lat' dir='ltr'><strong>Hoiyciitum</strong></span> <span class='ocrx_word' id='word_1_159' title='bbox 983 2008 1014 2061; x_wconf 90' lang='lat' dir='ltr'><strong>et</strong></span> 
     </span>
     <span class='ocr_line' id='line_1_22' title="bbox 54 2078 1013 2166; baseline 0.006 -30"><span class='ocrx_word' id='word_1_160' title='bbox 54 2078 237 2148; x_wconf 77' lang='lat' dir='ltr'><strong>Philistionem</strong></span> <span class='ocrx_word' id='word_1_161' title='bbox 253 2096 283 2149; x_wconf 91' lang='lat' dir='ltr'><strong>et</strong></span> <span class='ocrx_word' id='word_1_162' title='bbox 296 2089 471 2166; x_wconf 79' lang='lat' dir='ltr'><strong>Epicyden,</strong></span> <span class='ocrx_word' id='word_1_163' title='bbox 487 2088 535 2150; x_wconf 90' lang='lat' dir='ltr'><strong>cui</strong></span> <span class='ocrx_word' id='word_1_164' title='bbox 551 2087 669 2149; x_wconf 89' lang='lat' dir='ltr'><strong>Sindon</strong></span> <span class='ocrx_word' id='word_1_165' title='bbox 685 2101 854 2164; x_wconf 76' lang='lat' dir='ltr'><strong>cognomen</strong></span> <span class='ocrx_word' id='word_1_166' title='bbox 870 2090 944 2158; x_wconf 83' lang='lat' dir='ltr'><strong>erut,</strong></span> <span class='ocrx_word' id='word_1_167' title='bbox 959 2084 1013 2144; x_wconf 90' lang='lat' dir='ltr'><strong>od·</strong></span> 
     </span>
     <span class='ocr_line' id='line_1_23' title="bbox 54 2167 1013 2234; baseline 0.004 -13"><span class='ocrx_word' id='word_1_168' title='bbox 54 2167 241 2234; x_wconf 65' lang='lat' dir='ltr'><strong>crederentur.</strong></span> <span class='ocrx_word' id='word_1_169' title='bbox 273 2173 439 2234; x_wconf 82' lang='lat' dir='ltr'><strong>interiectis</strong></span> <span class='ocrx_word' id='word_1_170' title='bbox 461 2174 499 2234; x_wconf 89' lang='lat' dir='ltr'><strong>iis</strong></span> <span class='ocrx_word' id='word_1_171' title='bbox 521 2180 551 2233; x_wconf 94' lang='lat' dir='ltr'><strong>et</strong></span> <span class='ocrx_word' id='word_1_172' title='bbox 571 2171 761 2234; x_wconf 88' lang='lat' dir='ltr'><strong>multitudine</strong></span> <span class='ocrx_word' id='word_1_173' title='bbox 781 2169 821 2231; x_wconf 89' lang='lat' dir='ltr'><strong>ad</strong></span> <span class='ocrx_word' id='word_1_174' title='bbox 841 2168 1013 2230; x_wconf 86' lang='lat' dir='ltr'><strong>contionem</strong></span> 
     </span>
     <span class='ocr_line' id='line_1_24' title="bbox 55 2251 1013 2334; baseline 0.007 -30"><span class='ocrx_word' id='word_1_175' title='bbox 55 2258 151 2328; x_wconf 87' lang='lat' dir='ltr'><strong>vocata,</strong></span> <span class='ocrx_word' id='word_1_176' title='bbox 169 2255 303 2334; x_wconf 90' lang='lat' dir='ltr'><strong>inopiam</strong></span> <span class='ocrx_word' id='word_1_177' title='bbox 320 2271 463 2334; x_wconf 84' lang='lat' dir='ltr'><strong>quaeque</strong></span> <span class='ocrx_word' id='word_1_178' title='bbox 477 2257 537 2334; x_wconf 91' lang='lat' dir='ltr'><strong>ipsi</strong></span> <span class='ocrx_word' id='word_1_179' title='bbox 552 2257 630 2318; x_wconf 92' lang='lat' dir='ltr'><strong>inter</strong></span> <span class='ocrx_word' id='word_1_180' title='bbox 643 2272 679 2317; x_wconf 92' lang='lat' dir='ltr'><strong>se</strong></span> <span class='ocrx_word' id='word_1_181' title='bbox 694 2257 823 2316; x_wconf 81' lang='lat' dir='ltr'><strong>fremere</strong></span> <span class='ocrx_word' id='word_1_182' title='bbox 837 2251 948 2314; x_wconf 90' lang='lat' dir='ltr'><strong>occuiti</strong></span> <span class='ocrx_word' id='word_1_183' title='bbox 962 2266 1013 2312; x_wconf 90' lang='lat' dir='ltr'><strong>so·</strong></span> 
     </span>
     <span class='ocr_line' id='line_1_25' title="bbox 54 2329 1013 2418; baseline 0.008 -31"><span class='ocrx_word' id='word_1_184' title='bbox 54 2329 85 2390; x_wconf 88' lang='lat' dir='ltr'><strong>titi</strong></span> <span class='ocrx_word' id='word_1_185' title='bbox 97 2345 189 2415; x_wconf 89' lang='lat' dir='ltr'><strong>erant,</strong></span> <span class='ocrx_word' id='word_1_186' title='bbox 204 2340 384 2418; x_wconf 82' lang='lat' dir='ltr'><strong>conquesti,</strong></span> <span class='ocrx_word' id='word_1_187' title='bbox 403 2357 588 2418; x_wconf 87' lang='lat' dir='ltr'><strong>quamquam</strong></span> <span class='ocrx_word' id='word_1_188' title='bbox 603 2347 646 2402; x_wconf 94' lang='lat' dir='ltr'><strong>tot</strong></span> <span class='ocrx_word' id='word_1_189' title='bbox 660 2341 739 2400; x_wconf 80' lang='lat' dir='ltr'><strong>mma</strong></span> <span class='ocrx_word' id='word_1_190' title='bbox 753 2343 906 2414; x_wconf 78' lang='lat' dir='ltr'><strong>urgerent,</strong></span> <span class='ocrx_word' id='word_1_191' title='bbox 921 2350 1013 2410; x_wconf 82' lang='lat' dir='ltr'><strong>negu-</strong></span> 
     </span>
     <span class='ocr_line' id='line_1_26' title="bbox 56 2420 1015 2500; baseline 0.008 -26"><span class='ocrx_word' id='word_1_192' title='bbox 56 2424 108 2478; x_wconf 87' lang='lat' dir='ltr'><strong>runt</strong></span> <span class='ocrx_word' id='word_1_193' title='bbox 126 2420 276 2486; x_wconf 83' lang='lat' dir='ltr'><strong>tartunam</strong></span> <span class='ocrx_word' id='word_1_194' title='bbox 296 2424 503 2487; x_wconf 86' lang='lat' dir='ltr'><strong>accusandam</strong></span> <span class='ocrx_word' id='word_1_195' title='bbox 520 2439 607 2500; x_wconf 89' lang='lat' dir='ltr'><strong>esse,</strong></span> <span class='ocrx_word' id='word_1_196' title='bbox 630 2425 714 2500; x_wconf 91' lang='lat' dir='ltr'><strong>quod</strong></span> <span class='ocrx_word' id='word_1_197' title='bbox 728 2424 759 2484; x_wconf 89' lang='lat' dir='ltr'><strong>in</strong></span> <span class='ocrx_word' id='word_1_198' title='bbox 774 2423 913 2499; x_wconf 89' lang='lat' dir='ltr'><strong>ipsorum</strong></span> <span class='ocrx_word' id='word_1_199' title='bbox 931 2426 1015 2482; x_wconf 90' lang='lat' dir='ltr'><strong>esset</strong></span> 
     </span>
     <span class='ocr_line' id='line_1_27' title="bbox 55 2506 1013 2587; baseline 0.006 -27"><span class='ocrx_word' id='word_1_200' title='bbox 55 2507 197 2582; x_wconf 88' lang='lat' dir='ltr'><strong>potestate,</strong></span> <span class='ocrx_word' id='word_1_201' title='bbox 222 2510 370 2587; x_wconf 90' lang='lat' dir='ltr'><strong>quamdiu</strong></span> <span class='ocrx_word' id='word_1_202' title='bbox 383 2525 421 2571; x_wconf 87' lang='lat' dir='ltr'><strong>ea</strong></span> <span class='ocrx_word' id='word_1_203' title='bbox 435 2516 621 2586; x_wconf 90' lang='lat' dir='ltr'><strong>paterentur.</strong></span> <span class='ocrx_word' id='word_1_204' title='bbox 652 2506 800 2571; x_wconf 85' lang='lat' dir='ltr'><strong>Romanis</strong></span> <span class='ocrx_word' id='word_1_205' title='bbox 816 2520 942 2568; x_wconf 82' lang='lat' dir='ltr'><strong>eausam</strong></span> <span class='ocrx_word' id='word_1_206' title='bbox 957 2521 1013 2581; x_wconf 92' lang='lat' dir='ltr'><strong>op·</strong></span> 
     </span>
     <span class='ocr_line' id='line_1_28' title="bbox 56 2591 1014 2672; baseline -0.005 -18"><span class='ocrx_word' id='word_1_207' title='bbox 56 2592 190 2660; x_wconf 73' lang='lat' dir='ltr'><strong>intrandi</strong></span> <span class='ocrx_word' id='word_1_208' title='bbox 202 2593 378 2672; x_wconf 88' lang='lat' dir='ltr'><strong>Syracusas</strong></span> <span class='ocrx_word' id='word_1_209' title='bbox 395 2593 493 2656; x_wconf 81' lang='lat' dir='ltr'><strong>tuisse</strong></span> <span class='ocrx_word' id='word_1_210' title='bbox 508 2593 662 2654; x_wconf 82' lang='lat' dir='ltr'><strong>caritatem</strong></span> <span class='ocrx_word' id='word_1_211' title='bbox 674 2591 939 2671; x_wconf 70' lang='lat' dir='ltr'><strong>Syracusanorum</strong></span> <span class='ocrx_word' id='word_1_212' title='bbox 953 2605 1014 2652; x_wconf 92' lang='lat' dir='ltr'><strong>non</strong></span> 
     </span>
     <span class='ocr_line' id='line_1_29' title="bbox 56 2668 1013 2755; baseline 0.013 -31"><span class='ocrx_word' id='word_1_213' title='bbox 56 2668 156 2734; x_wconf 72' lang='lat' dir='ltr'><strong>odiuma</strong></span> <span class='ocrx_word' id='word_1_214' title='bbox 180 2694 251 2739; x_wconf 88' lang='lat' dir='ltr'><strong>nam</strong></span> <span class='ocrx_word' id='word_1_215' title='bbox 271 2686 304 2739; x_wconf 92' lang='lat' dir='ltr'><strong>ut</strong></span> <span class='ocrx_word' id='word_1_216' title='bbox 325 2685 492 2755; x_wconf 87' lang='lat' dir='ltr'><strong>occupatas</strong></span> <span class='ocrx_word' id='word_1_217' title='bbox 511 2693 562 2739; x_wconf 92' lang='lat' dir='ltr'><strong>res</strong></span> <span class='ocrx_word' id='word_1_218' title='bbox 584 2677 623 2739; x_wconf 89' lang='lat' dir='ltr'><strong>ab</strong></span> <span class='ocrx_word' id='word_1_219' title='bbox 639 2676 820 2738; x_wconf 86' lang='lat' dir='ltr'><strong>sateltitibus</strong></span> <span class='ocrx_word' id='word_1_220' title='bbox 835 2675 1013 2737; x_wconf 82' lang='lat' dir='ltr'><strong>Hannibalis</strong></span> 
     </span>
     <span class='ocr_line' id='line_1_30' title="bbox 56 2749 1013 2842; baseline 0.011 -35"><span class='ocrx_word' id='word_1_221' title='bbox 56 2749 146 2818; x_wconf 87' lang='lat' dir='ltr'><strong>deinde</strong></span> <span class='ocrx_word' id='word_1_222' title='bbox 159 2759 353 2842; x_wconf 90' lang='lat' dir='ltr'><strong>Hieronymi,</strong></span> <span class='ocrx_word' id='word_1_223' title='bbox 374 2763 562 2838; x_wconf 86' lang='lat' dir='ltr'><strong>Hippocrate</strong></span> <span class='ocrx_word' id='word_1_224' title='bbox 577 2769 669 2838; x_wconf 87' lang='lat' dir='ltr'><strong>etque</strong></span> <span class='ocrx_word' id='word_1_225' title='bbox 682 2760 837 2837; x_wconf 85' lang='lat' dir='ltr'><strong>Epicyde,</strong></span> <span class='ocrx_word' id='word_1_226' title='bbox 853 2759 1013 2832; x_wconf 82' lang='lat' dir='ltr'><strong>audierint,</strong></span> 
     </span>
     <span class='ocr_line' id='line_1_31' title="bbox 57 2839 1009 2925; baseline 0.014 -35"><span class='ocrx_word' id='word_1_227' title='bbox 57 2839 104 2896; x_wconf 92' lang='lat' dir='ltr'><strong>tun</strong></span> <span class='ocrx_word' id='word_1_228' title='bbox 116 2839 221 2908; x_wconf 86' lang='lat' dir='ltr'><strong>betium</strong></span> <span class='ocrx_word' id='word_1_229' title='bbox 236 2847 382 2920; x_wconf 89' lang='lat' dir='ltr'><strong>movisse,</strong></span> <span class='ocrx_word' id='word_1_230' title='bbox 402 2853 433 2908; x_wconf 90' lang='lat' dir='ltr'><strong>et</strong></span> <span class='ocrx_word' id='word_1_231' title='bbox 446 2846 590 2908; x_wconf 91' lang='lat' dir='ltr'><strong>obsidere</strong></span> <span class='ocrx_word' id='word_1_232' title='bbox 605 2846 712 2907; x_wconf 86' lang='lat' dir='ltr'><strong>orbern</strong></span> <span class='ocrx_word' id='word_1_233' title='bbox 727 2843 879 2921; x_wconf 88' lang='lat' dir='ltr'><strong>coepisse,</strong></span> <span class='ocrx_word' id='word_1_234' title='bbox 899 2849 932 2904; x_wconf 88' lang='lat' dir='ltr'><strong>ut</strong></span> <span class='ocrx_word' id='word_1_235' title='bbox 946 2859 1009 2925; x_wconf 86' lang='lat' dir='ltr'><strong>cru·</strong></span> 
     </span>
     <span class='ocr_line' id='line_1_32' title="bbox 57 2915 1013 3007; baseline 0.004 -27"><span class='ocrx_word' id='word_1_236' title='bbox 57 2915 125 2984; x_wconf 84' lang='lat' dir='ltr'><strong>deles</strong></span> <span class='ocrx_word' id='word_1_237' title='bbox 144 2934 289 3006; x_wconf 91' lang='lat' dir='ltr'><strong>tyrannos</strong></span> <span class='ocrx_word' id='word_1_238' title='bbox 310 2931 392 3007; x_wconf 89' lang='lat' dir='ltr'><strong>eius,</strong></span> <span class='ocrx_word' id='word_1_239' title='bbox 415 2947 476 2992; x_wconf 88' lang='lat' dir='ltr'><strong>non</strong></span> <span class='ocrx_word' id='word_1_240' title='bbox 496 2939 530 2992; x_wconf 91' lang='lat' dir='ltr'><strong>ut</strong></span> <span class='ocrx_word' id='word_1_241' title='bbox 549 2931 649 3006; x_wconf 89' lang='lat' dir='ltr'><strong>ipsam</strong></span> <span class='ocrx_word' id='word_1_242' title='bbox 669 2929 777 2989; x_wconf 90' lang='lat' dir='ltr'><strong>urbem</strong></span> <span class='ocrx_word' id='word_1_243' title='bbox 791 2935 1013 3004; x_wconf 79' lang='lat' dir='ltr'><strong>expugnarent.</strong></span> 
     </span>
    </p>
   </div>
   <div class='ocr_carea' id='block_1_3' title="bbox 59 2997 1094 3343">
    <p class='ocr_par' dir='ltr' id='par_1_4' title="bbox 59 2997 1094 3343">
     <span class='ocr_line' id='line_1_33' title="bbox 59 2997 1013 3093; baseline 0.015 -37"><span class='ocrx_word' id='word_1_244' title='bbox 59 2997 220 3082; x_wconf 88' lang='lat' dir='ltr'><strong>Hippocrate</strong></span> <span class='ocrx_word' id='word_1_245' title='bbox 236 3031 309 3080; x_wconf 92' lang='lat' dir='ltr'><strong>vero</strong></span> <span class='ocrx_word' id='word_1_246' title='bbox 323 3016 515 3092; x_wconf 88' lang='lat' dir='ltr'><strong>interempto,</strong></span> <span class='ocrx_word' id='word_1_247' title='bbox 529 3014 669 3093; x_wconf 88' lang='lat' dir='ltr'><strong>Epicyde</strong></span> <span class='ocrx_word' id='word_1_248' title='bbox 683 3013 849 3075; x_wconf 90' lang='lat' dir='ltr'><strong>intereiuso</strong></span> <span class='ocrx_word' id='word_1_249' title='bbox 864 3012 903 3072; x_wconf 90' lang='lat' dir='ltr'><strong>ab</strong></span> <span class='ocrx_word' id='word_1_250' title='bbox 919 3009 1013 3089; x_wconf 91' lang='lat' dir='ltr'><strong>Syra·</strong></span> 
     </span>
     <span class='ocr_line' id='line_1_34' title="bbox 59 3089 1094 3175; baseline 0.007 -32"><span class='ocrx_word' id='word_1_251' title='bbox 59 3089 124 3152; x_wconf 87' lang='lat' dir='ltr'><strong>cusis</strong></span> <span class='ocrx_word' id='word_1_252' title='bbox 143 3102 172 3157; x_wconf 89' lang='lat' dir='ltr'><strong>ct</strong></span> <span class='ocrx_word' id='word_1_253' title='bbox 186 3100 349 3175; x_wconf 72' lang='lat' dir='ltr'><strong>praefectis</strong></span> <span class='ocrx_word' id='word_1_254' title='bbox 370 3099 438 3161; x_wconf 91' lang='lat' dir='ltr'><strong>eius</strong></span> <span class='ocrx_word' id='word_1_255' title='bbox 459 3099 586 3171; x_wconf 89' lang='lat' dir='ltr'><strong>occisis,</strong></span> <span class='ocrx_word' id='word_1_256' title='bbox 609 3096 910 3173; x_wconf 79' lang='lat' dir='ltr'><strong>carthaginiensibus</strong></span> <span class='ocrx_word' id='word_1_257' title='bbox 932 3093 1012 3154; x_wconf 91' lang='lat' dir='ltr'><strong>omni</strong></span> <span class='ocrx_word' id='word_1_258' title='bbox 1091 3097 1094 3104; x_wconf 81' lang='grc'>’</span> 
     </span>
     <span class='ocr_line' id='line_1_35' title="bbox 60 3181 1014 3259; baseline -0.006 -19"><span class='ocrx_word' id='word_1_259' title='bbox 60 3181 235 3244; x_wconf 74' lang='lat' dir='ltr'><strong>iissessiane</strong></span> <span class='ocrx_word' id='word_1_260' title='bbox 250 3184 372 3246; x_wconf 80' lang='lat' dir='ltr'><strong>Siciliae</strong></span> <span class='ocrx_word' id='word_1_261' title='bbox 386 3189 468 3245; x_wconf 89' lang='lat' dir='ltr'><strong>terra</strong></span> <span class='ocrx_word' id='word_1_262' title='bbox 481 3183 619 3259; x_wconf 88' lang='lat' dir='ltr'><strong>marique</strong></span> <span class='ocrx_word' id='word_1_263' title='bbox 634 3182 786 3258; x_wconf 86' lang='lat' dir='ltr'><strong>pulsis-</strong></span> <span class='ocrx_word' id='word_1_264' title='bbox 797 3195 890 3256; x_wconf 90' lang='lat' dir='ltr'><strong>quam</strong></span> <span class='ocrx_word' id='word_1_265' title='bbox 904 3191 1014 3252; x_wconf 90' lang='lat' dir='ltr'><strong>super·</strong></span> 
     </span>
     <span class='ocr_line' id='line_1_36' title="bbox 62 3258 1013 3343; baseline 0.006 -30"><span class='ocrx_word' id='word_1_266' title='bbox 62 3265 114 3317; x_wconf 81' lang='lat' dir='ltr'><strong>osse</strong></span> <span class='ocrx_word' id='word_1_267' title='bbox 132 3278 250 3330; x_wconf 86' lang='lat' dir='ltr'><strong>causam</strong></span> <span class='ocrx_word' id='word_1_268' title='bbox 266 3268 427 3343; x_wconf 85' lang='lat' dir='ltr'><strong>Romanis,</strong></span> <span class='ocrx_word' id='word_1_269' title='bbox 449 3285 503 3330; x_wconf 90' lang='lat' dir='ltr'><strong>cur</strong></span> <span class='ocrx_word' id='word_1_270' title='bbox 522 3283 585 3330; x_wconf 91' lang='lat' dir='ltr'><strong>non</strong></span> <span class='ocrx_word' id='word_1_271' title='bbox 600 3264 729 3342; x_wconf 88' lang='lat' dir='ltr'><strong>perinde</strong></span> <span class='ocrx_word' id='word_1_272' title='bbox 744 3279 780 3324; x_wconf 85' lang='lat' dir='ltr'><strong>ac</strong></span> <span class='ocrx_word' id='word_1_273' title='bbox 795 3264 822 3323; x_wconf 92' lang='lat' dir='ltr'><strong>si</strong></span> <span class='ocrx_word' id='word_1_274' title='bbox 836 3261 928 3322; x_wconf 87' lang='lat' dir='ltr'><strong>Hiero</strong></span> <span class='ocrx_word' id='word_1_275' title='bbox 944 3258 1013 3333; x_wconf 89' lang='lat' dir='ltr'><strong>ipse</strong></span> 
     </span>
    </p>
   </div>
   <div class='ocr_carea' id='block_1_4' title="bbox 62 3337 1012 3512">
    <p class='ocr_par' dir='ltr' id='par_1_5' title="bbox 62 3337 1012 3512">
     <span class='ocr_line' id='line_1_37' title="bbox 62 3337 1012 3425; baseline 0.011 -33"><span class='ocrx_word' id='word_1_276' title='bbox 62 3337 166 3425; x_wconf 79' lang='lat' dir='ltr'><strong>viveret,</strong></span> <span class='ocrx_word' id='word_1_277' title='bbox 184 3353 293 3414; x_wconf 89' lang='lat' dir='ltr'><strong>unicus</strong></span> <span class='ocrx_word' id='word_1_278' title='bbox 306 3355 464 3415; x_wconf 85' lang='lat' dir='ltr'><strong>Romanae</strong></span> <span class='ocrx_word' id='word_1_279' title='bbox 479 3351 628 3412; x_wconf 87' lang='lat' dir='ltr'><strong>amicitiae</strong></span> <span class='ocrx_word' id='word_1_280' title='bbox 643 3351 751 3420; x_wconf 83' lang='lat' dir='ltr'><strong>cultor,</strong></span> <span class='ocrx_word' id='word_1_281' title='bbox 766 3346 936 3406; x_wconf 88' lang='lat' dir='ltr'><strong>incolumes</strong></span> <span class='ocrx_word' id='word_1_282' title='bbox 952 3341 1012 3422; x_wconf 86' lang='lat' dir='ltr'><strong>Sy·</strong></span> 
     </span>
     <span class='ocr_line' id='line_1_38' title="bbox 64 3424 1012 3512; baseline -0.004 -24"><span class='ocrx_word' id='word_1_283' title='bbox 64 3433 163 3494; x_wconf 67' lang='lat' dir='ltr'><strong>retusos</strong></span> <span class='ocrx_word' id='word_1_284' title='bbox 176 3452 247 3499; x_wconf 90' lang='lat' dir='ltr'><strong>esse</strong></span> <span class='ocrx_word' id='word_1_285' title='bbox 261 3437 377 3498; x_wconf 68' lang='lat' dir='ltr'><strong>veiint?</strong></span> <span class='ocrx_word' id='word_1_286' title='bbox 393 3435 496 3512; x_wconf 87' lang='lat' dir='ltr'><strong>itaque</strong></span> <span class='ocrx_word' id='word_1_287' title='bbox 511 3449 569 3495; x_wconf 89' lang='lat' dir='ltr'><strong>nec</strong></span> <span class='ocrx_word' id='word_1_288' title='bbox 583 3433 650 3494; x_wconf 83' lang='lat' dir='ltr'><strong>urbi</strong></span> <span class='ocrx_word' id='word_1_289' title='bbox 666 3446 723 3490; x_wconf 88' lang='lat' dir='ltr'><strong>nec</strong></span> <span class='ocrx_word' id='word_1_290' title='bbox 739 3426 912 3489; x_wconf 88' lang='lat' dir='ltr'><strong>hominibus</strong></span> <span class='ocrx_word' id='word_1_291' title='bbox 928 3424 1012 3484; x_wconf 88' lang='lat' dir='ltr'><strong>atiud</strong></span> 
     </span>
    </p>
   </div>
   <div class='ocr_carea' id='block_1_5' title="bbox 63 3507 1010 3598">
    <p class='ocr_par' dir='ltr' id='par_1_6' title="bbox 63 3507 1010 3598">
     <span class='ocr_line' id='line_1_39' title="bbox 63 3507 1010 3598; baseline -0.016 -19"><span class='ocrx_word' id='word_1_292' title='bbox 63 3508 202 3582; x_wconf 72' lang='lat' dir='ltr'><strong>concnam</strong></span> <span class='ocrx_word' id='word_1_293' title='bbox 224 3537 316 3598; x_wconf 87' lang='lat' dir='ltr'><strong>quam</strong></span> <span class='ocrx_word' id='word_1_294' title='bbox 337 3521 375 3582; x_wconf 88' lang='lat' dir='ltr'><strong>ab</strong></span> <span class='ocrx_word' id='word_1_295' title='bbox 396 3524 495 3582; x_wconf 83' lang='lat' dir='ltr'><strong>semet</strong></span> <span class='ocrx_word' id='word_1_296' title='bbox 511 3516 588 3594; x_wconf 89' lang='lat' dir='ltr'><strong>ipsis</strong></span> <span class='ocrx_word' id='word_1_297' title='bbox 603 3529 690 3585; x_wconf 87' lang='lat' dir='ltr'><strong>esse,</strong></span> <span class='ocrx_word' id='word_1_298' title='bbox 711 3525 738 3570; x_wconf 86' lang='lat' dir='ltr'><strong>sr</strong></span> <span class='ocrx_word' id='word_1_299' title='bbox 753 3507 948 3570; x_wconf 88' lang='lat' dir='ltr'><strong>occasionem</strong></span> <span class='ocrx_word' id='word_1_300' title='bbox 962 3521 1010 3566; x_wconf 88' lang='lat' dir='ltr'><strong>re·</strong></span> 
     </span>
    </p>
   </div>
   <div class='ocr_carea' id='block_1_6' title="bbox 0 0 1223 3892">
    <p class='ocr_par' dir='ltr' id='par_1_7' title="bbox 0 0 1223 3892">
     <span class='ocr_line' id='line_1_40' title="bbox 0 0 1223 3892; baseline 0 0"><span class='ocrx_word' id='word_1_301' title='bbox 0 0 1223 3892; x_wconf 95' lang='lat' dir='ltr'><strong> </strong></span> 
     </span>
    </p>
   </div>
  </div>
 </body>
</html>
