2434 3902
225 237 342 304 LIBER
357 243 477 304 XXVII.
499 243 580 306 GAP.
595 253 638 308 37.
653 253 696 308 38.
720 251 756 319 [a.
772 250 804 303 0.
818 251 883 318 aot]
982 249 1043 312 205

58 414 111 458 eas
138 398 201 458 duo
230 397 322 472 signa
345 412 512 472 cupressea
536 397 660 458 lunonis
684 397 810 473 reginae
834 399 1043 475 portabantur.

58 488 117 542 tum
136 489 261 557 septem
281 489 312 543 et
330 481 434 556 viginti
455 481 606 558 virgines,
627 481 748 557 longam
772 482 897 544 indutae
917 491 1043 561 vestem,

59 565 223 625 carmania
237 566 385 626 lunonem
396 565 531 640 reginam
542 571 686 626 canentes
698 566 790 642 ibunt,
802 567 854 628 illa
864 573 1044 644 tempestate

59 650 185 709 forsitan
200 648 358 710 laudabile
372 649 499 710 rudibus
514 648 653 725 ingeniis,
676 665 757 712 nunc
771 649 940 712 abhorrens
956 659 986 712 et
1000 653 1044 713 in·

60 733 232 813 conditum,
264 735 291 794 si
312 735 468 795 reseratur.
505 733 657 808 virginum
677 735 815 794 ordinem
838 736 1045 811 sequebantur

60 818 225 878 decemviri
242 820 382 880 coronati
397 818 503 878 laurea
517 817 771 894 praetextatique.
793 835 812 878 a
827 820 1043 895 portalugario

62 902 125 963 vico
140 902 170 961 in
188 901 293 963 lorum
307 917 431 962 venere.
452 902 482 961 in
498 901 565 961 loro
581 917 696 976 pompa
710 903 852 976 constitit,
868 910 898 964 et
911 919 967 978 per
981 920 1042 966 mu·

62 1003 114 1046 nas
128 991 212 1046 reste
228 987 304 1046 data
318 985 452 1061 virgines
468 1000 578 1046 sonum
592 985 679 1048 vocis
693 987 785 1061 pulsu
803 986 917 1062 pedum
937 988 1042 1048 modu

63 1071 153 1130 lantes
175 1069 382 1130 incesserunt.
414 1070 487 1129 inde
505 1069 576 1130 vico
589 1070 689 1132 Tusco
704 1069 901 1148 Velabroque
916 1087 972 1146 per
984 1071 1043 1131 Bo-

62 1154 172 1214 varium
195 1155 300 1216 iorum
320 1154 351 1214 in
373 1153 485 1215 clivum
499 1152 666 1214 Publicium
685 1161 777 1229 atque
797 1155 905 1215 aedem
920 1155 1044 1215 lunonis

64 1239 180 1312 reginae
195 1244 383 1314 perrectum.
404 1236 446 1296 ibi
462 1237 541 1298 duae
553 1237 674 1300 lrostiae
688 1239 727 1298 ab
743 1237 923 1300 decemviris
938 1239 1040 1299 immo·

65 1322 146 1393 latae,
169 1328 200 1382 et
216 1323 384 1384 simulacro
398 1336 567 1397 cupressea
581 1322 611 1382 in
627 1322 734 1384 aedem
750 1323 840 1382 illata.

140 1405 310 1467 XXXVIII.
331 1406 405 1468 Deis
418 1405 476 1467 rite
490 1406 619 1482 placatis
635 1405 777 1467 dilectum
793 1407 936 1467 consules
951 1406 1043 1466 lrabe-

65 1489 131 1548 bant
144 1490 249 1552 acrius
265 1489 482 1566 intentiusque,
504 1507 595 1565 quom
609 1490 764 1568 prioribus
779 1490 867 1551 annis
883 1491 1044 1566 quisquam

67 1574 241 1634 meminerat
260 1573 412 1636 habitum:
433 1590 503 1634 nam
527 1581 557 1635 et
569 1574 651 1635 bello
666 1581 764 1636 terror
784 1574 957 1650 duplicatus
973 1575 1043 1634 novi

65 1655 155 1718 bostis
172 1658 203 1718 in
221 1658 339 1720 ltaliam
356 1659 499 1731 adventu,
523 1665 553 1718 et
567 1658 667 1719 minus
682 1659 846 1720 iuventutis
861 1666 940 1733 erat,
962 1658 1046 1718 unde

67 1741 230 1802 seriberent
251 1742 373 1803 milites.
406 1743 509 1817 itaque
529 1744 657 1804 colonos
673 1743 762 1804 etiam
782 1743 966 1816 maritimos,
993 1742 1044 1818 qui

67 1833 291 1888 sacrosanctam
311 1825 500 1886 vacationem
515 1826 693 1887 dicebantur
706 1826 829 1899 habere,
846 1827 920 1887 dare
935 1826 1044 1886 milites

68 1909 221 1982 cogebant.
257 1910 369 1986 quibus
391 1910 604 1970 recusantibus
625 1911 750 1970 edixere
770 1910 801 1969 in
822 1911 902 1970 diem
923 1917 1044 1982 remam,

68 1998 102 2063 nt,
118 2009 178 2068 quo
196 1994 333 2070 quisque
348 1994 412 2053 iure
429 1995 618 2055 vacationem
632 1993 769 2067 haberet,
784 1994 823 2053 ad
839 1999 978 2054 senatum
993 1994 1044 2051 de·

69 2075 160 2136 terret.
196 2093 235 2138 ea
256 2078 306 2138 die
327 2077 366 2138 ud
382 2083 520 2139 senatum
536 2078 567 2137 hi
582 2076 689 2153 populi
709 2083 870 2151 venerunt,
894 2075 1045 2136 Ostiensis

69 2159 214 2222 Alsiensis
236 2161 345 2222 Antias
367 2163 531 2222 Anxurnas
545 2161 771 2222 Mentumensis
787 2159 994 2220 Sinuessanas
1016 2167 1046 2220 et

68 2241 101 2302 ab
115 2259 230 2320 supero
252 2246 328 2306 mari
344 2244 500 2306 Senensis.
534 2260 601 2305 cum
623 2244 798 2305 vacationes
819 2259 892 2304 suas
915 2244 1045 2318 quisque

70 2329 195 2402 populus
210 2329 361 2405 recitaret,
377 2329 498 2405 nullius,
511 2343 580 2391 cum
593 2329 623 2389 in
636 2328 722 2390 ltalia
735 2326 834 2388 hostis
849 2335 941 2402 esset,
956 2343 1045 2402 prae-

69 2415 110 2468 ter
122 2413 276 2474 Antiatem
292 2413 528 2488 Ostiensemque
548 2414 667 2474 vacatio
689 2411 852 2473 observata
867 2417 930 2482 est;
950 2418 980 2470 et
995 2426 1044 2471 ea-

70 2507 129 2554 ram
142 2497 332 2560 coloniarum
353 2497 489 2558 iuniores
504 2496 570 2558 iure
587 2498 716 2557 iurando
731 2495 846 2570 adacti,
869 2511 964 2570 supra
978 2494 1045 2554 dies

70 2577 182 2652 triginta
195 2598 259 2642 non
274 2588 510 2656 pernoctaturos
525 2597 561 2642 sc
575 2587 661 2641 exim
671 2579 793 2641 moenie
807 2579 946 2640 coloniae
961 2594 1045 2652 suae,

72 2658 163 2724 donec
177 2664 277 2728 hostis
291 2665 322 2725 in
337 2665 423 2725 ltalia
438 2671 531 2726 esset.
564 2681 633 2726 cunr
649 2680 755 2725 omnes
771 2670 933 2724 censerant
946 2662 1045 2739 primo

72 2759 189 2822 quoque
202 2756 342 2825 tempore
357 2748 536 2810 consulibus
553 2749 685 2808 eundum
700 2747 740 2808 ad
756 2748 868 2810 bellum
878 2781 922 2804 ,-
932 2763 1001 2806 nam
1016 2754 1047 2806 et

70 2823 248 2894 Hasdrubali
262 2833 484 2894 occurrendum
499 2847 571 2892 esse
586 2831 785 2892 descendenti
800 2830 838 2891 ab
850 2830 992 2907 Alpibus,
1007 2845 1046 2890 ne

73 2909 167 2975 Gallos
183 2917 356 2993 cisalpinos
377 2932 456 2977 neve
469 2915 618 2977 Etruriam
638 2921 769 2976 erectam
790 2915 820 2975 in
836 2931 923 2992 spem
944 2929 1043 2975 rerum

73 3009 210 3060 novamm
232 3002 425 3074 sollicitaret,
454 3006 484 3060 et
503 2999 702 3060 Hannibalem
724 3015 781 3059 suo
803 2999 929 3075 proprio
956 3012 1045 3058 oocu-

76 3082 200 3148 pandum
213 3084 311 3160 bello,
332 3101 371 3145 ne
387 3099 543 3160 emergere
557 3100 595 3144 ex
610 3084 732 3144 Bruttiis
742 3125 744 3130 -
754 3090 846 3158 atque
865 3081 987 3144 obviarn
1002 3081 1045 3140 ire

74 3159 148 3223 tratri
162 3176 271 3244 posset
281 3202 331 3242 -‚
347 3169 453 3229 Livius
469 3169 673 3242 cunctabatur,
692 3183 799 3243 purum
810 3167 910 3226 fidens
922 3179 1045 3224 suarum

76 3249 288 3316 provinciarum
304 3251 504 3312 exercitibus:
521 3252 670 3326 collegam
688 3267 727 3312 ax
740 3251 860 3311 duobus
878 3246 1044 3308 consulari-

77 3325 125 3389 bus
140 3338 267 3412 egregiis
285 3335 470 3397 exercitibus
486 3344 516 3398 et
531 3336 633 3410 tertio,
656 3335 704 3395 eui
719 3333 754 3407 Q.
769 3333 911 3394 Claudius
925 3331 1045 3391 Tarenti

77 3425 230 3495 lacesset,
247 3421 426 3482 electionem
441 3420 568 3479 babor-ea
591 3419 793 3492 intuleratque
807 3415 991 3477 mentionem
1006 3414 1053 3474 de'

77 3496 226 3566 volonibus
234 3503 418 3566 revocandis
430 3503 469 3562 ad
484 3503 579 3578 signa.
595 3508 719 3562 senatus
731 3500 1043 3574 liberampotesutnm
