2428 3892
179 259 220 325 86
339 259 453 320 LIBER
467 257 561 318 XXV.
585 255 667 319 ΟΑΡ.
683 263 726 320 28.
739 264 782 319 29.
802 263 839 330 [a.
852 262 887 314 U.
900 279 924 315 o.
936 262 999 330 540]

180 411 361 479 conciliandi
389 425 426 471 se
451 410 598 472 Romanis
627 408 921 486 praetermisissentr
955 425 1021 470 earu
1050 417 1150 486 autom

181 499 280 576 qualis
295 497 347 558 illo
359 500 513 557 momento
524 493 620 555 horae
631 493 678 569 sit,
692 493 806 555 nullam
818 493 930 556 deinde
942 493 1016 569 iore,
1032 495 1060 555 si
1072 495 1151 556 simul

179 583 213 624 **
228 583 372 643 liberatas
387 579 426 640 ab
440 578 659 654 impotentibus
672 577 812 656 tyrannis
829 578 1035 654 apparuisset.

264 665 368 726 XXIX.
392 661 531 726 Omnium
546 663 659 737 ingena·
674 661 810 723 adsensu
825 662 929 724 audita
944 677 982 723 ca
995 663 1094 726 oratio
1105 672 1152 724 est.

180 758 339 829 praetores
359 755 460 808 tamen
481 747 567 823 prius
583 745 681 807 creari
695 761 786 823 quam
800 747 918 822 legatos
933 746 1084 810 nominari
1098 749 1152 824 plc-

180 836 249 898 cuit.
271 850 310 894 ex
325 832 463 909 ipsorum
477 830 588 892 deinde
603 837 778 907 praetorum
789 846 915 893 numero
925 831 1012 894 missi
1024 840 1154 894 oratores

180 921 219 981 ad
240 917 431 991 Marcellum,
458 931 588 992 quorum
612 915 757 992 princeps
781 931 904 992 „neque
924 915 1046 992 primo“
1067 915 1154 993 inquit

181 1003 393 1082 „Syracusani
408 1016 427 1061 a
440 1001 530 1062 vobis
545 998 729 1074 deiecimus,
750 998 808 1061 sed
822 999 1031 1079 Hieronymus
1047 1015 1153 1078 nequa·

180 1104 271 1164 quam
286 1093 347 1147 tam
363 1085 394 1146 ln
408 1099 466 1146 vos
481 1083 594 1159 impius
609 1099 701 1159 quam
716 1083 746 1144 in
760 1099 836 1154 nos;
856 1100 914 1146 ncc
927 1090 1041 1161 postea
1056 1099 1153 1162 pacem

180 1171 303 1252 tyranni
326 1169 423 1231 caede
445 1167 647 1244 compositam
663 1166 879 1248 Syracusanus
903 1169 1086 1247 quisquam,
1107 1169 1154 1231 sel

180 1257 326 1318 satellites
340 1252 416 1330 regii
431 1253 635 1330 Hippocrates
651 1257 743 1329 atquc
756 1253 913 1330 Epicydes
929 1254 1095 1330 oppressis
1109 1269 1153 1314 no·

178 1342 226 1402 bis
251 1340 323 1403 hino
348 1344 431 1400 matu
452 1337 524 1398 hino
546 1337 655 1398 fraude
674 1335 881 1399 turbaverunt.
918 1353 976 1399 nec
999 1339 1154 1415 quisquam

179 1426 283 1486 dicere
303 1428 421 1499 potest,
443 1421 607 1497 aliquando
628 1419 719 1494 nobis
740 1421 887 1484 libertatis
910 1429 1035 1499 tempus
1057 1423 1153 1492 luisse,

181 1510 265 1585 quod
284 1507 374 1584 pacis
396 1505 558 1567 vobiscum
580 1521 642 1567 non
663 1506 762 1567 luerit.
794 1522 876 1568 nuuc
898 1513 980 1568 certe
999 1507 1098 1568 caede
1111 1522 1153 1567 eo-

177 1609 261 1666 rum,
289 1591 343 1668 qui
366 1605 535 1666 oppressas
558 1590 702 1652 tenebant
723 1589 913 1670 Syracusas,
941 1608 1010 1653 cum
1033 1593 1153 1668 primum

178 1677 277 1738 nostri
297 1674 412 1735 arbitrii
434 1690 506 1736 esse
528 1674 701 1751 coepimus,
723 1677 877 1752 extemplo
891 1676 1034 1738 venimus
1049 1676 1090 1738 ad
1104 1683 1153 1737 tra-

179 1760 280 1821 denda
301 1775 399 1831 arma,
421 1757 581 1820 dedendos
595 1773 654 1820 uos
669 1759 775 1820 urbem
789 1759 925 1835 moenia,
946 1761 1064 1824 nullam
1076 1776 1153 1821 recu-

180 1845 309 1905 sendum
323 1843 484 1917 lortunam,
500 1857 581 1918 quae
595 1845 655 1904 ium
670 1843 815 1920 imposita
828 1860 846 1906 a
859 1844 951 1906 vobis
965 1845 1070 1907 luerit.
1096 1845 1152 1920 glo·

178 1930 254 1989 riam
276 1933 383 2004 captae
398 1926 607 1988 nobilissimae
627 1926 915 2006 pulcherrimaeque
927 1929 1013 1990 urbis
1031 1930 1152 1990 Graeca-

179 2031 246 2074 rum
263 2013 311 2074 dei
325 2011 379 2073 tibi
394 2011 553 2088 dederunt,
568 2010 723 2072 Marcelle.
753 2012 903 2088 quidquid
918 2030 1069 2090 umquem
1082 2020 1151 2074 terra

178 2099 316 2174 marique
331 2095 560 2157 memorandum
575 2094 739 2172 gessimus,
754 2096 786 2157 id
799 2096 842 2158 tui
854 2097 996 2173 triumphi
1012 2098 1100 2159 titulo
1111 2110 1151 2155 ac-

179 2183 268 2245 cedit.
301 2183 400 2241 lamae
420 2194 459 2240 ne
481 2179 565 2240 credi
584 2180 677 2252 velia,
700 2187 814 2254 quanta
833 2182 907 2243 urbs
923 2188 985 2242 ate
1007 2188 1100 2258 capta
1112 2179 1151 2249 sit,

180 2283 271 2342 quam
292 2264 425 2342 posteris
448 2279 572 2340 quoque
593 2279 661 2324 eam
681 2266 857 2339 spectaculo
881 2281 967 2340 esse,
990 2283 1055 2341 quo
1080 2263 1151 2340 quis-

179 2352 248 2427 quis
264 2356 345 2410 terru
360 2348 492 2424 quisquc
507 2347 582 2408 muri
593 2349 719 2423 venerit,
735 2364 815 2410 nunc
826 2357 933 2412 nostra
943 2350 983 2410 de
994 2349 1151 2411 Athenien·

178 2436 265 2495 sibus
287 2431 649 2508 Carthaginiensibusque
670 2438 813 2508 tropaea,
835 2449 917 2501 nunc
937 2440 989 2495 tua
1009 2433 1052 2495 de
1072 2430 1152 2495 nobis

178 2518 336 2586 ostendat;
358 2516 590 2592 incolumesque
608 2515 782 2594 Syracusas
803 2517 935 2580 familiae
955 2525 1081 2580 vestrae
1102 2514 1151 2576 sub

178 2601 318 2662 clientela
332 2599 463 2661 nominis
473 2599 688 2661 Marcellorum
701 2602 857 2678 tutelaque
868 2601 1028 2663 habendas
1043 2601 1150 2663 badas.

177 2701 216 2744 ne
231 2687 300 2760 plus
316 2683 400 2758 apud
415 2699 472 2744 vos
482 2682 661 2762 Hieronymi
677 2700 768 2759 quam
778 2685 920 2747 Hieronis
934 2685 1083 2748 memoria
1094 2699 1148 2744 mo·

176 2768 270 2829 menti
292 2767 398 2827 faciat:
434 2766 547 2828 diutius
572 2767 623 2828 ille
647 2768 741 2831 multo
767 2770 883 2832 amicus
911 2771 966 2832 luit
982 2785 1085 2846 quum
1108 2767 1151 2826 hic

176 2852 284 2927 hostis,
300 2857 331 2912 et
344 2851 423 2912 illius
438 2851 599 2913 benefacta
609 2851 699 2914 etiam
710 2855 937 2930 praesensistis,
951 2854 1043 2916 huius
1055 2867 1149 2914 amen-

176 2937 218 2997 tia
232 2937 271 2998 ad
286 2935 453 3012 perniciem
467 2943 582 2997 tantum
596 2935 695 3012 ipsius
709 2937 832 3000 valuit“.
853 2937 960 3000 Omnia
971 2943 1002 2998 et
1015 2939 1149 3014 impetro·

175 3022 248 3082 bilia
269 3025 300 3082 et
319 3025 383 3081 tuta
403 3025 491 3080 erant
509 3020 594 3096 apud
606 3021 779 3084 Romanos:
801 3023 878 3084 inter
899 3021 986 3099 ipsos
1001 3024 1071 3098 plus
1086 3018 1149 3080 belli

177 3123 213 3167 ac
233 3104 362 3181 periculi
383 3109 455 3165 crat.
488 3119 620 3181 namque
640 3107 833 3182 transfugae,
854 3107 933 3168 tradi
954 3121 989 3167 se
1008 3102 1148 3167 Romanis

174 3191 245 3265 rati,
266 3189 545 3250 mercennariorum
568 3204 692 3263 quoque
713 3189 838 3251 militum
852 3191 966 3252 auxilia
979 3190 1010 3251 in
1024 3189 1148 3251 eundem

176 3275 353 3350 compulere
373 3280 501 3344 metum,
529 3273 724 3348 arreptisque
744 3275 836 3334 armis
851 3282 1011 3351 praetores
1024 3273 1146 3351 primum

177 3357 372 3428 obtruncant,
394 3355 466 3415 inde
486 3357 526 3416 ad
547 3356 673 3415 caedem
688 3354 957 3434 Syracusanorum
971 3358 1146 3426 discurrunt

178 3451 320 3516 quosque
335 3439 399 3500 lors
414 3439 535 3513 obtulit,
557 3437 625 3498 irati
639 3439 835 3517 interfecere,
852 3447 945 3518 atque
958 3441 1060 3504 omnia
1073 3452 1146 3517 quac

177 3523 207 3581 in
223 3527 365 3598 promrtu
386 3527 473 3582 erant
493 3521 691 3597 diripuerunt.
719 3529 798 3597 tum,
823 3541 862 3584 nc
878 3526 944 3586 sine
959 3523 1089 3587 ducibus
1103 3538 1144 3582 es-
