2448 3900
266 244 382 305 uranu
396 245 487 306 xxx.
511 245 592 306 car.
608 255 672 311 ar.
696 250 776 326 [aa.
793 255 857 322 ros]
984 247 1050 314 aar

64 395 177 472 Scipio
198 397 353 471 neglectas
367 402 400 456 ut
420 395 450 454 ln
471 395 523 456 tali
544 397 672 458 tumultu
692 405 798 474 portas
821 398 952 472 invadit;
974 401 1051 478 igni-

64 481 193 557 busque
213 479 244 538 in
264 479 406 554 proxima
425 485 506 540 tecta
526 481 672 542 coniectis
694 481 794 543 eflusa
814 482 937 544 flamma
953 484 1052 560 primo
1084 475 1087 480 ’

63 565 157 625 velut
170 579 281 640 sparso
298 562 436 639 pluribus
451 565 528 626 locis
542 565 661 638 reluxit
678 565 748 626 dein
764 582 820 641 per
831 568 975 628 continua
986 584 1050 629 ser·
1108 635 1113 644 ⁶

65 663 150 724 pens
161 662 223 709 unc
233 654 361 724 repente
373 647 476 708 omnia
487 647 628 709 incendio
641 647 752 710 hausit.
769 649 899 712 ambusti
911 651 1050 713 hominos

64 733 268 808 iumentaque
288 732 380 792 ioeda
400 733 530 807 primum
551 734 638 808 luga,
665 733 735 793 dein
754 741 858 810 strage
882 733 1051 796 obruebant

64 816 180 877 itinera
200 821 372 892 portarum:
395 833 475 892 quos
495 833 557 877 non
574 825 774 892 oppresserat
787 817 882 894 ignis,
900 820 982 880 terro
999 819 1051 880 aba

65 899 202 974 sumptu
232 899 367 975 binaque
388 907 489 960 castra
510 899 597 960 clade
617 916 678 960 una
697 899 804 962 deleta.
841 903 937 963 duces
951 909 1050 963 tamen

66 985 178 1059 ambo,
204 999 243 1042 ex
262 989 308 1044 tot
327 981 448 1044 milibus
473 990 658 1044 armatorum
678 984 739 1045 duo
764 985 846 1045 milia
866 986 1002 1061 peditum
1022 993 1053 1046 et

66 1067 229 1144 quingenti
246 1067 365 1143 equites
380 1083 555 1143 semermes,
570 1083 680 1142 magna
691 1085 764 1144 pars
777 1069 874 1130 saucii
885 1069 1052 1145 adflatique

65 1153 215 1228 incendio
237 1151 418 1228 effugerunt.
455 1167 547 1212 caesa
567 1158 619 1212 aut
638 1151 748 1213 hausta
768 1151 898 1213 flammis
921 1154 1052 1230 quadra⁴

65 1237 157 1312 ginta
176 1236 258 1296 milia
278 1236 434 1296 hominum
461 1243 546 1309 sunt,
573 1243 663 1310 capta
683 1252 779 1312 supra
798 1237 934 1313 quinque
954 1238 1052 1297 milia:

67 1321 158 1382 multi
170 1319 461 1395 carthaginiensium
473 1318 602 1395 nobiles,
618 1319 761 1380 undecim
772 1327 950 1391 senatores3
966 1321 1052 1396 signa

69 1404 213 1465 militaria
239 1411 360 1465 centum
390 1403 583 1479 septuaginta
612 1409 768 1479 quattuor,
803 1405 876 1480 equi
903 1403 1053 1465 Numidici

69 1505 170 1563 supra
193 1489 255 1549 duo
276 1487 358 1548 milia
378 1487 576 1563 septingenti;
611 1487 764 1564 elephanti
785 1503 842 1548 sex
863 1487 958 1566 capti,
984 1497 1052 1548 octo

69 1574 155 1636 icrro
176 1571 362 1648 flammaque
382 1571 554 1648 absumpti;
574 1587 686 1647 magna
705 1572 753 1632 vis
775 1587 928 1634 armorum
948 1578 1053 1648 captas

70 1673 112 1718 ea
127 1656 229 1718 omnia
242 1657 408 1733 imperator
421 1655 561 1717 Vulcano
576 1662 696 1716 sacrata
711 1655 853 1718 incendit.

158 1742 225 1801 Vll.
245 1741 419 1801 Hasdrubal
435 1757 474 1800 ex
491 1741 563 1816 luga
580 1756 649 1800 cum
663 1741 771 1816 paucis
786 1741 931 1802 Afrorum
947 1740 1054 1802 urbem

71 1825 245 1902 proximam
259 1825 394 1900 petierat,
410 1839 512 1900 coque
527 1839 634 1886 omnes
650 1824 703 1899 qui
718 1831 907 1901 supererant
924 1824 1055 1898 vestigia

71 1904 165 1970 ducis
180 1919 362 1986 sequentes
384 1923 419 1968 sc
435 1909 641 1970 contulerant:
663 1914 743 1968 metu
759 1908 886 1982 deinde,
907 1922 947 1967 ne
961 1907 1054 1968 dedc-

71 1999 158 2054 retur
166 1992 311 2070 Scipioni,
319 1992 395 2054 urbe
406 1993 550 2053 excessit.
565 2008 638 2053 mox
650 1992 760 2052 eodem
771 1991 944 2067 patentibus
957 1990 1053 2067 portis

73 2078 205 2140 Romani
225 2077 359 2154 accepti;
390 2091 448 2136 nec
469 2076 633 2152 quicquam
653 2075 780 2150 hostile,
807 2075 880 2152 quia
899 2075 1056 2136 voluntate

75 2170 298 2224 concesserant
317 2163 347 2221 in
369 2161 535 2236 dicionem,
556 2161 678 2220 lactum.
715 2160 795 2220 duae
816 2158 948 2220 subinde
961 2157 1055 2218 urbes

74 2253 187 2322 captae
201 2246 415 2322 direptaeque=
436 2260 473 2304 ea
487 2243 604 2319 pracda
618 2250 649 2304 et
658 2259 738 2320 quae
750 2242 858 2304 castris
870 2241 1005 2303 incensis
1018 2257 1057 2301 cx

75 2343 149 2407 igne
169 2337 259 2406 rapta
272 2336 339 2390 erat
351 2329 437 2390 militi
453 2343 604 2389 concessa
619 2335 675 2389 cst.
714 2326 842 2406 Syphax
858 2333 928 2388 octo
943 2325 1056 2386 milium

75 2417 174 2475 lerme
191 2415 263 2475 inde
284 2413 384 2490 spatio
406 2414 476 2476 loco
498 2411 682 2474 communito
704 2409 860 2481 consedit;
883 2408 1056 2471 Hasdrubal

75 2499 290 2574 Carthaginem
314 2497 485 2572 contendit,
512 2513 551 2556 ne
572 2495 646 2572 quid
666 2511 722 2572 per
746 2501 860 2556 metum
885 2509 923 2554 ex
943 2493 1058 2554 recenti

75 2583 167 2644 clade
187 2576 308 2645 mollius
330 2584 550 2644 consuleretur.
588 2595 649 2656 quo
671 2579 885 2655 tantusprimo
900 2583 1060 2640 terrorest

75 2669 214 2743 adlatus,
229 2673 263 2728 ut
277 2667 393 2728 omissa
405 2667 493 2728 Utica
506 2664 717 2740 carthaginem
732 2664 892 2724 crederent
905 2660 1058 2737 extemplo

76 2751 255 2827 Scipionem
272 2752 482 2813 obsessurum.
515 2755 654 2810 senatum
669 2751 772 2824 itaque
786 2755 820 2808 ut
834 2748 959 2820 sufetes,
976 2745 1060 2823 quod

75 2836 164 2897 velut
177 2837 340 2898 consulare
357 2834 516 2912 imperium
531 2834 613 2910 apud
629 2849 684 2894 eos
699 2840 778 2907 crat,
799 2836 1003 2906 vocaverunt,
1018 2828 1061 2890 ibi

75 2919 177 2981 tribus
199 2921 286 2983 dictis
304 2923 454 2982 sarbutiis
473 2935 536 2980 una
549 2919 588 2978 de
602 2934 681 2995 pace
695 2919 813 2992 legatos
830 2917 869 2977 ad
884 2913 1060 2990 Scipionem

78 3005 280 3080 deccmcbat‚
303 3005 397 3065 altera
416 3001 616 3064 Hannibalem
638 3001 678 3062 ad
698 3002 843 3063 tuendam
863 2999 901 3059 ab
917 2995 1060 3058 exitiabili

77 3090 162 3150 bello
177 3087 307 3164 patriam
317 3085 491 3163 revocabat,
505 3086 593 3148 tertia
603 3087 761 3148 Romanae
775 3085 805 3144 in
817 3083 957 3144 adversis
968 3079 1060 3140 rebus

79 3174 272 3234 constantiae
297 3179 376 3233 erat:
407 3171 615 3247 reparandum
636 3169 802 3231 exercitum
825 3165 1063 3245 Syphacemque

80 3257 275 3330 hortandum,
291 3273 330 3317 ne
344 3256 426 3317 bello
442 3255 612 3330 absisteret,
627 3253 782 3315 censebat.
810 3250 888 3310 haec
904 3245 1063 3320 sententia,

83 3341 157 3418 quia
176 3340 351 3403 Hasdrubal
377 3353 526 3415 praesens
551 3337 764 3412 Barcinaeque
789 3347 896 3394 omnes
922 3329 1063 3393 factionis

81 3425 196 3486 bellum
216 3423 384 3499 malebant,
405 3423 506 3485 vincit.
541 3422 613 3483 inde
633 3421 762 3480 dilectus
783 3419 814 3478 in
829 3417 906 3478 urbe
920 3415 1064 3490 agrisque

84 3507 190 3570 haberi
206 3515 344 3586 coeptus.
360 3506 444 3569 etad
459 3506 634 3586 Syphacem
649 3503 740 3579 legati
754 3501 849 3576 missi,
870 3514 989 3560 summa
1004 3511 1065 3572 opc
