2428 3892
234 237 351 298 LIBER
363 237 457 298 llxv.
478 238 561 300 CAP.
576 245 620 302 ae.
644 245 681 313 [ι.
694 244 725 298 c.
741 245 805 312 rra]
973 233 1015 300 tu

39 389 199 464 transfugas
220 387 503 468 Syracusanos-
524 397 610 450 eraut
630 397 731 452 nutem
752 391 835 468 apud
855 391 1012 454 Romanos

39 473 121 549 aliqui
135 472 319 535 nobilissimi
335 473 391 535 viri
405 474 483 535 inter
497 474 701 536 deiectionem
717 474 756 535 ab
767 475 925 552 Romanis,
941 480 1014 552 quia

36 557 70 618 ab
88 560 174 619 novis
196 557 338 620 consiliis
359 557 580 631 abhorrebant,
602 559 685 635 pulsi
699 590 743 606 --
758 560 922 636 colloquiis
936 577 1013 622 sune

35 641 122 718 partis
135 647 288 718 temptare
302 642 459 704 hominum
478 643 599 704 animos
614 643 704 706 iussit
718 651 750 704 et
763 643 857 704 iidem
871 645 962 720 darc,
985 645 1011 706 si

33 726 152 787 traditae
176 728 281 788 tonent
301 725 494 804 Syracusae,
526 727 641 788 liberos
666 744 723 790 eos
744 741 781 790 ae
802 728 868 790 suis
890 729 1012 806 legibus

34 810 158 871 victuros
179 827 264 872 esse.
298 827 361 873 non
382 819 448 873 erat
467 811 614 888 colloquii
629 812 734 888 eopia,
757 812 830 888 quin
849 813 1011 876 multorum

33 894 115 954 animi
126 897 265 972 suspecti
282 897 417 958 omnium
428 911 532 958 curem
548 897 720 971 oculosque
735 903 956 970 converterant,
973 913 1012 958 ne

36 979 102 1054 quid
119 980 239 1042 tolleret
260 981 322 1044 tate
342 980 523 1042 admissum.
556 996 667 1042 servus
689 996 768 1042 unus
789 982 931 1042 exsulum
953 998 1011 1057 pro

36 1063 179 1140 nansluga
199 1065 401 1128 intromissus
421 1065 452 1125 in
474 1066 582 1126 urbem
597 1066 757 1126 conventis
772 1064 880 1141 paucis
894 1065 1011 1127 initimu

35 1149 219 1224 colloquendi
235 1150 345 1210 detali
359 1165 394 1210 re
408 1150 490 1213 iecib
523 1150 594 1210 dein
610 1149 777 1226 piscatoria
791 1149 914 1225 quidam
930 1166 1011 1210 nave

36 1231 134 1294 retibus
148 1235 252 1311 operti
269 1234 527 1310 circumvectique
541 1233 582 1294 itu
596 1234 638 1295 ad
651 1241 753 1294 costra
762 1233 902 1294 Romana
915 1234 1009 1294 eollo·

41 1317 145 1392 suoque
159 1333 231 1382 cum
247 1319 432 1394 transfugis,
455 1325 486 1380 ct
498 1317 590 1379 iidem
606 1317 732 1393 saepius
748 1317 858 1378 eodem
872 1317 965 1378 modo
981 1324 1009 1379 et

40 1399 82 1460 alii
98 1407 184 1478 utque
204 1404 272 1466 alii.
303 1409 461 1481 postremo
476 1403 517 1462 ad
539 1402 695 1478 octoginta
708 1401 789 1462 iacti.
822 1409 852 1462 et
866 1416 935 1462 oum
949 1401 1009 1462 iam

41 1486 194 1561 composita
208 1487 316 1550 omnia
330 1488 370 1550 ad
382 1487 586 1563 proditionem
601 1494 715 1559 essent,
731 1484 845 1546 indicio
857 1485 958 1546 delato
970 1485 1010 1546 ad

38 1566 180 1648 Epicyden
192 1573 394 1648 perAttnlum
410 1573 564 1646 quendam
578 1570 785 1646 indignantem
797 1569 856 1630 sibi
870 1585 933 1630 rem
945 1585 1009 1630 cre·

40 1650 120 1714 ditum
131 1672 193 1718 uon
209 1673 295 1732 esse,
310 1656 410 1717 necati
424 1672 533 1717 omnes
546 1655 681 1716 cruciatu
697 1662 776 1716 suut
803 1653 864 1714 elia
878 1653 1010 1716 subinde

38 1750 109 1810 spes,
128 1748 298 1818 postquam
313 1741 390 1801 lraec
403 1756 484 1800 vana
498 1747 654 1810 evaserat,
678 1739 808 1815 excepit.
840 1738 1009 1814 Damippus

40 1821 147 1893 quidam
160 1824 446 1898 Lacedaemonius,
466 1823 581 1885 missus
602 1822 640 1883 ab
656 1821 822 1900 Syracusis
844 1821 885 1882 od
897 1821 1009 1896 Philip-

40 1919 99 1976 pum
111 1922 229 1984 regem,
253 1915 364 1984 eaptus
378 1907 417 1969 ab
431 1907 579 1970 Romanis
595 1907 724 1968 navibus
744 1913 818 1968 erut.
847 1895 938 1966 hubis
954 1906 1009 1964 uti-

40 2003 89 2060 que
105 1992 276 2054 redimendi
291 2000 322 2053 et
333 1992 495 2069 Epicydae
516 2007 588 2052 cura
602 1998 667 2052 erut
686 1992 810 2066 ingens,
833 2004 891 2050 nec
904 1988 1010 2049 abnuit

40 2068 194 2152 Mancellus,
216 2078 279 2137 iam
294 2083 357 2138 tum
371 2077 561 2151 Aetolorum,
584 2074 695 2153 quibus
710 2074 787 2136 socii
802 2072 1008 2132 Lacedaemo-

42 2155 73 2214 nii
83 2167 170 2236 erant,
181 2161 348 2222 amicitiam
359 2159 748 2222 adfectantibusllomanis.
771 2158 811 2219 ad
822 2156 1008 2231 colloquium

44 2238 74 2298 do
90 2243 300 2322 redemptione
322 2245 389 2308 eius
404 2244 509 2306 missis
524 2242 643 2304 medius
659 2243 790 2302 maxime
811 2245 905 2316 atque
919 2240 1003 2299 utris-

43 2339 90 2396 llle
103 2337 294 2406 opportunus
310 2330 398 2391 locus
413 2330 454 2389 ad
469 2335 588 2404 portum
602 2326 792 2401 Trogilorum
807 2331 934 2399 propter
947 2329 1007 2382 tur-

42 2406 94 2484 rim,
108 2429 196 2488 quam
209 2420 327 2476 vocent
340 2415 530 2488 Galeagram,
545 2418 593 2472 est
606 2410 702 2471 visus.
723 2426 785 2484 quo
801 2425 869 2469 curn
884 2407 1008 2482 saepius

45 2504 240 2573 contemnent,
255 2515 336 2560 unus
352 2514 390 2558 ex
397 2496 545 2558 Romanis
560 2511 600 2556 ex
616 2495 790 2570 propinquo
805 2508 922 2553 murum
937 2506 1007 2552 eon·

43 2579 186 2659 reptans,
202 2582 394 2644 numerando
405 2581 527 2656 lapides
542 2577 797 2653 aestimandoque
810 2578 880 2660 ipse
893 2591 1008 2648 secum,

46 2660 104 2732 quid
117 2664 146 2724 in
158 2667 259 2729 fronte
268 2673 411 2743 paterent
424 2663 545 2740 singuli,
561 2661 747 2722 altitudinem
761 2660 848 2735 muri,
864 2666 1008 2736 quantum

46 2747 166 2814 Proxime
186 2751 364 2815 coniectura
383 2755 518 2826 poterat,
540 2760 737 2822 permensus,
759 2743 1010 2819 humilioremque

48 2825 182 2904 eliquanto
197 2835 329 2914 pristina
351 2832 497 2910 opinione
512 2847 568 2892 suu
583 2837 614 2892 et
628 2836 797 2891 eeteronum
815 2829 947 2889 omnium
963 2843 1008 2885 ro-

49 2913 84 2970 lus
104 2930 170 2979 esse
190 2931 221 2983 et
235 2921 286 2980 vel
300 2916 509 2980 mediocribus
525 2914 618 2980 seclis
633 2911 854 2988 superabilem,
876 2912 915 2970 nd
930 2910 1008 2970 Mor-

49 2995 138 3061 oeilum
150 3020 213 3066 rem
231 3005 339 3068 desert.
369 3003 452 3064 lraud
468 3000 643 3076 spernenda
657 2997 735 3056 visa.
767 2996 825 3056 sed
845 3011 913 3056 cum
933 2990 1007 3052 adiri

50 3075 128 3160 ¹⁰luS,
142 3089 213 3163 quia
228 3089 268 3149 ob
283 3088 316 3148 id
330 3088 433 3163 ipsum
448 3083 590 3146 intentius
606 3079 843 3153 custodiebatur,
860 3095 920 3140 non
936 3091 1007 3171 pos·

51 3170 93 3238 sei
107 3174 224 3240 occasio
238 3171 460 3250 quaerebatur3
477 3185 568 3243 quam
584 3165 691 3227 obtulit
701 3163 856 3236 transfuga
868 3165 1008 3255 munitatis

54 3244 116 3311 diem
136 3255 243 3322 iestmn
257 3256 376 3319 Dianae
397 3271 453 3330 per
472 3253 604 3314 triduum
619 3250 684 3326 agi,
704 3255 734 3309 ct
749 3246 822 3322 quia
836 3245 895 3304 alia
909 3258 939 3338 m
955 3238 1008 3300 ob-

54 3330 153 3400 sidione
163 3343 273 3420 desint,
290 3342 363 3402 vino
373 3338 490 3413 largius
505 3337 613 3412 epulas
625 3332 773 3394 celebrari
784 3335 814 3425 et
824 3322 1008 3422 abllprcyde

57 3419 169 3486 lreebito
190 3427 355 3489 universae
375 3422 476 3499 plebei
496 3427 527 3481 ct
541 3435 597 3495 per
610 3417 739 3479 tribusa
760 3407 948 3488 prlnctptbus
964 3403 1008 3464 dt·

58 3497 118 3564 viso,
146 3509 175 3571 id
193 3513 246 3573 ubl
268 3510 389 3586 accepit
402 3506 581 3581 Marcellus,
605 3516 673 3564 cunr
693 3496 801 3576 paucis
821 3492 1006 3554 tribunorum
