2448 3900
200 223 264 290 ιιι
361 222 592 286 hlBERxxlx.
615 221 1027 298 cAP.1ara[·...ueace]

200 395 332 460 paccmq
312 393 381 457 que,
397 378 424 440 si
438 383 556 454 posset,
567 374 759 438 turbandam
778 373 939 450 Philippus
951 389 1050 449 agras
1062 373 1188 450 Apollo

199 465 325 527 niallam
343 462 491 535 vastavit,
514 468 545 523 et
559 460 599 521 ad
615 459 723 521 urbem
738 457 869 520 admotis
885 457 984 534 copiis
999 464 1189 534 potestatem

199 564 323 629 pugnae
344 549 482 609 Ranrano
504 543 592 616 iecit·
624 559 715 619 quem
735 549 900 642 postquam
923 543 1066 618 quietum
1087 559 1189 605 murras

199 632 409 696 tantummodo
423 629 501 693 tueri
515 629 600 704 vidit,
615 644 673 690 nec
687 627 763 690 satis
778 627 879 690 fidens
889 626 1021 702 viribus,
1039 633 1076 688 ut
1086 628 1189 688 urbem

200 722 409 795 oppugnaret,
430 723 460 777 et
475 731 547 776 cum
558 714 706 776 Romanis
722 727 858 790 quoque,
875 711 957 773 sicut
970 727 1046 772 cum
1060 711 1188 786 Aetolis,

95 831 103 848 ·
199 802 328 878 cupiens
344 816 461 876 pacem,
477 799 505 861 si
519 805 644 875 posset,
660 797 819 872 siminus,
834 796 968 858 indutias
984 797 1109 872 lacere,
1124 797 1188 857 nihil

199 887 278 948 altra
299 885 422 946 irritatis
443 899 526 946 nova
544 883 709 945 certamine
723 881 803 943 odiis
819 883 849 942 in
864 896 992 957 regnum
1009 897 1050 942 sc
1063 881 1188 957 recepit

200 986 256 1047 par
278 969 360 1030 idem
384 977 506 1046 tempus
528 968 630 1030 tacdio
652 966 760 1028 diutini
780 965 852 1027 belli
872 966 1022 1041 Epirotae
1044 971 1188 1042 temptata

199 1055 284 1132 prius
300 1054 508 1116 Romanorum
523 1054 679 1114 voluntate
693 1052 811 1127 legatos
827 1051 867 1111 de
880 1065 960 1126 pace
974 1051 1142 1111 communi
1154 1052 1186 1110 ιι

198 1139 371 1215 Philippum
391 1139 519 1212 misera,
541 1137 618 1198 satis
639 1135 797 1198 confidere
808 1142 1033 1197 conventuram
1047 1151 1124 1196 eam
1141 1135 1186 1195 ad-

199 1224 364 1298 firmantes,
380 1223 407 1284 si
422 1222 462 1283 ad
477 1221 663 1298 colloquium
676 1237 744 1282 curn
755 1219 787 1279 Ρ.
800 1219 984 1297 Sempronio
997 1219 1186 1296 imperatore

198 1309 338 1370 Romana
361 1309 507 1369 venisset.
545 1307 635 1368 lacile
663 1307 1025 1381 impetratum-neque
1046 1305 1134 1365 enim
1154 1319 1185 1363 ne

198 1392 297 1470 ipsius
318 1391 444 1470 quidem
462 1390 544 1468 regis
567 1390 753 1452 abhorrebat
772 1389 891 1451 animus
906 1423 940 1434 -—
956 1397 990 1450 ut
1011 1388 1043 1449 in
1060 1389 1186 1464 Epirum

198 1476 350 1538 transiret
384 1475 538 1537 Phoenice
559 1475 634 1536 urbs
655 1481 704 1536 est
716 1474 817 1550 Epiri=
838 1474 880 1534 ibi
900 1472 987 1550 prius
1013 1474 1185 1534 collocutus

198 1575 254 1621 rex
269 1576 338 1622 cum
352 1563 478 1637 Aeropa
494 1564 524 1620 et
536 1559 640 1620 Darda
654 1565 685 1620 et
697 1558 839 1635 Philippo
850 1558 1047 1634 Epirotarum
1065 1565 1185 1634 praeta·
1215 1625 1216 1640 ¹

197 1643 283 1704 ribus
285 1650 419 1722 ,postea
433 1642 549 1704 cumP.
565 1643 749 1720 Sempronia
765 1642 971 1718 congreditur.
1008 1641 1115 1703 adluit
1127 1643 1184 1704 col-

198 1727 304 1804 loquio
322 1727 525 1806 Amynander
544 1727 749 1789 Athamanum
772 1743 829 1788 rex
853 1734 884 1788 et
907 1727 1115 1802 magistratus
1140 1725 1216 1794 alii
1215 1727 1216 1740 ¹

197 1810 391 1887 Epirotarum
418 1819 449 1874 et
475 1815 681 1874 Acarnanum.
724 1811 840 1888 primus
867 1810 1030 1886 Philippus
1062 1818 1185 1888 praetor
1215 1799 1216 1856 l

198 1895 294 1956 verba
308 1895 380 1957 iecit
393 1903 425 1958 ct
438 1897 513 1972 petit
527 1896 617 1958 simul
631 1896 670 1956 ah
684 1911 759 1971 rego
773 1902 804 1956 et
818 1895 857 1956 ab
872 1895 1059 1971 imperatore
1074 1897 1182 1958 Roma·

198 1997 249 2056 ao,
263 1987 297 2042 ιιι
310 1980 403 2042 finem
413 1980 486 2041 belli
497 1980 633 2041 iacerent
644 1980 814 2057 darentque
825 1995 893 2040 eam
902 1978 1038 2055 Epirotis
1051 1979 1183 2040 veniam.
1215 2051 1216 2056 ἵ

197 2065 230 2124 Ρ.
246 2063 448 2142 Sempronius
464 2064 664 2127 condiciones
680 2065 767 2142 pacis
782 2065 868 2138 dixit,
889 2070 923 2125 ut
935 2062 1076 2124 Parthini
1091 2071 1124 2126 et
1138 2064 1184 2125 lli·
1215 2059 1216 2124 l

199 2149 324 2210 mallum
349 2155 381 2211 et
394 2150 577 2248 Bargullum
596 2157 627 2212 et
645 2149 818 2226 Eugenium
837 2149 1048 2209 Romanarum
1071 2157 1216 2224 essent

197 2232 360 2308 Atintania,
376 2233 403 2294 si
417 2250 522 2296 nussrs
529 2235 659 2296 Romam
672 2234 781 2310 legatis
796 2233 836 2294 ab
850 2239 961 2294 senatu
973 2231 1185 2308 impetrasset,
1215 2247 1216 2316 l

197 2325 231 2380 at
244 2317 445 2380 Macedoniae
469 2319 640 2380 accederet.
677 2319 707 2378 in
729 2333 783 2378 eas
805 2317 1006 2378 condiciones
1027 2333 1104 2378 cum
1126 2334 1183 2394 pax
1215 2321 1216 2402 l

198 2402 390 2477 conveniret,
413 2403 451 2463 ab
472 2417 546 2478 rege
566 2402 684 2465 loederi
705 2402 852 2478 adscripti
872 2400 998 2462 Prusias
1019 2401 1216 2482 Bithyniae

196 2501 268 2562 rex,
283 2486 400 2548 Achaei
413 2487 533 2549 Boeotii
551 2487 685 2548 Thessali
697 2487 874 2548 deamones
889 2485 1053 2562 Epirotae,
1071 2487 1113 2548 ah
1128 2488 1184 2548 Ro·

197 2571 295 2632 manis
309 2572 454 2646 ilienses,
468 2573 589 2632 Attalus
603 2587 669 2645 rex,
683 2570 851 2646 Pleuratus,
865 2569 960 2630 Nabis
973 2569 1183 2632 Lacedaemo·

197 2654 318 2714 nicrum
332 2661 493 2732 tyrannus,
507 2654 582 2731 Elei,
597 2655 754 2732 Messenii,
768 2654 985 2716 Athenienses.
1015 2654 1101 2716 haec
1115 2672 1181 2716 con·

197 2737 313 2812 scripta
332 2738 576 2815 consignataque
597 2748 683 2816 sunt,
706 2748 736 2801 et
754 2740 786 2800 in
808 2740 888 2800 duos
906 2754 1033 2800 menses
1047 2739 1181 2800 indutiae

197 2823 312 2896 iactae,
336 2821 437 2883 donec
456 2824 586 2884 Romam
606 2826 796 2886 mitterentur
816 2824 924 2900 legati,
945 2830 977 2885 ut
996 2827 1141 2900 populus
1154 2824 1177 2883 in

197 2905 254 2966 has
270 2906 470 2968 condiciones
486 2923 595 2984 pacem
608 2909 735 2972 iuberet.
770 2909 991 2985 iusseruntque
1006 2924 1122 2970 omnes
1135 2909 1176 2970 hi-

196 2991 265 3066 bus,
281 2991 354 3066 qaia
366 3006 459 3052 versa
475 2992 506 3052 in
516 2993 652 3054 Africam
664 2995 745 3054 bello
758 2992 899 3054 omnibus
912 2992 980 3054 aliis
990 2993 1023 3054 in
1035 3009 1176 3070 praescn-

197 3074 238 3136 tia
258 3076 354 3138 levari
373 3076 520 3138 volebant
539 3076 638 3138 bellis.
668 3077 701 3136 Ρ.
720 3077 920 3154 Sempronius
940 3091 1022 3152 pace
1043 3079 1130 3140 iacta
1143 3077 1175 3137 ad

197 3161 392 3221 consulatum
404 3161 533 3222 Romam
550 3160 694 3222 decessit.

280 3244 358 3303 XllI.
381 3242 413 3302 Ρ.
430 3243 614 3319 Sempronio
629 3245 670 3304 Μ.
686 3245 827 3306 Cornelio
846 3245 1084 3344 consplibus—
1097 3247 1174 3323 quain

196 3330 247 3384 tus
261 3325 422 3386 decimus
414 3343 441 3386 rs
456 3343 569 3386 annus
563 3327 641 3388 belli
654 3329 760 3388 Punici
775 3334 894 3389 erat-
850 3329 1097 3406 -prnvinciaa
1111 3331 1174 3392 Cor·

198 3404 279 3464 nelio
293 3407 415 3468 Etruria
429 3425 499 3470 cum
513 3417 617 3470 vetere
632 3412 783 3486 exercitu,
805 3412 988 3488 Sempronio
1002 3414 1130 3488 Bruttii,
1150 3419 1175 3473 ut

199 3500 296 3548 novas
311 3491 460 3551 scriberet
469 3493 617 3567 legiones
630 3494 781 3555 decretae.
803 3496 1052 3578 praetoribpshl.
1065 3497 1173 3558 Marcio
