<?xml version="1.0" encoding="UTF-8"?>
<!DOCTYPE html PUBLIC "-//W3C//DTD XHTML 1.0 Transitional//EN"
    "http://www.w3.org/TR/xhtml1/DTD/xhtml1-transitional.dtd">
<html xmlns="http://www.w3.org/1999/xhtml" xml:lang="en" lang="en">
 <head>
  <title>
</title>
<meta http-equiv="Content-Type" content="text/html;charset=utf-8" />
  <meta name='ocr-system' content='tesseract 3.04.00' />
  <meta name='ocr-capabilities' content='ocr_page ocr_carea ocr_par ocr_line ocrx_word'/>
</head>
<body>
  <div class='ocr_page' id='page_1' title='image "./titiliviaburbec09livygoog_0329.png"; bbox 0 0 2448 3900; ppageno 0'>
   <div class='ocr_carea' id='block_1_1' title="bbox 177 241 1000 321">
    <p class='ocr_par' dir='ltr' id='par_1_1' title="bbox 177 241 1000 321">
     <span class='ocr_line' id='line_1_1' title="bbox 177 241 1000 321; baseline -0.002 -13"><span class='ocrx_word' id='word_1_1' title='bbox 177 243 241 308; x_wconf 78' lang='lat' dir='ltr'><strong>sot</strong></span> <span class='ocrx_word' id='word_1_2' title='bbox 331 243 564 308; x_wconf 77' lang='lat' dir='ltr'><strong>ausuram.</strong></span> <span class='ocrx_word' id='word_1_3' title='bbox 587 241 781 305; x_wconf 73' lang='lat' dir='ltr'><strong>charnas</strong></span> <span class='ocrx_word' id='word_1_4' title='bbox 803 241 1000 321; x_wconf 51' lang='lat' dir='ltr'><strong>[anasse]</strong></span> 
     </span>
    </p>
   </div>
   <div class='ocr_carea' id='block_1_2' title="bbox 155 391 1214 3417">
    <p class='ocr_par' dir='ltr' id='par_1_2' title="bbox 173 391 1214 1985">
     <span class='ocr_line' id='line_1_2' title="bbox 177 391 1162 460; baseline -0.004 0"><span class='ocrx_word' id='word_1_5' title='bbox 177 397 375 460; x_wconf 79' lang='lat' dir='ltr'><strong>Locrensium</strong></span> <span class='ocrx_word' id='word_1_6' title='bbox 402 396 490 457; x_wconf 86' lang='lat' dir='ltr'><strong>clade</strong></span> <span class='ocrx_word' id='word_1_7' title='bbox 518 395 637 457; x_wconf 89' lang='lat' dir='ltr'><strong>animos</strong></span> <span class='ocrx_word' id='word_1_8' title='bbox 663 393 779 456; x_wconf 91' lang='lat' dir='ltr'><strong>nullum</strong></span> <span class='ocrx_word' id='word_1_9' title='bbox 803 391 1037 454; x_wconf 76' lang='lat' dir='ltr'><strong>misericordiae</strong></span> <span class='ocrx_word' id='word_1_10' title='bbox 1060 393 1162 456; x_wconf 84' lang='lat' dir='ltr'><strong>locun</strong></span> 
     </span>
     <span class='ocr_line' id='line_1_3' title="bbox 175 476 1161 557; baseline -0.006 -13"><span class='ocrx_word' id='word_1_11' title='bbox 175 483 356 544; x_wconf 89' lang='lat' dir='ltr'><strong>habuerunt.</strong></span> <span class='ocrx_word' id='word_1_12' title='bbox 379 485 491 557; x_wconf 89' lang='lat' dir='ltr'><strong>postea</strong></span> <span class='ocrx_word' id='word_1_13' title='bbox 504 495 572 541; x_wconf 91' lang='lat' dir='ltr'><strong>cum</strong></span> <span class='ocrx_word' id='word_1_14' title='bbox 588 479 714 554; x_wconf 88' lang='lat' dir='ltr'><strong>saepias</strong></span> <span class='ocrx_word' id='word_1_15' title='bbox 729 479 981 554; x_wconf 80' lang='lat' dir='ltr'><strong>producerentur,</strong></span> <span class='ocrx_word' id='word_1_16' title='bbox 998 476 1062 538; x_wconf 86' lang='lat' dir='ltr'><strong>iam</strong></span> <span class='ocrx_word' id='word_1_17' title='bbox 1074 493 1161 538; x_wconf 81' lang='lat' dir='ltr'><strong>sene</strong></span> 
     </span>
     <span class='ocr_line' id='line_1_4' title="bbox 175 561 1161 637; baseline -0.006 -9"><span class='ocrx_word' id='word_1_18' title='bbox 175 573 281 628; x_wconf 86' lang='lat' dir='ltr'><strong>scente</strong></span> <span class='ocrx_word' id='word_1_19' title='bbox 301 564 417 626; x_wconf 86' lang='lat' dir='ltr'><strong>invidia</strong></span> <span class='ocrx_word' id='word_1_20' title='bbox 436 564 651 626; x_wconf 82' lang='lat' dir='ltr'><strong>molliebantur</strong></span> <span class='ocrx_word' id='word_1_21' title='bbox 668 563 749 637; x_wconf 87' lang='lat' dir='ltr'><strong>irae,</strong></span> <span class='ocrx_word' id='word_1_22' title='bbox 771 568 801 622; x_wconf 92' lang='lat' dir='ltr'><strong>et</strong></span> <span class='ocrx_word' id='word_1_23' title='bbox 815 562 885 637; x_wconf 90' lang='lat' dir='ltr'><strong>ipsa</strong></span> <span class='ocrx_word' id='word_1_24' title='bbox 899 561 1085 623; x_wconf 81' lang='lat' dir='ltr'><strong>deformitas</strong></span> <span class='ocrx_word' id='word_1_25' title='bbox 1101 561 1161 622; x_wconf 80' lang='lat' dir='ltr'><strong>Ple</strong></span> 
     </span>
     <span class='ocr_line' id='line_1_5' title="bbox 175 645 1163 724; baseline -0.005 -14"><span class='ocrx_word' id='word_1_26' title='bbox 175 650 258 710; x_wconf 89' lang='lat' dir='ltr'><strong>minii</strong></span> <span class='ocrx_word' id='word_1_27' title='bbox 272 648 482 724; x_wconf 84' lang='lat' dir='ltr'><strong>memoriaque</strong></span> <span class='ocrx_word' id='word_1_28' title='bbox 502 648 639 709; x_wconf 89' lang='lat' dir='ltr'><strong>absentis</strong></span> <span class='ocrx_word' id='word_1_29' title='bbox 655 645 810 723; x_wconf 88' lang='lat' dir='ltr'><strong>Scipionis</strong></span> <span class='ocrx_word' id='word_1_30' title='bbox 827 646 965 707; x_wconf 86' lang='lat' dir='ltr'><strong>lavarem</strong></span> <span class='ocrx_word' id='word_1_31' title='bbox 978 645 1023 706; x_wconf 84' lang='lat' dir='ltr'><strong>ad</strong></span> <span class='ocrx_word' id='word_1_32' title='bbox 1037 647 1163 722; x_wconf 78' lang='lat' dir='ltr'><strong>varlgum</strong></span> 
     </span>
     <span class='ocr_line' id='line_1_6' title="bbox 176 729 1162 808; baseline -0.006 -12"><span class='ocrx_word' id='word_1_33' title='bbox 176 733 367 796; x_wconf 77' lang='lat' dir='ltr'><strong>conciliabat.</strong></span> <span class='ocrx_word' id='word_1_34' title='bbox 394 737 532 794; x_wconf 90' lang='lat' dir='ltr'><strong>mortuus</strong></span> <span class='ocrx_word' id='word_1_35' title='bbox 546 739 647 793; x_wconf 90' lang='lat' dir='ltr'><strong>tamen</strong></span> <span class='ocrx_word' id='word_1_36' title='bbox 662 731 749 808; x_wconf 89' lang='lat' dir='ltr'><strong>prius</strong></span> <span class='ocrx_word' id='word_1_37' title='bbox 763 731 793 790; x_wconf 93' lang='lat' dir='ltr'><strong>in</strong></span> <span class='ocrx_word' id='word_1_38' title='bbox 809 729 917 790; x_wconf 88' lang='lat' dir='ltr'><strong>vinclis</strong></span> <span class='ocrx_word' id='word_1_39' title='bbox 933 738 990 805; x_wconf 90' lang='lat' dir='ltr'><strong>est,</strong></span> <span class='ocrx_word' id='word_1_40' title='bbox 1008 746 1109 806; x_wconf 90' lang='lat' dir='ltr'><strong>quam</strong></span> <span class='ocrx_word' id='word_1_41' title='bbox 1122 731 1162 790; x_wconf 91' lang='lat' dir='ltr'><strong>iu·</strong></span> 
     </span>
     <span class='ocr_line' id='line_1_7' title="bbox 175 813 1162 893; baseline -0.004 -15"><span class='ocrx_word' id='word_1_42' title='bbox 175 818 288 878; x_wconf 88' lang='lat' dir='ltr'><strong>dicium</strong></span> <span class='ocrx_word' id='word_1_43' title='bbox 309 817 348 877; x_wconf 90' lang='lat' dir='ltr'><strong>de</strong></span> <span class='ocrx_word' id='word_1_44' title='bbox 363 831 401 878; x_wconf 90' lang='lat' dir='ltr'><strong>eo</strong></span> <span class='ocrx_word' id='word_1_45' title='bbox 422 816 530 893; x_wconf 90' lang='lat' dir='ltr'><strong>populi</strong></span> <span class='ocrx_word' id='word_1_46' title='bbox 551 817 761 892; x_wconf 85' lang='lat' dir='ltr'><strong>perficeretur.</strong></span> <span class='ocrx_word' id='word_1_47' title='bbox 798 813 880 874; x_wconf 92' lang='lat' dir='ltr'><strong>hunc</strong></span> <span class='ocrx_word' id='word_1_48' title='bbox 894 813 1082 874; x_wconf 88' lang='lat' dir='ltr'><strong>Pleminium</strong></span> <span class='ocrx_word' id='word_1_49' title='bbox 1099 813 1162 874; x_wconf 85' lang='lat' dir='ltr'><strong>clo</strong></span> 
     </span>
     <span class='ocr_line' id='line_1_8' title="bbox 175 899 1163 963; baseline -0.005 0"><span class='ocrx_word' id='word_1_50' title='bbox 175 901 245 963; x_wconf 88' lang='lat' dir='ltr'><strong>dius</strong></span> <span class='ocrx_word' id='word_1_51' title='bbox 254 901 391 963; x_wconf 84' lang='lat' dir='ltr'><strong>Licinius</strong></span> <span class='ocrx_word' id='word_1_52' title='bbox 405 902 436 961; x_wconf 89' lang='lat' dir='ltr'><strong>in</strong></span> <span class='ocrx_word' id='word_1_53' title='bbox 451 901 529 961; x_wconf 90' lang='lat' dir='ltr'><strong>libro</strong></span> <span class='ocrx_word' id='word_1_54' title='bbox 542 900 630 962; x_wconf 85' lang='lat' dir='ltr'><strong>tertio</strong></span> <span class='ocrx_word' id='word_1_55' title='bbox 644 915 746 960; x_wconf 87' lang='lat' dir='ltr'><strong>rerum</strong></span> <span class='ocrx_word' id='word_1_56' title='bbox 757 900 962 960; x_wconf 86' lang='lat' dir='ltr'><strong>Romanarum</strong></span> <span class='ocrx_word' id='word_1_57' title='bbox 972 899 1075 959; x_wconf 89' lang='lat' dir='ltr'><strong>reiert</strong></span> <span class='ocrx_word' id='word_1_58' title='bbox 1084 899 1163 959; x_wconf 87' lang='lat' dir='ltr'><strong>ludis</strong></span> 
     </span>
     <span class='ocr_line' id='line_1_9' title="bbox 175 981 1163 1062; baseline -0.004 -16"><span class='ocrx_word' id='word_1_59' title='bbox 175 986 302 1061; x_wconf 87' lang='lat' dir='ltr'><strong>votivis,</strong></span> <span class='ocrx_word' id='word_1_60' title='bbox 329 1002 409 1062; x_wconf 91' lang='lat' dir='ltr'><strong>quos</strong></span> <span class='ocrx_word' id='word_1_61' title='bbox 429 987 546 1046; x_wconf 84' lang='lat' dir='ltr'><strong>Romae</strong></span> <span class='ocrx_word' id='word_1_62' title='bbox 566 985 731 1046; x_wconf 79' lang='lat' dir='ltr'><strong>Africanus</strong></span> <span class='ocrx_word' id='word_1_63' title='bbox 756 984 865 1045; x_wconf 90' lang='lat' dir='ltr'><strong>iterum</strong></span> <span class='ocrx_word' id='word_1_64' title='bbox 885 984 996 1044; x_wconf 90' lang='lat' dir='ltr'><strong>consul</strong></span> <span class='ocrx_word' id='word_1_65' title='bbox 1019 981 1163 1056; x_wconf 85' lang='lat' dir='ltr'><strong>iaciebat,</strong></span> 
     </span>
     <span class='ocr_line' id='line_1_10' title="bbox 175 1068 1164 1145; baseline -0.002 -15"><span class='ocrx_word' id='word_1_66' title='bbox 175 1079 319 1133; x_wconf 90' lang='lat' dir='ltr'><strong>conatum</strong></span> <span class='ocrx_word' id='word_1_67' title='bbox 339 1085 397 1145; x_wconf 90' lang='lat' dir='ltr'><strong>per</strong></span> <span class='ocrx_word' id='word_1_68' title='bbox 417 1069 585 1145; x_wconf 90' lang='lat' dir='ltr'><strong>quosdam,</strong></span> <span class='ocrx_word' id='word_1_69' title='bbox 608 1085 689 1145; x_wconf 90' lang='lat' dir='ltr'><strong>quos</strong></span> <span class='ocrx_word' id='word_1_70' title='bbox 709 1068 808 1145; x_wconf 90' lang='lat' dir='ltr'><strong>pretio</strong></span> <span class='ocrx_word' id='word_1_71' title='bbox 824 1075 1020 1144; x_wconf 88' lang='lat' dir='ltr'><strong>corruperat,</strong></span> <span class='ocrx_word' id='word_1_72' title='bbox 1042 1068 1164 1144; x_wconf 86' lang='lat' dir='ltr'><strong>aliquot</strong></span> 
     </span>
     <span class='ocr_line' id='line_1_11' title="bbox 175 1151 1164 1229; baseline -0.002 -15"><span class='ocrx_word' id='word_1_73' title='bbox 175 1155 252 1217; x_wconf 91' lang='lat' dir='ltr'><strong>locis</strong></span> <span class='ocrx_word' id='word_1_74' title='bbox 265 1154 372 1215; x_wconf 89' lang='lat' dir='ltr'><strong>urbem</strong></span> <span class='ocrx_word' id='word_1_75' title='bbox 387 1153 567 1229; x_wconf 89' lang='lat' dir='ltr'><strong>incendere,</strong></span> <span class='ocrx_word' id='word_1_76' title='bbox 582 1160 616 1214; x_wconf 92' lang='lat' dir='ltr'><strong>ut</strong></span> <span class='ocrx_word' id='word_1_77' title='bbox 629 1153 790 1228; x_wconf 87' lang='lat' dir='ltr'><strong>frangendi</strong></span> <span class='ocrx_word' id='word_1_78' title='bbox 806 1153 939 1213; x_wconf 90' lang='lat' dir='ltr'><strong>carceris</strong></span> <span class='ocrx_word' id='word_1_79' title='bbox 955 1151 1164 1228; x_wconf 79' lang='lat' dir='ltr'><strong>fugiendique</strong></span> 
     </span>
     <span class='ocr_line' id='line_1_12' title="bbox 175 1237 1163 1313; baseline -0.003 -14"><span class='ocrx_word' id='word_1_80' title='bbox 175 1239 301 1299; x_wconf 88' lang='lat' dir='ltr'><strong>haberet</strong></span> <span class='ocrx_word' id='word_1_81' title='bbox 315 1237 527 1307; x_wconf 77' lang='lat' dir='ltr'><strong>occasionem3</strong></span> <span class='ocrx_word' id='word_1_82' title='bbox 551 1237 704 1313; x_wconf 81' lang='lat' dir='ltr'><strong>patefacto</strong></span> <span class='ocrx_word' id='word_1_83' title='bbox 719 1237 790 1297; x_wconf 93' lang='lat' dir='ltr'><strong>dein</strong></span> <span class='ocrx_word' id='word_1_84' title='bbox 806 1237 924 1297; x_wconf 88' lang='lat' dir='ltr'><strong>scelere</strong></span> <span class='ocrx_word' id='word_1_85' title='bbox 937 1237 1119 1311; x_wconf 87' lang='lat' dir='ltr'><strong>delegatum</strong></span> <span class='ocrx_word' id='word_1_86' title='bbox 1134 1238 1163 1296; x_wconf 90' lang='lat' dir='ltr'><strong>in</strong></span> 
     </span>
     <span class='ocr_line' id='line_1_13' title="bbox 173 1319 1163 1396; baseline -0.003 -12"><span class='ocrx_word' id='word_1_87' title='bbox 173 1322 343 1384; x_wconf 84' lang='lat' dir='ltr'><strong>Tullianum</strong></span> <span class='ocrx_word' id='word_1_88' title='bbox 367 1337 407 1382; x_wconf 87' lang='lat' dir='ltr'><strong>ex</strong></span> <span class='ocrx_word' id='word_1_89' title='bbox 427 1327 554 1383; x_wconf 88' lang='lat' dir='ltr'><strong>senatus</strong></span> <span class='ocrx_word' id='word_1_90' title='bbox 581 1323 732 1383; x_wconf 80' lang='lat' dir='ltr'><strong>consrdto.</strong></span> <span class='ocrx_word' id='word_1_91' title='bbox 770 1321 809 1380; x_wconf 91' lang='lat' dir='ltr'><strong>de</strong></span> <span class='ocrx_word' id='word_1_92' title='bbox 830 1319 974 1396; x_wconf 89' lang='lat' dir='ltr'><strong>Scipione</strong></span> <span class='ocrx_word' id='word_1_93' title='bbox 1004 1337 1163 1396; x_wconf 86' lang='lat' dir='ltr'><strong>nusquam</strong></span> 
     </span>
     <span class='ocr_line' id='line_1_14' title="bbox 175 1403 1163 1482; baseline -0.001 -15"><span class='ocrx_word' id='word_1_94' title='bbox 175 1406 234 1468; x_wconf 88' lang='lat' dir='ltr'><strong>nisi</strong></span> <span class='ocrx_word' id='word_1_95' title='bbox 249 1408 280 1467; x_wconf 94' lang='lat' dir='ltr'><strong>in</strong></span> <span class='ocrx_word' id='word_1_96' title='bbox 294 1411 404 1468; x_wconf 90' lang='lat' dir='ltr'><strong>senatu</strong></span> <span class='ocrx_word' id='word_1_97' title='bbox 418 1413 528 1482; x_wconf 91' lang='lat' dir='ltr'><strong>actum,</strong></span> <span class='ocrx_word' id='word_1_98' title='bbox 543 1405 596 1466; x_wconf 93' lang='lat' dir='ltr'><strong>ubi</strong></span> <span class='ocrx_word' id='word_1_99' title='bbox 612 1422 719 1467; x_wconf 93' lang='lat' dir='ltr'><strong>omnes</strong></span> <span class='ocrx_word' id='word_1_100' title='bbox 733 1403 888 1481; x_wconf 90' lang='lat' dir='ltr'><strong>legatique</strong></span> <span class='ocrx_word' id='word_1_101' title='bbox 899 1412 930 1465; x_wconf 93' lang='lat' dir='ltr'><strong>et</strong></span> <span class='ocrx_word' id='word_1_102' title='bbox 940 1404 1068 1480; x_wconf 90' lang='lat' dir='ltr'><strong>tribuni,</strong></span> <span class='ocrx_word' id='word_1_103' title='bbox 1085 1407 1163 1466; x_wconf 88' lang='lat' dir='ltr'><strong>clas-</strong></span> 
     </span>
     <span class='ocr_line' id='line_1_15' title="bbox 175 1489 1162 1566; baseline -0.003 -14"><span class='ocrx_word' id='word_1_104' title='bbox 175 1506 241 1552; x_wconf 89' lang='lat' dir='ltr'><strong>sem</strong></span> <span class='ocrx_word' id='word_1_105' title='bbox 255 1507 324 1552; x_wconf 85' lang='lat' dir='ltr'><strong>eam</strong></span> <span class='ocrx_word' id='word_1_106' title='bbox 339 1489 505 1552; x_wconf 90' lang='lat' dir='ltr'><strong>exercitum</strong></span> <span class='ocrx_word' id='word_1_107' title='bbox 521 1491 693 1566; x_wconf 89' lang='lat' dir='ltr'><strong>ducemque</strong></span> <span class='ocrx_word' id='word_1_108' title='bbox 706 1489 810 1550; x_wconf 91' lang='lat' dir='ltr'><strong>verbis</strong></span> <span class='ocrx_word' id='word_1_109' title='bbox 825 1490 1023 1564; x_wconf 86' lang='lat' dir='ltr'><strong>extollentes,</strong></span> <span class='ocrx_word' id='word_1_110' title='bbox 1047 1489 1162 1550; x_wconf 80' lang='lat' dir='ltr'><strong>eliece</strong></span> 
     </span>
     <span class='ocr_line' id='line_1_16' title="bbox 175 1573 1163 1650; baseline -0.001 -15"><span class='ocrx_word' id='word_1_111' title='bbox 175 1583 253 1648; x_wconf 87' lang='lat' dir='ltr'><strong>runt,</strong></span> <span class='ocrx_word' id='word_1_112' title='bbox 274 1582 308 1635; x_wconf 90' lang='lat' dir='ltr'><strong>ut</strong></span> <span class='ocrx_word' id='word_1_113' title='bbox 322 1583 447 1636; x_wconf 88' lang='lat' dir='ltr'><strong>senatus</strong></span> <span class='ocrx_word' id='word_1_114' title='bbox 470 1584 611 1637; x_wconf 83' lang='lat' dir='ltr'><strong>censeret</strong></span> <span class='ocrx_word' id='word_1_115' title='bbox 625 1575 723 1650; x_wconf 90' lang='lat' dir='ltr'><strong>primo</strong></span> <span class='ocrx_word' id='word_1_116' title='bbox 739 1587 864 1650; x_wconf 90' lang='lat' dir='ltr'><strong>quoque</strong></span> <span class='ocrx_word' id='word_1_117' title='bbox 877 1581 1017 1649; x_wconf 88' lang='lat' dir='ltr'><strong>tempore</strong></span> <span class='ocrx_word' id='word_1_118' title='bbox 1032 1573 1067 1634; x_wconf 90' lang='lat' dir='ltr'><strong>in</strong></span> <span class='ocrx_word' id='word_1_119' title='bbox 1082 1575 1163 1634; x_wconf 83' lang='lat' dir='ltr'><strong>Airi-</strong></span> 
     </span>
     <span class='ocr_line' id='line_1_17' title="bbox 176 1657 1163 1736; baseline 0 -18"><span class='ocrx_word' id='word_1_120' title='bbox 176 1673 242 1718; x_wconf 88' lang='lat' dir='ltr'><strong>cam</strong></span> <span class='ocrx_word' id='word_1_121' title='bbox 265 1657 480 1734; x_wconf 89' lang='lat' dir='ltr'><strong>traiciendum,</strong></span> <span class='ocrx_word' id='word_1_122' title='bbox 508 1657 709 1736; x_wconf 90' lang='lat' dir='ltr'><strong>Scipionique</strong></span> <span class='ocrx_word' id='word_1_123' title='bbox 733 1657 972 1734; x_wconf 83' lang='lat' dir='ltr'><strong>permitteretur,</strong></span> <span class='ocrx_word' id='word_1_124' title='bbox 999 1665 1034 1718; x_wconf 91' lang='lat' dir='ltr'><strong>ut</strong></span> <span class='ocrx_word' id='word_1_125' title='bbox 1062 1660 1163 1718; x_wconf 86' lang='lat' dir='ltr'><strong>exiis</strong></span> 
     </span>
     <span class='ocr_line' id='line_1_18' title="bbox 174 1741 1214 1826; baseline 0.001 -26"><span class='ocrx_word' id='word_1_126' title='bbox 174 1741 376 1816; x_wconf 88' lang='lat' dir='ltr'><strong>exercitibus,</strong></span> <span class='ocrx_word' id='word_1_127' title='bbox 398 1742 450 1818; x_wconf 93' lang='lat' dir='ltr'><strong>qui</strong></span> <span class='ocrx_word' id='word_1_128' title='bbox 468 1745 499 1803; x_wconf 92' lang='lat' dir='ltr'><strong>in</strong></span> <span class='ocrx_word' id='word_1_129' title='bbox 515 1743 618 1806; x_wconf 90' lang='lat' dir='ltr'><strong>Sicilia</strong></span> <span class='ocrx_word' id='word_1_130' title='bbox 639 1750 759 1814; x_wconf 89' lang='lat' dir='ltr'><strong>essent,</strong></span> <span class='ocrx_word' id='word_1_131' title='bbox 781 1742 850 1817; x_wconf 89' lang='lat' dir='ltr'><strong>ipse</strong></span> <span class='ocrx_word' id='word_1_132' title='bbox 865 1741 1005 1817; x_wconf 88' lang='lat' dir='ltr'><strong>eligeret,</strong></span> <span class='ocrx_word' id='word_1_133' title='bbox 1030 1757 1119 1817; x_wconf 91' lang='lat' dir='ltr'><strong>quos</strong></span> <span class='ocrx_word' id='word_1_134' title='bbox 1134 1743 1162 1802; x_wconf 91' lang='lat' dir='ltr'><strong>in</strong></span> <span class='ocrx_word' id='word_1_135' title='bbox 1213 1817 1214 1826; x_wconf 8' lang='grc' dir='ltr'>ἵ</span> 
     </span>
     <span class='ocr_line' id='line_1_19' title="bbox 176 1824 1214 1909; baseline 0.002 -25"><span class='ocrx_word' id='word_1_136' title='bbox 176 1824 310 1885; x_wconf 82' lang='lat' dir='ltr'><strong>Africam</strong></span> <span class='ocrx_word' id='word_1_137' title='bbox 339 1840 445 1886; x_wconf 88' lang='lat' dir='ltr'><strong>secum</strong></span> <span class='ocrx_word' id='word_1_138' title='bbox 474 1826 630 1902; x_wconf 89' lang='lat' dir='ltr'><strong>traiceret,</strong></span> <span class='ocrx_word' id='word_1_139' title='bbox 661 1843 740 1903; x_wconf 90' lang='lat' dir='ltr'><strong>quos</strong></span> <span class='ocrx_word' id='word_1_140' title='bbox 766 1826 943 1901; x_wconf 89' lang='lat' dir='ltr'><strong>provinciae</strong></span> <span class='ocrx_word' id='word_1_141' title='bbox 969 1824 1164 1902; x_wconf 90' lang='lat' dir='ltr'><strong>relinqueret</strong></span> <span class='ocrx_word' id='word_1_142' title='bbox 1213 1831 1214 1909; x_wconf 50' lang='lat' dir='ltr'><strong>l</strong></span> 
     </span>
     <span class='ocr_line' id='line_1_20' title="bbox 174 1909 341 1985; baseline -0.012 -15"><span class='ocrx_word' id='word_1_143' title='bbox 174 1909 341 1985; x_wconf 88' lang='lat' dir='ltr'><strong>praesidio.</strong></span> 
     </span>
    </p>

    <p class='ocr_par' dir='ltr' id='par_1_3' title="bbox 155 1993 1213 3417">
     <span class='ocr_line' id='line_1_21' title="bbox 257 1993 1162 2072; baseline 0 -18"><span class='ocrx_word' id='word_1_144' title='bbox 257 1993 362 2054; x_wconf 89' lang='lat' dir='ltr'><strong>XXHI.</strong></span> <span class='ocrx_word' id='word_1_145' title='bbox 385 1994 463 2055; x_wconf 88' lang='lat' dir='ltr'><strong>Dum</strong></span> <span class='ocrx_word' id='word_1_146' title='bbox 482 1993 560 2056; x_wconf 89' lang='lat' dir='ltr'><strong>haec</strong></span> <span class='ocrx_word' id='word_1_147' title='bbox 581 1997 664 2072; x_wconf 89' lang='lat' dir='ltr'><strong>apud</strong></span> <span class='ocrx_word' id='word_1_148' title='bbox 678 1997 834 2058; x_wconf 87' lang='lat' dir='ltr'><strong>Romanos</strong></span> <span class='ocrx_word' id='word_1_149' title='bbox 849 2001 1012 2070; x_wconf 87' lang='lat' dir='ltr'><strong>geruntur,</strong></span> <span class='ocrx_word' id='word_1_150' title='bbox 1035 1994 1162 2056; x_wconf 81' lang='lat' dir='ltr'><strong>Cartha</strong></span> 
     </span>
     <span class='ocr_line' id='line_1_22' title="bbox 174 2078 1162 2156; baseline 0.001 -18"><span class='ocrx_word' id='word_1_151' title='bbox 174 2078 329 2153; x_wconf 73' lang='lat' dir='ltr'><strong>ginienses</strong></span> <span class='ocrx_word' id='word_1_152' title='bbox 352 2093 491 2155; x_wconf 90' lang='lat' dir='ltr'><strong>quoque,</strong></span> <span class='ocrx_word' id='word_1_153' title='bbox 514 2094 583 2139; x_wconf 92' lang='lat' dir='ltr'><strong>cum</strong></span> <span class='ocrx_word' id='word_1_154' title='bbox 603 2081 740 2156; x_wconf 89' lang='lat' dir='ltr'><strong>speculis</strong></span> <span class='ocrx_word' id='word_1_155' title='bbox 757 2095 814 2156; x_wconf 92' lang='lat' dir='ltr'><strong>per</strong></span> <span class='ocrx_word' id='word_1_156' title='bbox 828 2079 930 2143; x_wconf 89' lang='lat' dir='ltr'><strong>omnia</strong></span> <span class='ocrx_word' id='word_1_157' title='bbox 943 2080 1162 2154; x_wconf 87' lang='lat' dir='ltr'><strong>promontoria</strong></span> 
     </span>
     <span class='ocr_line' id='line_1_23' title="bbox 174 2161 1162 2240; baseline 0.001 -18"><span class='ocrx_word' id='word_1_158' title='bbox 174 2161 285 2237; x_wconf 90' lang='lat' dir='ltr'><strong>positis</strong></span> <span class='ocrx_word' id='word_1_159' title='bbox 309 2168 545 2238; x_wconf 86' lang='lat' dir='ltr'><strong>percunctantes</strong></span> <span class='ocrx_word' id='word_1_160' title='bbox 571 2171 785 2240; x_wconf 90' lang='lat' dir='ltr'><strong>paventesque</strong></span> <span class='ocrx_word' id='word_1_161' title='bbox 805 2165 845 2225; x_wconf 88' lang='lat' dir='ltr'><strong>ad</strong></span> <span class='ocrx_word' id='word_1_162' title='bbox 870 2164 1012 2238; x_wconf 89' lang='lat' dir='ltr'><strong>singulos</strong></span> <span class='ocrx_word' id='word_1_163' title='bbox 1033 2164 1162 2223; x_wconf 74' lang='lat' dir='ltr'><strong>annuos</strong></span> 
     </span>
     <span class='ocr_line' id='line_1_24' title="bbox 174 2245 1162 2324; baseline 0.001 -18"><span class='ocrx_word' id='word_1_164' title='bbox 174 2245 335 2307; x_wconf 90' lang='lat' dir='ltr'><strong>sollicitam</strong></span> <span class='ocrx_word' id='word_1_165' title='bbox 349 2245 479 2308; x_wconf 88' lang='lat' dir='ltr'><strong>hiemem</strong></span> <span class='ocrx_word' id='word_1_166' title='bbox 493 2248 639 2322; x_wconf 80' lang='lat' dir='ltr'><strong>egissent,</strong></span> <span class='ocrx_word' id='word_1_167' title='bbox 660 2247 744 2309; x_wconf 89' lang='lat' dir='ltr'><strong>haud</strong></span> <span class='ocrx_word' id='word_1_168' title='bbox 759 2264 888 2324; x_wconf 87' lang='lat' dir='ltr'><strong>parvum</strong></span> <span class='ocrx_word' id='word_1_169' title='bbox 903 2255 933 2307; x_wconf 92' lang='lat' dir='ltr'><strong>et</strong></span> <span class='ocrx_word' id='word_1_170' title='bbox 947 2247 1009 2323; x_wconf 91' lang='lat' dir='ltr'><strong>ipsi</strong></span> <span class='ocrx_word' id='word_1_171' title='bbox 1023 2248 1162 2308; x_wconf 89' lang='lat' dir='ltr'><strong>tuendae</strong></span> 
     </span>
     <span class='ocr_line' id='line_1_25' title="bbox 173 2330 1161 2410; baseline 0.002 -20"><span class='ocrx_word' id='word_1_172' title='bbox 173 2331 297 2392; x_wconf 88' lang='lat' dir='ltr'><strong>Alricae</strong></span> <span class='ocrx_word' id='word_1_173' title='bbox 310 2338 495 2393; x_wconf 88' lang='lat' dir='ltr'><strong>momentum</strong></span> <span class='ocrx_word' id='word_1_174' title='bbox 511 2332 688 2393; x_wconf 88' lang='lat' dir='ltr'><strong>adiecerunt</strong></span> <span class='ocrx_word' id='word_1_175' title='bbox 701 2333 878 2393; x_wconf 88' lang='lat' dir='ltr'><strong>societatem</strong></span> <span class='ocrx_word' id='word_1_176' title='bbox 891 2330 1052 2410; x_wconf 81' lang='lat' dir='ltr'><strong>Syphacis</strong></span> <span class='ocrx_word' id='word_1_177' title='bbox 1068 2331 1161 2407; x_wconf 90' lang='lat' dir='ltr'><strong>regis,</strong></span> 
     </span>
     <span class='ocr_line' id='line_1_26' title="bbox 174 2413 1213 2477; baseline 0.003 -4"><span class='ocrx_word' id='word_1_178' title='bbox 174 2415 262 2474; x_wconf 91' lang='lat' dir='ltr'><strong>cuius</strong></span> <span class='ocrx_word' id='word_1_179' title='bbox 283 2415 415 2476; x_wconf 85' lang='lat' dir='ltr'><strong>maxime</strong></span> <span class='ocrx_word' id='word_1_180' title='bbox 435 2415 549 2477; x_wconf 86' lang='lat' dir='ltr'><strong>fiducia</strong></span> <span class='ocrx_word' id='word_1_181' title='bbox 569 2416 765 2477; x_wconf 78' lang='lat' dir='ltr'><strong>halecturum</strong></span> <span class='ocrx_word' id='word_1_182' title='bbox 784 2417 814 2477; x_wconf 93' lang='lat' dir='ltr'><strong>in</strong></span> <span class='ocrx_word' id='word_1_183' title='bbox 833 2417 969 2476; x_wconf 82' lang='lat' dir='ltr'><strong>Africam</strong></span> <span class='ocrx_word' id='word_1_184' title='bbox 982 2415 1160 2476; x_wconf 89' lang='lat' dir='ltr'><strong>Romanum</strong></span> <span class='ocrx_word' id='word_1_185' title='bbox 1212 2413 1213 2426; x_wconf 61' lang='lat'><em>³</em></span> 
     </span>
     <span class='ocr_line' id='line_1_27' title="bbox 174 2498 1157 2576; baseline 0.003 -19"><span class='ocrx_word' id='word_1_186' title='bbox 174 2498 378 2561; x_wconf 87' lang='lat' dir='ltr'><strong>crediderunt.</strong></span> <span class='ocrx_word' id='word_1_187' title='bbox 399 2507 464 2560; x_wconf 89' lang='lat' dir='ltr'><strong>erat</strong></span> <span class='ocrx_word' id='word_1_188' title='bbox 472 2500 658 2562; x_wconf 89' lang='lat' dir='ltr'><strong>Hasdrubali</strong></span> <span class='ocrx_word' id='word_1_189' title='bbox 671 2501 815 2576; x_wconf 84' lang='lat' dir='ltr'><strong>Gisgonis</strong></span> <span class='ocrx_word' id='word_1_190' title='bbox 830 2499 893 2561; x_wconf 89' lang='lat' dir='ltr'><strong>filio</strong></span> <span class='ocrx_word' id='word_1_191' title='bbox 908 2514 970 2559; x_wconf 91' lang='lat' dir='ltr'><strong>non</strong></span> <span class='ocrx_word' id='word_1_192' title='bbox 987 2498 1157 2576; x_wconf 89' lang='lat' dir='ltr'><strong>hospitium</strong></span> 
     </span>
     <span class='ocr_line' id='line_1_28' title="bbox 173 2582 1157 2660; baseline 0.002 -20"><span class='ocrx_word' id='word_1_193' title='bbox 173 2582 264 2643; x_wconf 91' lang='lat' dir='ltr'><strong>modo</strong></span> <span class='ocrx_word' id='word_1_194' title='bbox 280 2598 349 2644; x_wconf 90' lang='lat' dir='ltr'><strong>cum</strong></span> <span class='ocrx_word' id='word_1_195' title='bbox 363 2598 446 2657; x_wconf 80' lang='lat' dir='ltr'><strong>rege,</strong></span> <span class='ocrx_word' id='word_1_196' title='bbox 462 2585 501 2643; x_wconf 89' lang='lat' dir='ltr'><strong>de</strong></span> <span class='ocrx_word' id='word_1_197' title='bbox 516 2602 577 2659; x_wconf 91' lang='lat' dir='ltr'><strong>quo</strong></span> <span class='ocrx_word' id='word_1_198' title='bbox 593 2590 663 2645; x_wconf 89' lang='lat' dir='ltr'><strong>ante</strong></span> <span class='ocrx_word' id='word_1_199' title='bbox 678 2585 859 2658; x_wconf 86' lang='lat' dir='ltr'><strong>dictumest,</strong></span> <span class='ocrx_word' id='word_1_200' title='bbox 875 2599 943 2644; x_wconf 90' lang='lat' dir='ltr'><strong>cum</strong></span> <span class='ocrx_word' id='word_1_201' title='bbox 955 2598 996 2643; x_wconf 87' lang='lat' dir='ltr'><strong>ex</strong></span> <span class='ocrx_word' id='word_1_202' title='bbox 1007 2584 1157 2660; x_wconf 86' lang='lat' dir='ltr'><strong>Hispania</strong></span> 
     </span>
     <span class='ocr_line' id='line_1_29' title="bbox 173 2664 1156 2746; baseline 0.005 -24"><span class='ocrx_word' id='word_1_203' title='bbox 173 2664 251 2726; x_wconf 87' lang='lat' dir='ltr'><strong>torte</strong></span> <span class='ocrx_word' id='word_1_204' title='bbox 270 2666 302 2725; x_wconf 94' lang='lat' dir='ltr'><strong>in</strong></span> <span class='ocrx_word' id='word_1_205' title='bbox 322 2667 403 2726; x_wconf 92' lang='lat' dir='ltr'><strong>idem</strong></span> <span class='ocrx_word' id='word_1_206' title='bbox 423 2674 544 2742; x_wconf 88' lang='lat' dir='ltr'><strong>tempus</strong></span> <span class='ocrx_word' id='word_1_207' title='bbox 566 2669 670 2746; x_wconf 90' lang='lat' dir='ltr'><strong>Scipio</strong></span> <span class='ocrx_word' id='word_1_208' title='bbox 692 2676 786 2745; x_wconf 89' lang='lat' dir='ltr'><strong>atque</strong></span> <span class='ocrx_word' id='word_1_209' title='bbox 805 2668 979 2729; x_wconf 87' lang='lat' dir='ltr'><strong>Hasdrubal</strong></span> <span class='ocrx_word' id='word_1_210' title='bbox 1002 2683 1156 2728; x_wconf 78' lang='lat' dir='ltr'><strong>convene</strong></span> 
     </span>
     <span class='ocr_line' id='line_1_30' title="bbox 172 2750 1155 2834; baseline 0.004 -26"><span class='ocrx_word' id='word_1_211' title='bbox 172 2755 257 2823; x_wconf 87' lang='lat' dir='ltr'><strong>runt,</strong></span> <span class='ocrx_word' id='word_1_212' title='bbox 279 2750 336 2809; x_wconf 89' lang='lat' dir='ltr'><strong>sed</strong></span> <span class='ocrx_word' id='word_1_213' title='bbox 350 2751 462 2810; x_wconf 87' lang='lat' dir='ltr'><strong>mentio</strong></span> <span class='ocrx_word' id='word_1_214' title='bbox 479 2768 604 2829; x_wconf 90' lang='lat' dir='ltr'><strong>quoque</strong></span> <span class='ocrx_word' id='word_1_215' title='bbox 621 2753 765 2814; x_wconf 90' lang='lat' dir='ltr'><strong>inchoata</strong></span> <span class='ocrx_word' id='word_1_216' title='bbox 778 2751 958 2826; x_wconf 85' lang='lat' dir='ltr'><strong>adfinitatis,</strong></span> <span class='ocrx_word' id='word_1_217' title='bbox 979 2757 1016 2812; x_wconf 92' lang='lat' dir='ltr'><strong>ut</strong></span> <span class='ocrx_word' id='word_1_218' title='bbox 1028 2769 1090 2813; x_wconf 91' lang='lat' dir='ltr'><strong>rex</strong></span> <span class='ocrx_word' id='word_1_219' title='bbox 1105 2753 1155 2834; x_wconf 86' lang='lat' dir='ltr'><strong>du·</strong></span> 
     </span>
     <span class='ocr_line' id='line_1_31' title="bbox 173 2831 1155 2898; baseline 0.004 -6"><span class='ocrx_word' id='word_1_220' title='bbox 173 2841 256 2892; x_wconf 90' lang='lat' dir='ltr'><strong>ceret</strong></span> <span class='ocrx_word' id='word_1_221' title='bbox 280 2831 373 2893; x_wconf 90' lang='lat' dir='ltr'><strong>liliam</strong></span> <span class='ocrx_word' id='word_1_222' title='bbox 396 2834 609 2897; x_wconf 87' lang='lat' dir='ltr'><strong>Hasdrubalis.</strong></span> <span class='ocrx_word' id='word_1_223' title='bbox 642 2838 770 2898; x_wconf 90' lang='lat' dir='ltr'><strong>adeam</strong></span> <span class='ocrx_word' id='word_1_224' title='bbox 793 2853 860 2898; x_wconf 90' lang='lat' dir='ltr'><strong>rem</strong></span> <span class='ocrx_word' id='word_1_225' title='bbox 880 2837 1155 2898; x_wconf 85' lang='lat' dir='ltr'><strong>consummandam</strong></span> 
     </span>
     <span class='ocr_line' id='line_1_32' title="bbox 173 2917 1177 2994; baseline 0.002 -18"><span class='ocrx_word' id='word_1_226' title='bbox 173 2924 356 2993; x_wconf 90' lang='lat' dir='ltr'><strong>tempusque</strong></span> <span class='ocrx_word' id='word_1_227' title='bbox 370 2917 485 2994; x_wconf 91' lang='lat' dir='ltr'><strong>nuptiis</strong></span> <span class='ocrx_word' id='word_1_228' title='bbox 500 2922 695 2983; x_wconf 86' lang='lat' dir='ltr'><strong>statuendum</strong></span> <span class='ocrx_word' id='word_1_229' title='bbox 705 2922 818 2983; x_wconf 87' lang='lat' dir='ltr'><strong>-iam</strong></span> <span class='ocrx_word' id='word_1_230' title='bbox 833 2920 913 2981; x_wconf 90' lang='lat' dir='ltr'><strong>enim</strong></span> <span class='ocrx_word' id='word_1_231' title='bbox 924 2925 955 2980; x_wconf 89' lang='lat' dir='ltr'><strong>et</strong></span> <span class='ocrx_word' id='word_1_232' title='bbox 964 2920 1083 2981; x_wconf 88' lang='lat' dir='ltr'><strong>nubilis</strong></span> <span class='ocrx_word' id='word_1_233' title='bbox 1095 2927 1156 2980; x_wconf 88' lang='lat' dir='ltr'><strong>erat</strong></span> <span class='ocrx_word' id='word_1_234' title='bbox 1174 2951 1177 2958; x_wconf 68' lang='lat'><strong>,</strong></span> 
     </span>
     <span class='ocr_line' id='line_1_33' title="bbox 172 3000 1156 3079; baseline 0.004 -19"><span class='ocrx_word' id='word_1_235' title='bbox 172 3000 257 3077; x_wconf 83' lang='lat' dir='ltr'><strong>virgo</strong></span> <span class='ocrx_word' id='word_1_236' title='bbox 272 3032 314 3044; x_wconf 94' lang='lat'><em>-</em></span> <span class='ocrx_word' id='word_1_237' title='bbox 329 3003 486 3078; x_wconf 85' lang='lat' dir='ltr'><strong>proiectus</strong></span> <span class='ocrx_word' id='word_1_238' title='bbox 500 3003 673 3066; x_wconf 90' lang='lat' dir='ltr'><strong>Hasdrubal</strong></span> <span class='ocrx_word' id='word_1_239' title='bbox 694 3011 727 3066; x_wconf 89' lang='lat' dir='ltr'><strong>ut</strong></span> <span class='ocrx_word' id='word_1_240' title='bbox 746 3022 911 3068; x_wconf 88' lang='lat' dir='ltr'><strong>accensum</strong></span> <span class='ocrx_word' id='word_1_241' title='bbox 931 3005 1102 3079; x_wconf 87' lang='lat' dir='ltr'><strong>cupiditate</strong></span> <span class='ocrx_word' id='word_1_242' title='bbox 1117 3039 1156 3048; x_wconf 87' lang='lat'><em>-</em></span> 
     </span>
     <span class='ocr_line' id='line_1_34' title="bbox 155 3085 1155 3151; baseline 0.004 -7"><span class='ocrx_word' id='word_1_243' title='bbox 155 3085 202 3146; x_wconf 89' lang='lat' dir='ltr'><strong>&#39;et</strong></span> <span class='ocrx_word' id='word_1_244' title='bbox 215 3094 288 3149; x_wconf 91' lang='lat' dir='ltr'><strong>sunt</strong></span> <span class='ocrx_word' id='word_1_245' title='bbox 307 3095 377 3148; x_wconf 90' lang='lat' dir='ltr'><strong>ante</strong></span> <span class='ocrx_word' id='word_1_246' title='bbox 399 3103 507 3149; x_wconf 89' lang='lat' dir='ltr'><strong>omnes</strong></span> <span class='ocrx_word' id='word_1_247' title='bbox 520 3089 668 3150; x_wconf 86' lang='lat' dir='ltr'><strong>Numidae</strong></span> <span class='ocrx_word' id='word_1_248' title='bbox 681 3090 832 3151; x_wconf 91' lang='lat' dir='ltr'><strong>barbaros</strong></span> <span class='ocrx_word' id='word_1_249' title='bbox 848 3089 939 3150; x_wconf 82' lang='lat' dir='ltr'><strong>effusi</strong></span> <span class='ocrx_word' id='word_1_250' title='bbox 953 3089 983 3147; x_wconf 92' lang='lat' dir='ltr'><strong>in</strong></span> <span class='ocrx_word' id='word_1_251' title='bbox 998 3089 1155 3150; x_wconf 86' lang='lat' dir='ltr'><strong>venerem</strong></span> 
     </span>
     <span class='ocr_line' id='line_1_35' title="bbox 170 3171 1155 3250; baseline 0.002 -20"><span class='ocrx_word' id='word_1_252' title='bbox 170 3199 212 3212; x_wconf 86' lang='lat'><em>-</em></span> <span class='ocrx_word' id='word_1_253' title='bbox 227 3171 349 3246; x_wconf 88' lang='lat' dir='ltr'><strong>sensit,</strong></span> <span class='ocrx_word' id='word_1_254' title='bbox 372 3171 521 3248; x_wconf 89' lang='lat' dir='ltr'><strong>virginem</strong></span> <span class='ocrx_word' id='word_1_255' title='bbox 546 3189 565 3232; x_wconf 88' lang='lat' dir='ltr'><strong>a</strong></span> <span class='ocrx_word' id='word_1_256' title='bbox 591 3173 772 3248; x_wconf 84' lang='lat' dir='ltr'><strong>Carthagine</strong></span> <span class='ocrx_word' id='word_1_257' title='bbox 806 3173 931 3235; x_wconf 90' lang='lat' dir='ltr'><strong>arcessit</strong></span> <span class='ocrx_word' id='word_1_258' title='bbox 958 3179 1155 3250; x_wconf 88' lang='lat' dir='ltr'><strong>maturatque</strong></span> 
     </span>
     <span class='ocr_line' id='line_1_36' title="bbox 171 3253 1153 3333; baseline 0.008 -23"><span class='ocrx_word' id='word_1_259' title='bbox 171 3253 310 3328; x_wconf 86' lang='lat' dir='ltr'><strong>nuptias;</strong></span> <span class='ocrx_word' id='word_1_260' title='bbox 333 3262 364 3314; x_wconf 91' lang='lat' dir='ltr'><strong>et</strong></span> <span class='ocrx_word' id='word_1_261' title='bbox 377 3255 455 3316; x_wconf 89' lang='lat' dir='ltr'><strong>inter</strong></span> <span class='ocrx_word' id='word_1_262' title='bbox 475 3256 564 3316; x_wconf 88' lang='lat' dir='ltr'><strong>aliam</strong></span> <span class='ocrx_word' id='word_1_263' title='bbox 584 3257 831 3331; x_wconf 78' lang='lat' dir='ltr'><strong>gratulationem,</strong></span> <span class='ocrx_word' id='word_1_264' title='bbox 852 3264 887 3318; x_wconf 90' lang='lat' dir='ltr'><strong>ut</strong></span> <span class='ocrx_word' id='word_1_265' title='bbox 900 3256 1060 3332; x_wconf 86' lang='lat' dir='ltr'><strong>publicum</strong></span> <span class='ocrx_word' id='word_1_266' title='bbox 1078 3275 1153 3333; x_wconf 91' lang='lat' dir='ltr'><strong>quo-</strong></span> 
     </span>
     <span class='ocr_line' id='line_1_37' title="bbox 173 3338 1152 3417; baseline 0.005 -23"><span class='ocrx_word' id='word_1_267' title='bbox 173 3351 233 3408; x_wconf 90' lang='lat' dir='ltr'><strong>que</strong></span> <span class='ocrx_word' id='word_1_268' title='bbox 258 3338 367 3398; x_wconf 80' lang='lat' dir='ltr'><strong>foedus</strong></span> <span class='ocrx_word' id='word_1_269' title='bbox 392 3338 512 3414; x_wconf 87' lang='lat' dir='ltr'><strong>privato</strong></span> <span class='ocrx_word' id='word_1_270' title='bbox 539 3340 723 3414; x_wconf 88' lang='lat' dir='ltr'><strong>adiceretur,</strong></span> <span class='ocrx_word' id='word_1_271' title='bbox 750 3341 884 3402; x_wconf 89' lang='lat' dir='ltr'><strong>societas</strong></span> <span class='ocrx_word' id='word_1_272' title='bbox 903 3341 981 3400; x_wconf 89' lang='lat' dir='ltr'><strong>inter</strong></span> <span class='ocrx_word' id='word_1_273' title='bbox 1001 3343 1152 3417; x_wconf 86' lang='lat' dir='ltr'><strong>populum</strong></span> 
     </span>
    </p>
   </div>
   <div class='ocr_carea' id='block_1_3' title="bbox 173 3414 1154 3582">
    <p class='ocr_par' dir='ltr' id='par_1_4' title="bbox 173 3414 1154 3582">
     <span class='ocr_line' id='line_1_38' title="bbox 173 3414 1154 3504; baseline 0.012 -32"><span class='ocrx_word' id='word_1_274' title='bbox 173 3414 463 3492; x_wconf 81' lang='lat' dir='ltr'><strong>Carthaginiensium</strong></span> <span class='ocrx_word' id='word_1_275' title='bbox 479 3436 655 3504; x_wconf 73' lang='lat' dir='ltr'><strong>regemque,</strong></span> <span class='ocrx_word' id='word_1_276' title='bbox 673 3424 744 3482; x_wconf 86' lang='lat' dir='ltr'><strong>dala</strong></span> <span class='ocrx_word' id='word_1_277' title='bbox 758 3426 837 3484; x_wconf 93' lang='lat' dir='ltr'><strong>ultro</strong></span> <span class='ocrx_word' id='word_1_278' title='bbox 852 3425 989 3500; x_wconf 87' lang='lat' dir='ltr'><strong>citroque</strong></span> <span class='ocrx_word' id='word_1_279' title='bbox 1003 3425 1070 3486; x_wconf 85' lang='lat' dir='ltr'><strong>lide</strong></span> <span class='ocrx_word' id='word_1_280' title='bbox 1085 3441 1154 3486; x_wconf 88' lang='lat' dir='ltr'><strong>eos-</strong></span> 
     </span>
     <span class='ocr_line' id='line_1_39' title="bbox 173 3493 1151 3582; baseline 0.017 -32"><span class='ocrx_word' id='word_1_281' title='bbox 173 3493 242 3553; x_wconf 91' lang='lat' dir='ltr'><strong>dem</strong></span> <span class='ocrx_word' id='word_1_282' title='bbox 256 3500 370 3560; x_wconf 89' lang='lat' dir='ltr'><strong>amicos</strong></span> <span class='ocrx_word' id='word_1_283' title='bbox 386 3502 586 3579; x_wconf 87' lang='lat' dir='ltr'><strong>inimicosque</strong></span> <span class='ocrx_word' id='word_1_284' title='bbox 600 3504 768 3582; x_wconf 88' lang='lat' dir='ltr'><strong>habituros,</strong></span> <span class='ocrx_word' id='word_1_285' title='bbox 784 3508 992 3570; x_wconf 88' lang='lat' dir='ltr'><strong>iureiurando</strong></span> <span class='ocrx_word' id='word_1_286' title='bbox 1009 3508 1151 3570; x_wconf 80' lang='lat' dir='ltr'><strong>adfirma-</strong></span> 
     </span>
    </p>
   </div>
   <div class='ocr_carea' id='block_1_4' title="bbox 0 0 1228 3900">
    <p class='ocr_par' dir='ltr' id='par_1_5' title="bbox 0 0 1228 3900">
     <span class='ocr_line' id='line_1_40' title="bbox 0 0 1228 3900; baseline 0 0"><span class='ocrx_word' id='word_1_287' title='bbox 0 0 1228 3900; x_wconf 95' lang='lat' dir='ltr'><strong> </strong></span> 
     </span>
    </p>
   </div>
  </div>
 </body>
</html>
