2448 3900
276 191 393 252 LIBER
406 191 496 252 XXX.
522 190 604 252 cal).
619 197 663 254 36.
676 198 719 256 37.
744 196 780 264 [a.
793 196 826 250 C.
838 197 900 264 Tm]
1013 189 1076 252 359

78 346 126 408 ad
142 343 310 424 petendam
324 358 443 419 pacem.
467 343 519 420 qui
531 357 600 403 cum
612 341 652 404 ed
661 342 791 420 puppim
805 342 976 419 praetoriae
986 343 1075 404 navis

79 429 300 494 accessissent
318 430 489 491 velamenta
510 426 696 502 supplicium
718 430 926 506 porrigentes,
951 442 1075 488 orantes

79 515 353 591 implorantesque
366 511 460 572 iidem
475 527 511 577 ec
525 510 768 576 misericordiam
780 509 945 588 Scipionis,
960 513 1074 573 nntium

80 599 125 660 iis
140 598 225 662 eliud
245 611 432 672 responsum
455 595 575 671 datum,
597 611 689 670 quam
710 602 743 656 ut
756 597 903 676 Tynetem
921 595 1074 656 venirem.

80 698 124 744 eo
142 697 179 744 se
199 687 352 748 moturum
374 687 484 744 caetra.
520 680 590 756 ipse
604 679 646 739 ad
666 679 935 755 contemplandum
952 679 1075 740 Cartha-

80 767 169 841 ginis
185 766 290 837 situm,
312 780 373 826 non
388 770 449 826 tarn
464 764 614 827 noscendi
629 764 659 826 in
675 765 850 840 praesentia
866 779 957 840 quem
972 763 1075 842 depri-

81 850 194 911 mendi
206 849 305 912 bostis
321 863 417 911 cause
427 847 460 887 **
471 847 600 922 Uticam,
617 848 728 910 eodem
739 856 770 908 et
781 847 906 908 Octavio
918 857 1074 924 revocato,

80 935 187 994 rediit.
222 934 294 994 inde
320 933 560 1008 procedentibus
581 932 621 991 ad
640 932 787 1010 Tynetem
808 932 931 992 nuntius
953 934 1074 994 adlatus

82 1019 267 1078 Verminam
281 1016 436 1098 Syphacis
458 1016 551 1076 lilium
571 1031 640 1077 cum
656 1016 810 1091 equitibus
825 1016 965 1092 pluribus
982 1033 1074 1092 quam

83 1101 245 1176 peditibus
271 1101 376 1165 venire
398 1100 699 1175 carthaginiensibus
726 1100 850 1162 auxilio.
886 1116 960 1178 pars
986 1115 1074 1159 exer·

83 1186 167 1248 citus
188 1202 259 1249 cum
280 1185 362 1246 omni
383 1186 519 1260 equitatu
534 1184 745 1247 Saturnalibus
766 1184 873 1260 primis
895 1200 1004 1260 agmen
1020 1185 1073 1244 ad·

84 1285 197 1345 gressa
216 1269 415 1331 Numidarum
443 1267 504 1338 levi
529 1269 694 1331 certamine
719 1269 803 1335 ludit.
841 1270 923 1330 exitu
950 1283 1074 1346 quoquc

85 1355 180 1428 lugeo
199 1354 366 1418 intercluso
382 1359 469 1429 parte
484 1353 566 1418 omni
581 1352 776 1414 circumdatis
791 1352 961 1429 equitibus,
986 1353 1073 1428 quin-

86 1437 190 1498 decim
208 1439 293 1504 milia
315 1437 472 1506 bominum
494 1453 601 1512 caesa,
623 1438 705 1503 mille
725 1444 757 1504 et
777 1437 900 1498 ducenti
914 1437 975 1497 vivi
992 1436 1073 1512 capti

85 1528 175 1597 sunt,
196 1529 227 1584 et
246 1522 318 1600 equi
332 1522 481 1585 Numidici
495 1522 577 1583 mille
591 1529 623 1582 et
637 1521 809 1598 quingenti,
831 1521 919 1598 signa
933 1519 1074 1582 militaria

87 1607 150 1668 duo
176 1614 207 1670 et
232 1606 437 1682 septuaginta.
471 1607 597 1680 regulus
622 1607 691 1682 ipse
715 1606 794 1666 inter
818 1606 976 1666 tumultum
1003 1621 1072 1666 cum

87 1689 196 1765 paucis
221 1690 338 1765 elingit.
372 1696 435 1751 tum
455 1690 495 1752 ed
515 1690 663 1767 Tynetem
688 1690 797 1750 eodem
824 1706 885 1765 quo
911 1696 982 1750 ante
1002 1690 1072 1750 loco

84 1780 190 1836 castra
204 1774 315 1849 posita,
338 1774 492 1849 legatique
506 1773 628 1848 triginta
644 1773 824 1848 Carthagine
839 1774 878 1836 ad
895 1773 1071 1849 Scipionem

88 1864 246 1920 venerunt.
280 1865 310 1918 et
329 1857 371 1918 illi
393 1858 516 1932 quidem
536 1858 630 1917 multo
645 1856 850 1919 miserabilius
865 1873 958 1933 quarn
973 1863 1070 1931 antea,

86 1959 151 2016 quo
162 1943 259 2018 magis
274 1943 404 2016 cogebat
414 1943 543 2014 lortune,
557 1947 694 2016 egerunt,
707 1940 765 2000 scd
776 1941 942 2015 aliquanto.
955 1941 1071 2001 minore

85 2042 155 2086 cum
183 2025 395 2092 misericordie
419 2025 458 2086 ab
483 2025 599 2085 recenti
628 2024 775 2086 memoria
803 2025 952 2100 perfidiae
977 2023 1071 2085 auditi

87 2117 167 2170 sunt.
189 2111 219 2170 in
235 2109 364 2170 consilio
381 2125 567 2185 quemquam
582 2109 662 2171 iusta
677 2110 722 2168 ira
738 2124 845 2170 omnes
858 2109 896 2170 ad
910 2110 1070 2170 delendam

85 2194 262 2258 stimulabat
277 2193 503 2269 Carthaginem,
524 2199 625 2253 tamen
648 2209 717 2257 eum
737 2198 767 2252 ct
782 2200 897 2268 quanta
910 2208 962 2253 res
977 2199 1071 2266 esset,

87 2293 179 2352 quam
199 2277 282 2352 longi
304 2278 450 2353 temporis
470 2277 591 2340 obsidio
607 2285 668 2339 tem
682 2277 816 2338 munitae
831 2283 936 2338 ettam
950 2275 1071 2337 validae

87 2363 171 2424 urbis
185 2369 371 2438 reputarent,
387 2368 417 2422 et
431 2362 533 2437 ipsum
546 2360 723 2437 Scipionem
738 2362 928 2438 exspectatio
945 2375 1069 2422 succes-

88 2445 168 2506 soris
187 2446 307 2512 venturi
322 2447 361 2506 ad
376 2453 515 2521 paratam
530 2446 656 2508 alterius
671 2445 777 2506 labore
791 2461 828 2506 ec
842 2445 979 2523 periculo
995 2443 1070 2506 finiti

87 2529 157 2592 belli
178 2531 289 2596 lamam
310 2530 502 2605 sollicitaret,
525 2530 566 2589 ad
586 2545 696 2605 pacem
718 2529 853 2594 omniurn
875 2528 967 2591 animi
987 2527 1070 2588 versi

87 2620 166 2675 sunt
186 2613 334 2676 XXXVII.
350 2621 478 2688 postero
495 2614 544 2675 die
558 2612 711 2676 revocatis
726 2613 835 2688 legatis
851 2620 881 2672 et
897 2629 966 2674 cum
976 2614 1069 2674 multa

88 2698 286 2773 castigatione
301 2698 451 2773 perfidiae
465 2699 604 2773 monitis,
627 2704 660 2758 ut
673 2703 719 2759 tot
732 2697 871 2759 cladibus
887 2697 988 2759 edocti
1004 2703 1069 2756 tan-
1151 2705 1156 2716 ·

87 2783 154 2843 dem
176 2781 254 2844 deos
275 2788 306 2843 et
326 2782 374 2843 ius
395 2783 557 2848 iurandum
578 2797 650 2844 esse
671 2782 846 2858 crederent,
869 2782 1070 2843 condiciones

88 2867 172 2940 pacis
193 2865 308 2939 dictae,
331 2872 364 2929 ut
384 2866 471 2928 liberi
484 2865 605 2942 legibus
625 2865 690 2928 suis
705 2866 857 2938 viverent;
882 2882 960 2942 ques
975 2866 1069 2928 urbes

86 2965 229 3025 quosque
247 2966 339 3025 agros
356 2951 531 3028 quibusque
545 2951 658 3012 finibus
674 2958 745 3012 ante
759 2951 873 3012 bellum
888 2951 1068 3022 tenuissent,

86 3039 237 3108 wueent,
263 3034 497 3111 populandique
522 3034 614 3096 linem
636 3050 673 3096 eo
695 3036 744 3096 die
764 3035 923 3097 ltomanus
944 3036 1069 3094 laceret

86 3119 231 3193 perlegas
253 3118 460 3193 fugitivosque
481 3127 511 3180 et
532 3119 672 3196 captivos
694 3135 802 3186 omnes
822 3116 988 3178 redderent
1007 3117 1070 3178 Ro·

86 3203 198 3276 manis,
222 3207 252 3262 et
267 3217 362 3262 naves
383 3209 532 3266 rostratas
553 3211 676 3279 praeter
690 3204 799 3265 decem
812 3202 952 3262 triremes
967 3199 1068 3260 trade-

86 3291 159 3360 rent,
175 3285 421 3361 elephantosque
436 3304 515 3362 quos
531 3287 679 3352 baberent
691 3287 833 3358 domitos,
849 3300 951 3361 neque
962 3285 1067 3345 doma-

86 3375 151 3429 rent
165 3369 253 3431 elios.
286 3370 399 3432 bellurn
416 3386 495 3431 neve
510 3371 540 3430 in
555 3373 661 3436 Africa
676 3386 755 3431 neve
770 3376 857 3432 extra
870 3368 1007 3430 Amicam
1022 3367 1067 3427 in·

87 3452 170 3516 iussu
185 3453 293 3529 populi
306 3453 435 3514 Romani
450 3462 600 3528 gererent.
637 3454 822 3514 Masinissae
835 3468 886 3512 res
902 3451 1067 3514 redderent
