2434 3902
182 247 246 312 aaa
350 245 609 308 umuaxxvru.
633 243 794 307 emas.
809 244 1009 322 [susac]

184 404 336 480 ingentem
356 399 524 462 cacuminis
538 399 611 461 editi
625 431 666 444 -
681 399 840 474 speculam
858 396 977 472 posuit,
997 401 1035 456 ut
1048 393 1167 471 ignibus

185 488 292 564 procul
306 486 434 547 sublatis
448 484 584 560 signum,
605 483 658 544 ubi
674 483 747 558 quid
761 483 938 543 molirentur
953 479 1084 555 hostes,
1110 495 1169 541 mo

183 578 286 632 monto
302 569 449 644 temporis
464 567 628 643 acciperet

144 683 164 693 ν’
267 654 424 714 Romanus
444 653 611 729 hnperator
630 659 661 712 et
681 650 801 712 Attalus
822 665 878 710 rex
892 666 911 709 a
926 646 1107 726 Peparetho
1125 646 1172 706 lti-

184 753 289 798 caeam
309 737 510 806 traiecerunt3
541 735 612 796 inde
633 736 764 796 classem
780 735 812 795 in
832 734 988 796 Euboeam
1004 732 1048 792 ad
1062 729 1172 792 urbem

184 820 296 883 Oreum
310 821 484 894 tramittunt,
507 835 587 896 quae
601 820 640 880 ab
655 818 845 880 Demetriaco
863 819 932 880 sinu
947 817 1133 878 Chalcidem
1146 822 1173 874 et

182 905 330 981 Euripum
344 905 458 982 petenti
472 905 512 964 ad
526 906 645 965 laevam
660 903 759 978 prima
772 903 893 964 urbium
902 903 1051 964 Euboeae
1069 899 1173 975 posin

183 997 239 1052 est.
261 989 303 1052 ita
316 990 393 1050 inter
406 991 541 1052 Attalum
555 1003 592 1049 ac
607 987 776 1065 Sulpicium
791 987 944 1062 convenit,
958 992 994 1047 ut
1003 984 1143 1046 Romani
1157 1001 1173 1042 a

182 1075 267 1148 mari,
280 1072 357 1149 regii
368 1079 479 1134 eterra
491 1077 715 1149 oppugnarent.
734 1072 787 1131 VI.
803 1071 976 1148 quadriduo
989 1074 1171 1146 postquam

182 1159 316 1234 appulsa
335 1157 446 1218 classis
466 1163 515 1218 cst
528 1157 635 1218 urbem
656 1156 798 1232 adgressi
813 1162 896 1217 sunt
927 1156 960 1215 id
972 1161 1108 1229 tempus
1125 1168 1170 1212 oc·

182 1242 362 1304 crdtiscum
374 1241 510 1316 Platore,
532 1242 584 1317 qui
598 1239 770 1317 aPhilippo
793 1239 991 1317 praepositus
1007 1237 1083 1300 rubi
1100 1243 1172 1308 erat

182 1326 346 1403 adloquiis
361 1326 557 1401 absumptum
572 1331 628 1386 est.
657 1326 736 1385 duas
752 1340 839 1386 arces
854 1324 929 1386 urbs
943 1323 1052 1398 habet,
1079 1336 1172 1382 unam

181 1409 387 1472 imminentem
407 1411 499 1486 mari,
521 1410 714 1470 atteraurbls
729 1409 902 1470 mediaest.
936 1407 1086 1469 cuniculo
1102 1405 1172 1466 inde

181 1494 232 1554 via
252 1495 292 1554 ad
307 1509 392 1555 mare
407 1494 503 1569 ducit,
527 1510 618 1570 quam
633 1509 653 1554 a
667 1493 743 1553 mari
754 1493 846 1554 turris
862 1493 1000 1570 quinque
1013 1491 1170 1553 tabulato

182 1593 258 1651 rum,
271 1579 427 1653 egregium
438 1577 713 1654 propugnaculum,
725 1577 897 1639 claudebat
919 1577 960 1637 ibi
971 1576 1079 1652 primo
1092 1582 1169 1636 atro·

184 1660 337 1722 cissimum
353 1669 540 1723 contractum
555 1668 603 1724 est
618 1669 770 1722 certarnen
782 1668 813 1723 et
825 1668 909 1723 turre
922 1661 1079 1722 instructa
1092 1658 1171 1721 omni

180 1757 293 1820 genere
313 1746 457 1819 telorum,
480 1752 510 1806 et
522 1747 681 1808 tormentis
701 1746 913 1822 machinisque
927 1747 968 1806 ad
981 1761 1169 1822 oppugnan-

181 1828 252 1889 dam
268 1843 335 1888 eam
350 1844 390 1890 ex
404 1829 533 1891 navibus
548 1831 709 1907 expositis.
730 1846 800 1892 curn
812 1831 945 1892 omnium
957 1830 1086 1891 animos
1099 1846 1169 1892 ocu-

182 1913 294 1988 losque
307 1912 339 1973 id
355 1920 507 1974 certamen
523 1917 693 1990 avertisset,
714 1922 805 1990 porta
818 1915 986 1977 maritimae
1003 1914 1089 1975 arcis
1104 1913 1169 1972 Pla-

180 2004 228 2057 tor
250 1998 407 2059 Romanos
437 2000 571 2076 accepit,
599 2007 816 2076 momentoque
842 2015 898 2060 arx
927 2005 1087 2074 occupata
1114 2004 1168 2058 est

181 2081 328 2156 oppidani
343 2081 426 2158 pulsi
439 2081 511 2143 inde
525 2083 556 2164 in
570 2085 703 2144 mediam
719 2082 826 2144 urbem
842 2085 882 2144 ad
896 2084 1023 2144 alteram
1037 2083 1169 2143 tendere

181 2179 291 2226 arcem.
322 2172 353 2226 et
365 2165 407 2226 ibi
423 2167 516 2242 positi
537 2176 623 2228 erant
637 2168 691 2244 qui
705 2170 790 2229 iores
805 2173 914 2244 portae
927 2167 1102 2228 obicerent.
1130 2166 1168 2226 ita

180 2248 297 2310 exclusi
323 2249 353 2309 in
373 2249 476 2312 medio
496 2251 667 2313 caeduntur
694 2252 927 2328 capiunturque.
958 2250 1168 2312 Macedonum

180 2333 369 2408 praesidirun
385 2336 600 2410 conglobatum
614 2335 673 2398 sub
690 2337 770 2397 arcis
785 2352 873 2397 muro
889 2335 987 2405 stetit3
1017 2351 1082 2396 nec
1096 2337 1168 2410 iuga

179 2415 279 2477 elluse
294 2417 396 2493 petita,
411 2433 469 2479 nec
485 2421 680 2494 pertinaciter
693 2421 844 2495 proelium
858 2419 972 2482 inltun.
994 2435 1054 2481 eos
1066 2420 1168 2480 Plator

179 2500 270 2560 venia
284 2499 322 2559 ab
338 2500 475 2576 Sulpicio
491 2505 651 2580 impetrata
665 2503 695 2564 in
710 2520 806 2565 naves
821 2504 982 2580 impositos
999 2505 1043 2564 ad
1056 2506 1167 2566 Deme-

179 2583 307 2644 triacum
320 2583 499 2648 Phthiotidis
515 2589 676 2663 exposuit;
699 2588 768 2664 ipse
783 2589 823 2648 ad
836 2589 975 2650 Attalum¹
986 2605 1023 2648 se
1037 2589 1165 2664 recepit.

199 2747 206 2760 .
264 2666 418 2743 Sulpicius
436 2676 497 2731 tam
511 2671 592 2732 lacili
607 2673 647 2732 ad
663 2670 775 2734 Oreum
789 2679 942 2734 successu
958 2674 1061 2734 elatus
1078 2672 1165 2733 chal-

180 2748 279 2810 cidem
299 2751 371 2812 inde
392 2755 531 2827 protinus
552 2755 667 2817 victrici
689 2758 790 2818 classe
810 2757 901 2833 petit;
926 2757 979 2817 ubi
1001 2756 1164 2833 haudqua-

180 2849 272 2909 quam
292 2836 333 2896 ad
353 2852 441 2912 spem
463 2847 591 2901 eventus
611 2842 782 2916 respondit.
819 2855 859 2900 ex
880 2841 996 2917 patenti
1011 2842 1165 2918 utrimque

180 2925 320 2980 coactum
335 2921 364 2980 in
381 2923 539 2998 angustias
553 2939 638 2984 mare
653 2926 788 3001 speeiem
800 2925 927 2987 intuenti
937 2926 1040 3000 primo
1052 2926 1163 3002 gemini

180 3009 290 3077 portus
314 3005 345 3064 in
368 3023 423 3068 ora
445 3009 506 3070 duo
527 3009 610 3069 versi
632 3010 797 3085 praebere:
825 3011 882 3070 sed
896 3009 980 3070 haud
999 3009 1091 3071 lacile
1107 3009 1163 3070 alia

180 3088 320 3151 infestior
341 3092 434 3153 classi
449 3093 537 3154 statio
553 3098 610 3152 est.
645 3110 716 3154 nam
732 3101 763 3154 et
776 3094 859 3154 venti
874 3095 913 3155 ab
926 3094 1092 3171 utriusque
1103 3101 1162 3154 ter-

179 3187 233 3231 rae
247 3175 392 3248 praealtis
407 3176 562 3236 montibus
579 3176 671 3237 subiti
685 3194 722 3238 ac
736 3178 905 3252 procellosi
919 3193 955 3238 se
970 3178 1119 3253 deiciunt
1134 3184 1161 3236 et

179 3256 290 3322 iretum
309 3258 412 3333 ipsum
431 3259 536 3334 Euripi
557 3274 619 3318 non
640 3261 777 3337 septiens
799 3261 865 3337 die,
891 3262 973 3324 sieut
994 3263 1076 3322 launa
1097 3263 1159 3332 fert,

179 3341 369 3413 temporibus
385 3342 472 3402 statis
486 3341 674 3418 reciprocat,
696 3344 754 3404 sed
767 3351 882 3406 temere
894 3345 926 3405 in
941 3346 1067 3407 modum
1081 3345 1159 3405 venti

181 3435 263 3480 nunc
276 3423 337 3483 huc
351 3440 433 3484 nunc
446 3424 518 3484 illuc
531 3440 624 3486 verso
638 3427 714 3487 mari
727 3428 811 3490 velut
824 3434 927 3490 monte
933 3429 1095 3505 praecipiti
1110 3429 1159 3488 do·

181 3503 304 3564 volutus
319 3512 441 3579 torrens
452 3506 578 3585 rapitur.
600 3509 642 3568 ita
656 3524 714 3569 nec
727 3519 819 3572 noete
833 3527 891 3572 nec
905 3511 957 3573 dic
972 3512 1062 3589 quies
1077 3508 1156 3572 narr·
