2448 3900
279 221 395 285 LIBER
405 223 510 283 XXIX.
537 222 619 283 CAP.
633 231 677 286 ὅθ’.
701 230 738 297 [a.
751 229 783 282 C.
795 231 858 298 tol]
996 225 1057 288 321

78 377 219 438 civitates
235 376 390 437 voluntate
403 374 435 436 in
451 374 603 437 dicionem
616 382 775 436 venerunt.
795 384 826 437 ct
840 393 908 438 cum
925 379 1060 441 comitio-

76 460 222 521 numiam
239 466 399 535 appeteret
412 467 550 536 tempus,
572 459 745 520 comelium
760 462 863 536 potius
878 477 917 522 ex
931 462 1060 537 Etruria,

76 543 133 605 ubi
147 544 221 604 nihil
236 543 307 603 belli
322 549 395 617 erat,
410 544 538 604 Romam
555 543 647 604 acciri
662 544 785 619 placuit.
808 545 835 605 is
850 547 994 607 consules
1007 547 1061 607 Cn.

77 628 243 689 Servilium
266 627 441 704 Caepionem
466 638 495 689 et
520 628 551 688 0.
570 627 729 689 Servilium
754 628 912 690 Geminum
937 630 1060 692 creavit.

75 713 151 772 inde
163 711 317 788 praetoria
331 711 452 772 comitia
461 710 572 773 habita.
597 711 689 772 creati
700 710 732 770 P.
746 711 904 774 Cornelius
915 713 1060 776 Lentulus

74 795 108 854 P.
123 795 302 870 Quinctilius
317 796 420 855 Varus
431 794 467 858 P.
479 795 586 856 Aelius
601 793 712 856 Paetus
723 793 755 854 P.
767 795 877 858 Villius
887 799 1060 873 Tappuluse

75 879 96 940 li
114 879 177 941 duo
201 894 270 939 cum
289 877 406 938 aediles
428 878 527 954 plebis
548 884 667 953 essent,
690 885 848 954 praetores
869 883 963 942 creati
978 888 1059 942 sunt.

76 964 189 1025 consul
204 962 334 1023 comitiis
348 962 493 1037 perlectis
508 962 548 1022 ad
562 962 729 1023 exercitum
743 963 774 1023 in
788 964 939 1026 Etruriam
952 966 1040 1026 redit.

163 1045 347 1107 Sacerdotes
370 1061 407 1106 eo
427 1061 508 1106 anno
533 1046 644 1107 mortui
669 1053 760 1120 atque
781 1047 933 1110 inlocum
954 1064 1060 1110 eorum

75 1130 216 1192 suffecti:
237 1130 302 1191 Tib.
316 1129 463 1190 Veturius
478 1128 562 1190 Philo
578 1129 689 1190 damen
700 1130 846 1192 Martialis
862 1133 1008 1195 inlocum
1018 1132 1059 1192 M.

74 1214 199 1275 Aemilii
214 1214 331 1290 Regilli,
351 1213 404 1289 qui
418 1212 522 1287 priore
536 1229 617 1274 anno
631 1219 770 1276 mortuus
786 1221 859 1288 erat,
877 1224 998 1278 creatus
1013 1217 1059 1276 in·

75 1304 326 1374 auguratusque,
359 1297 390 1358 in
413 1295 455 1356 Μ.
473 1295 632 1373 Pomponii
652 1296 804 1359 Mathonis
829 1306 858 1361 et
881 1303 1007 1376 cupane
1031 1308 1061 1360 ct

74 1381 243 1444 decemviri
266 1384 367 1442 locum
389 1380 483 1441 creati
498 1380 654 1442 decemvir
667 1381 708 1440 M.
723 1383 868 1445 Aurelius
883 1385 984 1459 cotta,
1006 1399 1059 1443 au·

73 1483 135 1544 gur
163 1466 227 1526 Tib.
255 1464 456 1540 Sempronius
486 1464 642 1527 Gracchus
671 1465 836 1528 admodum
865 1469 1059 1543 adolescens,

74 1551 163 1628 quod
177 1558 240 1611 tum
256 1565 415 1625 perrarum
429 1549 459 1608 in
475 1547 658 1610 mandandis
673 1551 854 1612 sacerdotiis
876 1560 949 1613 erat.
984 1568 1059 1628 qua·

73 1635 183 1712 drigae
198 1649 309 1694 aureae
321 1648 358 1694 eo
371 1648 452 1694 anno
464 1633 494 1693 in
502 1633 648 1710 capitolio
660 1633 780 1709 positae
791 1636 830 1696 ab
846 1635 994 1696 aedilibus
1008 1651 1060 1696 cu·

72 1719 193 1780 rulihus
217 1717 247 1781 C.
262 1717 349 1778 Livio
371 1722 402 1777 et
420 1715 460 1777 M.
477 1716 607 1779 Servilio
629 1717 765 1796 Gemino.
801 1728 832 1782 et
852 1721 916 1781 ludi
930 1719 1059 1782 Romani

72 1803 203 1864 biduum
224 1801 397 1876 instaurati,
419 1802 490 1862 item
511 1817 567 1877 per
586 1801 712 1862 biduu'm
729 1803 840 1879 plebeii
855 1803 894 1863 ab
909 1804 1061 1866 aedilibus

69 1885 106 1948 P.
122 1886 212 1947 Aelio
227 1884 259 1944 P.
274 1884 377 1946 Villio.
399 1891 430 1945 et
444 1883 526 1947 lovis
542 1887 666 1960 epulum
680 1886 736 1946 luit
750 1886 892 1947 ludorum
907 1903 1010 1949 causa.

464 2080 669 2094 *ᾑ-

404 2271 544 2366 llll
590 2270 731 2364 llll

327 2422 386 2486 Ab
417 2421 547 2484 URBE
580 2419 809 2481 CONDITA

460 2534 571 2598 LIBER
591 2533 682 2596 XXX.

482 2660 653 2674 Ἣ

86 2733 239 2789 armona.
267 2737 295 2786 ln
310 2736 397 2788 Airlca
411 2735 633 2804 Carthaginienses
649 2745 673 2789 et
691 2735 799 2786 eundem
816 2731 957 2802 Syphacem
970 2732 1046 2784 Numi

127 2807 185 2858 dias
197 2821 285 2872 regem
299 2805 534 2870 Hasdrubalemque
550 2805 636 2872 Scipio
656 2805 771 2872 pluribus
789 2801 893 2869 proeliis
910 2802 971 2854 vicit
985 2804 1045 2854 adiu

125 2883 200 2926 vante
209 2875 359 2934 Masinissa,
375 2874 555 2926 binahostium
569 2883 651 2926 castra
660 2873 832 2940 expugnarit,
848 2873 875 2922 in
889 2871 981 2935 quibus
994 2886 1057 2934 qua·

124 2945 243 3009 draginta
254 2943 325 2994 milia
335 2942 465 2994 homiuum
476 2943 542 2994 ierro
556 2945 660 3012 ignique
669 2948 817 3006 consumpta
827 2948 893 2990 sunt.
913 2939 1054 3006 Syphacem

126 3028 173 3079 per
184 3012 210 3064 0.
224 3012 338 3063 Laelium
348 3020 371 3062 et
382 3011 543 3062 Masinissam
556 3014 629 3078 cepit.
652 3011 787 3063 Masinissa
800 3008 980 3074 Sophonibam,
992 3024 1056 3059 uxo·

125 3097 180 3132 rem
197 3079 334 3147 Syphacis,
355 3079 433 3130 liliam
447 3081 628 3143 Hasdrubalis,
652 3088 751 3146 captam
774 3079 859 3128 statim
881 3077 1009 3127 adamavit
1030 3083 1055 3127 et

126 3152 222 3215 nuptiis
240 3150 314 3200 iactis
327 3162 433 3200 uxorem
449 3150 546 3200 habuit.
577 3150 716 3217 castigatus
731 3146 873 3212 aSclpione
890 3159 1014 3195 venenum
1032 3145 1055 3194 ei

125 3220 209 3279 misit,
226 3234 276 3282 quo
293 3217 385 3268 hausto
401 3217 444 3267 illa
460 3219 577 3270 decessit.
604 3219 770 3279 alienumque
784 3221 823 3264 est
833 3213 918 3264 multis
929 3211 1054 3278 Scipionis

124 3288 252 3349 victoriis,
269 3294 296 3337 ut
307 3285 542 3352 Carthaginienses,
557 3289 583 3338 iu
601 3286 804 3353 desperationem
818 3283 881 3342 acti,
895 3283 922 3332 iu
931 3281 1053 3332 auxilium

124 3356 241 3422 publicae
257 3355 347 3406 salutis
358 3355 523 3407 Hannibalem
534 3362 688 3408 revocarent.
715 3355 788 3417 isque
799 3366 864 3402 anno
873 3358 945 3402 sexto
957 3351 1053 3401 decimo

122 3425 195 3476 ltalia
212 3425 336 3476 decedens
350 3426 376 3476 lu
386 3425 499 3476 Airicam
510 3425 624 3492 traiecit,
643 3422 825 3488 temptavitque
841 3435 886 3486 per
900 3419 1053 3484 colloquium

126 3508 215 3560 pacem
230 3509 286 3544 cum
301 3491 419 3558 Scipione
438 3509 602 3560 componere,
619 3501 643 3545 st
660 3507 717 3544 cnm
732 3492 763 3542 de
777 3487 967 3541 condicionibus
981 3489 1056 3554 pacis

117 3580 144 3622 r.
159 3579 221 3622 nrvr
235 3579 311 3622 rans
325 3563 375 3622 ΙΙΙ.
812 3565 846 3620 al
