2428 3892
253 225 370 288 Llssurt
384 226 490 288 xxvi
514 225 597 288 cAP.
612 239 657 292 m.
679 229 715 308 [ι.
728 232 837 312 oon]
978 233 1038 300 127

32 391 167 452 arogno
183 376 389 438 eirounriusus
403 378 490 438 tuma
505 379 544 439 od
559 379 688 440 tribunal
704 383 841 444 consulis
854 385 938 446 venit
952 387 1034 464 petit·

33 473 126 534 que,
156 466 194 520 ut
213 475 313 536 pauoe
335 462 507 522 suaserim
527 463 660 538 audiret,
686 467 929 545 oenturiamque,
959 487 1038 545 quae

32 541 175 604 tulisset
200 541 394 620 suffragium,
427 547 567 607 revecari
591 547 718 609 iuberet
760 551 870 612 ereotis
895 554 1037 617 omnibus

34 627 296 702 exspeetatione,
319 629 464 704 quidnam
480 631 687 705 postulaturus
702 639 794 709 esset,
810 636 969 698 oculorum
984 655 1036 699 ra·

33 711 223 772 latudinem
238 712 407 773 exousavit
427 713 634 789 impudentem
648 723 679 776 et
691 716 925 791 procreatorem
939 729 970 782 et
982 723 1037 784 im·

34 801 228 870 peratorem
242 811 329 871 esse,
352 795 414 871 qui,
436 813 506 868 eum
518 799 629 866 alienis
644 801 741 862 eeuiis
756 801 785 861 ei
800 804 902 864 omnia
915 807 1036 880 egendo

35 879 127 954 sint,
155 880 291 954 postulet
309 879 371 940 eibi
396 881 524 942 otiorum
544 883 645 958 eapite
666 899 702 944 ao
722 885 860 954 fortunas
881 890 1035 950 committi.

37 962 200 1038 proinde,
221 963 248 1024 si
267 963 437 1040 videretur,
460 972 490 1025 et
509 966 611 1026 redire
630 967 661 1028 in
683 967 862 1045 suffragium
878 971 1035 1034 Veturiam

37 1047 206 1107 iuniorum
225 1047 359 1124 iuberet,
380 1054 411 1108 m
424 1049 635 1110 meminissent
653 1050 684 1110 in
699 1053 878 1118 oonsulibus
893 1056 1035 1118 oreandis

36 1130 130 1204 belli,
155 1131 242 1206 quod
256 1132 285 1191 in
300 1131 386 1192 Italia
400 1133 455 1206 sit,
478 1141 711 1212 temporumque
724 1136 768 1197 rei
783 1138 934 1214 pubiioae.
967 1140 1034 1201 vix-

41 1216 124 1276 dum
144 1216 311 1292 requiesse
331 1231 422 1277 aures
443 1233 464 1276 o
483 1218 612 1294 strepitu
634 1226 664 1280 et
682 1223 811 1282 tumultu
830 1221 948 1299 hostili,
971 1240 1034 1300 quo

45 1314 171 1374 pauoos
187 1307 258 1368 ante
268 1315 395 1368 menses
410 1302 541 1363 emerint
554 1319 654 1379 prope
667 1305 942 1370 moenieitomene.
961 1315 1035 1383 post

46 1383 128 1443 haee
142 1399 214 1444 oum
229 1385 365 1445 centuria
378 1385 524 1461 irrequiem
538 1387 760 1449 suoolomeseet
773 1388 847 1448 nihii
861 1406 897 1451 se
916 1398 1033 1452 mutare

45 1468 236 1544 sententiae,
245 1469 447 1545 eosdemque
461 1471 605 1532 eonsules
620 1471 756 1532 dicturos
772 1487 859 1547 esse,
880 1482 943 1536 tum
957 1475 1032 1536 Tor-

45 1558 162 1626 quatus
183 1567 306 1627 „nequo
325 1567 384 1629 ego
405 1559 547 1619 ventrem
567 1555 665 1631 inquit
685 1571 808 1630 „mores
822 1561 931 1619 consui
952 1559 1033 1620 ieme

43 1643 169 1712 potero,
184 1645 286 1712 neque
300 1653 360 1698 vos
373 1637 532 1714 imperium
548 1655 657 1699 meum.
685 1640 783 1701 redite
796 1641 827 1701 in
842 1641 1031 1719 suiiregirmr,

42 1727 75 1780 et
98 1719 234 1795 eogitate
258 1721 372 1790 beilum
391 1720 536 1784 Prinioum
561 1723 593 1782 in
613 1723 699 1784 ltalia
718 1730 749 1785 et
768 1724 901 1788 hostium
922 1727 1031 1788 dueem

41 1804 251 1866 Hannibalem
272 1811 374 1867 esse‘.
406 1812 470 1868 trun
484 1806 620 1868 oenum
634 1814 664 1868 et
684 1809 865 1870 auctoritate
877 1817 960 1871 mota
973 1811 1030 1871 viri

44 1897 75 1951 et
91 1889 306 1951 admirantium
321 1890 402 1954 eirea
416 1892 535 1953 fremitu
549 1890 635 1968 petiit
649 1908 667 1954 a
682 1894 817 1967 oonsule,
832 1894 1030 1955 utVeturiam

44 1975 206 2036 seniorum
221 1975 340 2036 eitureta
357 1976 439 2036 veile
453 1991 528 2038 sese
541 1991 610 2036 oum
623 1975 788 2038 maioribus
800 1983 871 2038 natu
886 1978 1030 2053 oolioqui,

44 2066 74 2119 et
88 2075 129 2118 ex
153 2059 333 2120 auetoritote
347 2075 451 2120 eomm
465 2059 612 2127 eonsules
626 2061 738 2120 dieere.
770 2060 869 2121 nitetis
884 2061 1030 2121 Veturiae

43 2142 222 2204 senioribus
234 2143 338 2204 damin
349 2150 469 2205 secreto
484 2144 515 2204 in
524 2142 602 2204 onii
613 2159 682 2204 oum
695 2143 733 2204 iis
746 2144 943 2219 colloquendi
954 2153 1029 2205 tem·

45 2244 116 2303 pus.
143 2227 283 2288 seniores
299 2227 340 2288 de
351 2227 449 2288 tribus
463 2227 685 2288 miserendum
701 2227 843 2290 dixerunt
856 2243 936 2302 esse,
952 2229 1029 2288 duo-

43 2311 102 2373 bus
117 2311 220 2388 plenis
234 2313 295 2372 iam
309 2311 469 2385 honorum,
492 2311 527 2387 0.
540 2311 635 2372 Fabio
651 2320 682 2373 et
694 2312 734 2371 Μ.
749 2312 909 2384 Mareotim
932 2318 977 2385 et,
1001 2311 1028 2371 si

44 2393 151 2472 utiqu'e
171 2411 287 2456 novum
301 2397 433 2471 aliquem
455 2395 606 2458 adversus
621 2395 743 2456 Poenm
758 2395 916 2457 consulem
931 2396 1028 2456 creari

45 2481 173 2554 velient,
193 2479 234 2538 Μ.
250 2479 406 2540 Valerium
420 2478 586 2540 Laevinum
606 2478 730 2555 egregie
749 2479 901 2541 adversus
915 2479 1027 2555 Philip-

47 2579 117 2640 pum
128 2579 235 2638 regom
245 2570 328 2624 teme
341 2562 481 2639 merique
494 2564 722 2644 remgessisee.
743 2564 785 2624 ita
796 2563 836 2624 de
846 2563 943 2624 tribus
955 2578 1027 2624 oon-

46 2647 210 2709 sultatione
223 2648 296 2707 dato
306 2646 481 2712 senioribus
492 2646 628 2710 dimissis
642 2647 776 2709 iuniores
789 2647 969 2723 suffragium
983 2647 1027 2707 in-

46 2738 126 2792 eunt.
148 2731 190 2792 iti.
196 2731 374 2792 Marcellum
382 2730 541 2793 Ciaudium
554 2733 717 2808 fingentem
728 2739 791 2792 tum
799 2731 903 2793 Sieilio
914 2731 1028 2793 domita

46 2822 74 2876 et
86 2815 127 2876 it.
142 2815 302 2876 Valerium-
315 2814 461 2882 absentes
477 2817 621 2882 eonsules
637 2816 787 2876 dixerunt.
819 2815 1027 2877 auctoritatem

46 2900 278 2976 praerogativae
290 2915 399 2962 omnes
411 2900 566 2961 oenturioe
577 2901 702 2962 s'eoutae
713 2907 793 2960 sunt.
813 2900 1027 2961 eiuduntnuno

47 2985 170 3061 antique
183 2985 346 3046 mirantes:
368 3000 430 3045 non
446 2983 598 3060 equidem,
614 2983 641 3043 si
657 2999 719 3059 qua
733 2983 775 3046 eit
787 2983 969 3060 sapientium
985 2980 1026 3040 ei-

48 3069 130 3144 dus,
149 3085 242 3145 quam
257 3069 340 3131 docti
355 3069 474 3145 fingunt
486 3067 585 3143 napis
602 3084 693 3144 quam
708 3073 827 3140 norunt,
849 3073 902 3128 aut
915 3064 1025 3142 prinoi-

51 3169 100 3226 pes
121 3154 281 3230 gratiores
302 3153 620 3229 temperantioresque
640 3151 815 3228 acupidine
834 3148 952 3225 imperii
973 3152 1027 3206 eut

50 3238 264 3300 multitudinem
286 3239 399 3316 melius
411 3244 558 3298 monetam
574 3243 721 3297 censeant
734 3235 800 3296 fleri
814 3247 919 3309 posse.
954 3245 1025 3288 oen-

50 3323 149 3384 turiem
164 3339 241 3384 vero
263 3323 416 3385 iuniorum
429 3323 568 3384 seniores
584 3321 746 3384 consulere
759 3317 897 3379 voluisse
912 3311 1024 3387 quibus

50 3405 201 3484 imperium
222 3407 371 3484 suffragio
390 3405 564 3480 mandaret,
586 3404 639 3465 vin
653 3409 688 3464 ut
700 3401 765 3462 ven·
780 3399 878 3460 simile
893 3396 946 3468 sit,
969 3411 1023 3472 pa·
1078 3425 1080 3429 Δ

50 3493 169 3554 rentium
191 3507 318 3570 quoque
331 3490 394 3553 hoe
414 3490 538 3552 saeculo
553 3488 624 3550 vilis
647 3487 786 3561 levisque
807 3479 890 3558 apud
910 3478 1023 3540 liberos
