2434 3902
237 188 355 250 amun
370 189 507 250 xxvrn.
531 190 616 252 cnr.
630 199 657 255 o.
671 201 714 255 ro.
737 200 774 268 [a.
787 161 896 269 osori
992 193 1057 262 ast.

58 342 196 418 tuisset,
215 347 250 402 ut
269 341 310 401 Μ.
325 341 443 403 Livium
465 343 623 419 quadrigis
645 345 751 407 urbem
773 348 928 411 ineuntem
943 349 1056 414 nallioes

59 431 283 504 sequerentur,
300 424 332 486 C.
349 425 494 487 Claudius
508 441 590 503 equo
606 428 672 489 sine
690 429 834 493 militibus
848 433 1054 497 inveheretur.

59 513 108 571 ita
124 509 323 572 consociatus
337 509 508 585 triumphus
525 525 595 571 cuna
608 512 740 588 utrique,
755 521 819 575 tum
833 515 931 592 magis
946 519 974 578 ei
990 521 1053 596 qui,

61 602 219 671 quantum
234 593 342 654 merito
357 591 504 669 anteibat,
527 601 644 656 tantum
657 595 777 658 honore
791 601 929 676 collegae
944 616 1052 664 cesse-

62 686 123 754 rat,
138 677 269 754 gloriam
284 677 379 738 auxit.
399 677 483 738 illum
500 678 632 754 equitem
646 679 769 742 aiebant
783 697 840 743 sex
852 682 970 745 dierum
980 703 1053 762 spa-

64 764 110 822 tio
139 761 365 823 transcurrisse
391 761 612 836 longitudinem
636 763 756 839 ltaliae,
784 773 815 826 et
842 781 880 829 eo
909 769 959 829 dle
984 785 1053 832 eum

64 844 262 906 Hasdrubale
284 845 315 904 in
332 844 428 908 Gallia
447 844 545 920 signis
567 846 685 908 collatis
706 864 878 926 pugnasse,
900 844 962 928 quo
984 869 1053 916 eum

65 937 172 991 castra
193 933 345 989 adversas
367 943 439 989 sese
458 928 490 988 in
509 930 624 1007 Apulia
643 931 746 1006 posita
765 932 880 994 habere
901 935 1053 998 llannibal

65 1013 264 1073 credidisset
295 1013 338 1074 ite
350 1027 445 1073 unum
461 1014 619 1075 consulem
632 1031 690 1091 pro
705 1021 835 1093 utraque
849 1024 936 1094 parte
949 1020 1054 1081 ltaliae

65 1098 222 1158 adversus
244 1096 324 1158 duos
347 1097 459 1171 duceS,
482 1097 561 1159 duos
583 1098 783 1174 imperatores
805 1100 877 1162 hinc
891 1103 1052 1164 consilium

66 1197 169 1256 suum,
181 1180 253 1242 hine
265 1197 380 1257 corpus
392 1182 592 1257 opposuisse.
607 1183 855 1246 nomenNeronis
867 1186 942 1247 satis
955 1187 1053 1248 luisse

67 1265 109 1326 ad
139 1265 356 1326 continendum
384 1266 550 1327 incastris
578 1266 793 1328 Hannibalem=
827 1269 1053 1332 Hasdrubalem

67 1364 145 1410 vero
167 1365 229 1426 qua
249 1350 310 1410 alia
328 1365 364 1412 re
385 1365 477 1426 quam
498 1351 635 1412 adventu
648 1353 715 1412 eius
732 1351 874 1414 obrutum
889 1359 983 1429 atque
997 1369 1051 1413 ex-

68 1433 213 1495 stinctum
238 1441 332 1494 esset
364 1434 470 1510 itaque
494 1435 552 1496 iret
572 1436 647 1497 alter
668 1437 778 1497 consul
799 1437 938 1498 sublimis
960 1454 1052 1500 curru

69 1517 251 1593 multiiugis,
272 1518 300 1578 si
319 1519 426 1588 vellet,
445 1519 551 1593 equis:
571 1536 636 1581 uno
656 1535 738 1596 equo
752 1535 810 1596 per
823 1520 931 1582 urbem
944 1537 1050 1582 verum

69 1602 255 1677 triumphum
274 1601 361 1678 vehi,
385 1602 615 1682 Neronemque,
641 1603 780 1665 etiamsi
800 1604 899 1680 pedes
918 1605 1050 1681 incedat,
1146 1601 1150 1610 '

72 1687 121 1746 vel
136 1693 221 1762 parta
236 1702 274 1748 eo
288 1686 370 1747 bello
384 1687 434 1747 vel
448 1694 556 1762 spreta
568 1703 606 1749 eo
621 1687 776 1764 triumpho
790 1689 888 1764 gloria
901 1705 1051 1752 memora·

71 1771 162 1830 bilem
181 1771 258 1832 lore.
290 1770 322 1830 hi
338 1785 497 1832 sermones
518 1772 725 1848 spectantium
739 1771 891 1834 Neronem
905 1774 1047 1850 usquein

68 1855 250 1930 Capitolium
264 1854 421 1932 prosecuti
436 1861 516 1916 sunt.
544 1855 696 1932 pecuniae
709 1856 740 1915 in
755 1856 905 1918 aerarium
919 1860 1048 1922 tulerunt

67 1939 245 2000 sestertium
259 1939 392 2013 triciens,
410 1939 566 2014 octoginta
579 1939 662 2000 milia
676 1940 767 2001 acris.
788 1939 932 2001 militibus
946 1941 987 2001 Μ.
1002 1942 1051 2002 Li·

67 2025 137 2084 vius
163 2023 398 2100 quinquagenos
424 2039 519 2084 senos
547 2039 636 2085 asses
663 2022 782 2094 divisit3
816 2025 993 2085 tantundem
1019 2026 1049 2086 C.

66 2105 215 2169 Claudius
234 2108 414 2170 absentibus
429 2106 575 2168 militibus
591 2107 657 2168 suis
672 2113 721 2168 est
734 2106 905 2183 pollicitus,
927 2109 1048 2171 eumad

66 2191 236 2252 exercitum
250 2192 392 2254 redisset.
425 2198 561 2253 notatum
576 2207 614 2252 eo
629 2190 680 2251 die
693 2191 783 2267 plura
797 2191 931 2252 carmina
943 2193 1050 2254 milite-

67 2276 153 2336 ribus
173 2275 252 2337 iocis
266 2276 297 2336 in
311 2276 344 2338 C.
361 2275 520 2339 Claudium
535 2291 628 2352 quam
644 2276 803 2336 consulem
817 2291 908 2336 snum
923 2275 1050 2347 iactam

68 2359 188 2435 equites
207 2359 241 2419 L.
256 2361 416 2422 Veturium
437 2366 468 2421 et
488 2358 704 2435 occaecatum
722 2360 842 2434 legatos
863 2360 983 2436 magnis
1003 2368 1050 2422 tu-

66 2445 144 2508 lisse
158 2444 312 2522 laudibus,
333 2444 536 2521 hortatosque
551 2459 624 2504 esse
638 2443 770 2519 plebem,
786 2450 819 2505 ut
833 2458 888 2503 eos
904 2445 1049 2505 consules

66 2530 99 2587 in
112 2528 288 2603 proximum
303 2545 416 2589 annum
431 2534 587 2598 crearent;
610 2527 764 2589 adiecisse
778 2527 913 2604 equiturn
925 2542 1050 2604 praero-

66 2611 189 2687 gativae
210 2613 421 2674 auctoritatem
442 2613 604 2687 consules,
625 2617 752 2687 postero
774 2611 825 2671 die
845 2611 875 2670 in
897 2612 1049 2685 contione,

67 2711 162 2771 quam
182 2695 251 2757 lorti
271 2697 418 2774 fidelique
439 2697 570 2758 duorum
589 2695 757 2772 praecipue
770 2697 941 2772 legatorum
955 2711 1052 2772 opera

67 2779 117 2840 usi
133 2787 247 2855 essent,
262 2786 548 2843 commemorantes.

152 2863 190 2924 X.
211 2864 285 2925 Cum
306 2865 497 2926 comitiorum
517 2871 639 2940 tempus
661 2869 820 2939 appeteret
839 2870 870 2924 et
884 2878 942 2940 per
957 2862 1050 2924 dicta·

66 2955 166 3008 torem
186 2948 308 3009 comitia
326 2949 434 3010 haberi
455 2948 638 3024 placuisset,
661 2949 693 3008 C.
716 2947 860 3008 Claudius
881 2948 990 3010 consul
1008 2945 1051 3006 M.

65 3029 186 3093 Livium
200 3034 350 3108 collegam
364 3033 544 3094 dictatorern
555 3032 640 3106 dixit
652 3031 756 3092 Livius
768 3031 800 3104 Q.
815 3031 976 3092 Caecilium
987 3046 1050 3091 ma-

66 3116 195 3189 gisuum
212 3117 358 3193 equitum.
390 3116 464 3176 aM.
478 3115 564 3177 Livio
581 3116 732 3178 dictatore
748 3115 841 3176 creati
857 3116 1001 3176 consules
1015 3113 1049 3172 L.
1148 3167 1150 3170 .

66 3199 213 3261 Veturius
228 3201 262 3276 Q.
279 3200 437 3276 Caecilius,
453 3200 480 3261 is
495 3200 564 3276 ipse
579 3201 632 3276 qui
646 3207 710 3261 tum
724 3205 790 3259 erat
804 3199 950 3274 magister
964 3196 1047 3272 equi·

67 3293 141 3343 tum.
174 3283 245 3345 inde
265 3291 442 3361 praetorum
464 3283 586 3346 comitia
600 3283 720 3355 habita;
743 3282 836 3342 creati
851 3281 882 3341 C.
901 3279 1050 3342 Servilium

67 3365 108 3425 Μ.
125 3366 274 3430 Caecilius
293 3369 436 3430 Metellus
455 3368 521 3428 Tib.
538 3368 683 3429 Claudius
703 3365 829 3426 Asellus
851 3365 885 3440 Q.
898 3363 1050 3425 Mamilius

67 3449 228 3526 Turrinus,
251 3455 305 3530 qni
325 3459 387 3514 turn
409 3452 518 3513 aedilis
532 3451 633 3529 plebis
651 3455 725 3518 erat
761 3449 891 3510 comitiis
905 3447 1052 3524 perlectle
