2434 3902
171 275 177 280 ,
248 209 719 274 Ltssbaxxvl1.cnl>.ee.ao.
741 215 901 284 [aeaut]
1001 211 1064 276 203

75 363 201 423 ercitum
226 368 377 432 sumerem
399 361 537 421 relietum
559 360 592 434 Q.
608 360 733 442 Fulvius
756 361 924 436 proconsul
943 363 1062 439 aoeipe-

74 453 134 519 ret,
157 447 254 522 eique
269 446 299 506 in
319 461 432 506 annum
447 445 605 521 imperium
626 451 719 504 esset.
753 452 783 506 et
798 444 829 504 G.
844 445 990 520 Hostilio,
1015 446 1063 507 cui

74 547 129 606 pro
149 530 277 591 Etruria
298 530 460 592 Tarentum
479 535 672 589 mutaverant
691 528 897 604 provinciam,
928 546 984 605 pro
1006 531 1062 592 Ta·

73 622 157 675 rento
171 615 313 692 Capuam
327 619 529 676 mutaverunt
551 613 631 688 legio
646 629 708 674 una
723 612 794 672 data
808 620 863 688 est,
882 614 930 674 oui
937 613 1062 674 Fulvius

74 701 215 774 proximo
233 714 316 759 anno
333 699 515 774 praefuerat.

155 783 297 843 XXXVI.
327 783 372 842 De
386 780 588 842 Hasdrubalis
609 781 742 842 adventu
761 781 791 841 in
806 781 922 841 ltaliam
937 796 1011 840 cura
1032 781 1061 841 in

75 867 139 926 dies
152 866 328 926 erescebat.
350 865 589 928 Massiliensium
600 865 729 942 primum
744 865 835 939 legati
850 865 1063 925 nuntiaverunt

76 967 142 1010 eum
163 951 195 1010 in
211 951 343 1011 Galliam
363 957 604 1025 transgressum,
628 955 811 1024 erectosque
831 948 965 1008 adventu
986 947 1061 1023 eius,

76 1036 144 1108 orna
159 1051 310 1111 magnum
325 1036 448 1112 pondus
464 1034 528 1094 auri
545 1033 683 1094 atudisse
699 1032 851 1093 diceretur
865 1031 906 1090 ad
920 1032 1062 1091 mercede

76 1120 186 1180 auxilia
201 1120 417 1194 conducenda,
434 1119 589 1180 Gallorum
604 1117 732 1176 animos.
766 1114 852 1176 missi
867 1114 978 1174 deinde
994 1130 1060 1174 eum

78 1203 111 1264 iis
130 1205 223 1280 legati
247 1204 288 1265 ab
302 1205 401 1264 Roma
419 1203 491 1264 Sex.
507 1201 658 1262 Antistius
678 1207 708 1259 et
729 1199 768 1260 M.
784 1200 916 1259 Raecius
938 1199 978 1257 ed
998 1213 1061 1257 rem

79 1286 301 1364 inspiciendam
322 1289 512 1361 rettulerant,
535 1300 658 1345 mrsrsse
679 1299 715 1344 se
735 1298 805 1343 eum
817 1280 1061 1342 Massiliensibus

77 1371 220 1446 ducibus,
253 1373 306 1448 qul
327 1389 383 1448 per
404 1371 544 1446 hospites
571 1385 691 1442 eormrr,
719 1365 875 1442 prinsipes
896 1363 1061 1438 Gallorum,

77 1457 174 1516 omnia
190 1458 356 1532 explorata
366 1457 529 1515 referrentz
549 1469 606 1530 pro
619 1457 775 1526 comperto
788 1449 910 1522 habere,
924 1447 1061 1508 Hasdru-

79 1537 173 1600 balem
185 1541 304 1617 ingenti
317 1540 377 1600 iam
389 1545 497 1600 coacto
513 1537 649 1598 exereitu
662 1535 802 1610 proximo
814 1531 990 1607 vereAlpes
1002 1538 1061 1591 tra·

78 1623 231 1700 lecturum,
253 1640 313 1684 nee
327 1631 473 1684 tumeam
490 1622 653 1696 quiequam
668 1619 751 1678 aliud
765 1617 887 1690 morari,
903 1615 961 1676 nisi
977 1614 1060 1691 quod

80 1707 198 1770 clausae
212 1710 316 1768 hieme
331 1710 429 1783 Alpes
444 1713 558 1766 essent.

125 1851 132 1856 .
156 1793 191 1852 ln
208 1797 312 1854 loeum
326 1791 367 1851 Μ.
382 1790 518 1850 Marcelli
532 1788 564 1847 P.
579 1787 687 1848 Aelius
701 1786 813 1846 Paetus
827 1799 924 1858 augur
939 1788 1056 1843 oreatus

90 1885 352 1952 oauguratusqum
376 1882 406 1934 et
417 1874 469 1935 Gn.
483 1870 643 1934 Gemellus
658 1868 818 1930 Dolabella
831 1882 886 1926 rex
901 1880 1058 1925 sacrorum

83 1959 275 2036 bauguratus
292 1967 341 2020 est
354 1961 385 2020 in
401 1954 671 2034 loeumMMaroli,
693 1952 745 2026 qul
759 1949 884 2010 biennio
898 1953 967 2007 ante
982 1964 1058 2008 mor-

80 2049 143 2104 tuus
158 2053 234 2106 erat.
255 2045 317 2104 hoe
328 2043 441 2104 eodem
455 2055 535 2100 anno
548 2045 579 2097 et
592 2039 719 2098 lustrum
732 2032 886 2094 conditum
901 2037 948 2090 est
960 2046 978 2088 a
989 2044 1059 2090 oen-

81 2127 197 2190 soribus
218 2130 251 2188 P.
273 2125 458 2203 Sempronio
473 2123 622 2185 Tuditano
643 2127 675 2180 et
693 2119 733 2178 lt.
756 2115 898 2209 cornelio
917 2111 1059 2186 Cethego.

79 2213 169 2272 'censa
183 2214 297 2276 eivium
313 2210 416 2286 capita
429 2215 550 2268 eentum
564 2203 685 2278 triginta
700 2207 818 2276 septem
838 2197 920 2256 milla
941 2204 1060 2254 eentum

82 2302 154 2369 osto,
170 2299 272 2358 minor
287 2297 444 2370 aliquanto
459 2305 604 2352 numerus
618 2302 709 2362 quam
721 2285 773 2361 qui
789 2288 858 2342 aute
869 2279 981 2340 bellum
996 2279 1059 2373 lue·

82 2386 130 2440 rat.
162 2397 199 2442 eo
217 2396 299 2442 anno
318 2379 464 2456 primum
488 2392 527 2434 ex
542 2388 603 2450 quo
618 2367 814 2430 Hannibalin
829 2364 944 2424 ltaliam
960 2377 1060 2422 vents-

83 2471 132 2538 set,
154 2464 312 2540 comitium
326 2469 441 2525 tecum
458 2474 530 2519 esse
544 2455 710 2516 memoriae
725 2449 879 2528 proditum
893 2454 949 2520 est,
970 2451 1001 2541 et
1015 2445 1060 2504 lu-

83 2545 135 2608 dos
153 2549 313 2611 Romanos
335 2547 432 2608 semel
455 2545 640 2604 instauratos
666 2537 705 2598 ab
731 2534 880 2596 aedilibus
906 2529 1060 2589 curulibus

83 2629 112 2702 Q.
126 2631 248 2694 Metello
264 2639 295 2693 et
310 2632 342 2692 G.
359 2628 499 2691 Servilio.
523 2632 553 2685 et
566 2622 696 2699 plebeiis
712 2619 791 2680 ludis
806 2617 933 2677 biduum
947 2613 1058 2708 instaur

84 2721 172 2776 ratum
183 2735 202 2778 a
213 2715 392 2792 9.Mamilio
408 2720 440 2772 et
451 2711 492 2770 M.
502 2705 762 2768 CaeeilioMetello
779 2699 928 2762 aedilibus
944 2696 1059 2773 pleb1s;

84 2804 111 2856 et
122 2801 177 2862 tria
191 2803 282 2877 signa
296 2799 338 2860 ad
353 2796 473 2858 Cereris
495 2793 587 2854 iidem
601 2791 768 2855 dederunt;
791 2792 821 2845 et
833 2782 915 2844 lovis
937 2781 1059 2855 epulum

86 2881 134 2943 luit
147 2885 289 2947 ludorum
305 2898 410 2944 eausa.
982 2947 988 2958 ‚
1014 2944 1020 2957 .

163 2969 362 3030 Consulatum
376 2964 449 3025 inde
464 2963 567 3022 ineunt
578 2958 609 3019 G.
621 2955 764 3018 claudius
771 2953 850 3013 Nero
866 2957 897 3009 et
909 2949 949 3009 M
956 2949 1059 3007 Lrvrus

86 3046 195 3112 itemm.
232 3052 284 3128 qui
307 3050 380 3126 quia
401 3049 461 3108 ium
482 3042 631 3119 designati
651 3037 827 3116 provincias
848 3033 1059 3127 sorbuerant,

88 3143 238 3206 praetores
249 3134 353 3196 sortiri
367 3133 532 3194 iusserunt.
556 3128 586 3188 G.
599 3123 728 3186 Hostilio
743 3119 861 3213 urbana
873 3119 989 3182 evemt3
1006 3110 1059 3170 ad·

88 3214 144 3278 dita
163 3228 193 3282 et
212 3218 391 3296 peregrina,
418 3221 452 3276 ut
471 3221 535 3273 tres
561 3211 591 3270 lu
613 3205 787 3284 provincias
812 3215 898 3262 exue
920 3201 1058 3295 possent.

89 3299 121 3358 Α.
134 3301 261 3366 Hostilio
278 3300 435 3372 Sardinia,
457 3297 488 3357 G.
503 3292 636 3355 Mamilio
655 3289 772 3362 Sicilia,
793 3284 948 3346 L.P0re10
965 3277 1059 3375 Galba

90 3387 190 3450 evenit.
223 3402 344 3449 summa
365 3383 518 3459 legionum
534 3377 623 3438 trium
643 3381 673 3435 et
686 3370 793 3448 viginti
812 3369 853 3429 ita
867 3384 923 3444 per
937 3378 1053 3462 provin

92 3465 147 3534 tias
161 3471 269 3545 divisa,
291 3477 326 3531 ut
339 3467 431 3526 binae
446 3461 605 3524 consulum
620 3462 733 3528 essent,
756 3459 898 3529 quattuor
911 3451 1058 3524 Hispania
