2448 3900
176 220 240 286 800
331 221 448 282 LIBER
461 220 565 282 XXIX.
589 219 673 281 CAP.
689 228 732 281 18.
745 226 787 281 tu.
807 224 843 292 [a.
857 223 891 277 U.
904 240 928 276 e.
938 222 1005 290 548]

175 373 254 436 sldlo
268 372 386 434 Locros
402 385 474 434 esse
489 371 605 446 sinatis,
626 387 665 431 an
679 370 757 431 irato
770 368 934 430 Hannibali
948 375 978 434 et
991 368 1106 430 Poenis
1120 373 1151 429 ad

175 457 361 535 supplicium
376 455 506 517 dedatis.
534 471 596 516 non
611 456 821 531 postulamus,
841 461 876 516 ut
889 453 1049 530 extemplo
1064 453 1152 525 nobis,

174 549 208 604 ut
227 541 266 600 de
286 541 429 611 absente,
449 546 484 600 ut
505 539 619 600 indicta
633 553 728 600 causa
742 538 889 600 credatis:
918 538 1041 612 veniat,
1063 553 1154 598 coram

174 627 243 703 ipse
258 625 370 700 audiat,
388 624 457 699 ipse
469 623 573 683 diluat.
593 623 620 684 si
635 623 801 699 quiequam
815 622 953 698 sceleris,
969 621 1061 698 quod
1073 621 1155 681 homo
1194 653 1195 704 3

173 711 204 770 in
218 708 358 770 homines
374 707 467 768 edere
481 714 594 783 potest,
609 708 640 768 in
655 723 713 768 nos
728 706 943 782 praetermisit,
958 722 1025 768 non
1040 720 1155 766 recusa-
1194 733 1195 784 ι

173 809 253 868 mus,
269 793 342 869 quin
358 798 389 854 et
403 808 460 854 nos
477 791 579 854 omnia
593 791 703 852 eadem
717 791 835 867 iterumn,
858 790 884 852 si
899 789 963 866 pati
978 806 1154 866 possumus,
1194 805 1195 868 ι

174 877 332 954 patiamur,
341 883 372 939 et
382 877 433 938 ille
441 875 522 938 omni
533 875 637 937 divino
648 875 847 952 humanoque
856 874 1005 937 liberetur
1013 874 1156 936 scelere.“
1194 929 1195 942 ,

256 961 333 1022 XIX.
355 961 440 1022 Haec
461 976 529 1021 cum
550 955 717 1035 ablegatis
739 958 823 1020 dicta
842 966 950 1020 essent
970 959 1155 1036 quaesisset·
1194 983 1195 998 ι

176 1061 237 1122 que
258 1044 296 1105 ab
318 1045 355 1106 iis
377 1044 410 1120 Q.
426 1045 555 1118 Fabius,
577 1043 798 1104 detulissentne
818 1059 872 1104 eas
894 1044 1056 1120 querellas
1080 1042 1118 1101 ad
1131 1041 1155 1098 P.

173 1128 364 1205 Scipionem,
386 1129 615 1205 responderunt
635 1128 750 1190 missos
770 1128 891 1204 legatos
906 1142 996 1201 esse,
1020 1127 1083 1187 sed
1098 1141 1155 1186 eum
1194 1169 1195 1188 ι

172 1213 243 1274 belli
266 1220 416 1290 apparatu
442 1218 627 1289 occupatum
652 1226 740 1286 esse,
766 1217 797 1272 et
817 1212 848 1271 iu
868 1211 1008 1272 Africam
1030 1217 1087 1272 aut
1106 1211 1156 1269 ian

173 1297 332 1358 traiecisse
356 1305 409 1358 aut
432 1297 510 1358 iutra
535 1310 653 1372 paucos
681 1295 748 1355 dics
773 1295 988 1366 traiecturum
1020 1301 1054 1355 et
1074 1295 1155 1369 legati

172 1381 269 1456 gratia
293 1387 407 1458 quanta
431 1386 517 1442 esset
540 1381 624 1456 apud
649 1379 879 1455 imperatorem,
906 1386 1061 1454 expertos
1083 1393 1153 1448 esse,

173 1479 242 1526 cum
256 1465 335 1527 inter
354 1480 424 1527 eum
439 1470 469 1525 et
483 1463 623 1525 tribunos
643 1463 765 1538 cognita
780 1479 876 1525 causa
890 1463 1036 1524 tribunos
1053 1463 1085 1522 in
1098 1461 1154 1520 vin-

174 1549 221 1608 cla
235 1547 415 1623 coniecerit,
437 1549 569 1623 legatum
591 1563 692 1624 aeque
707 1554 827 1610 sontem
842 1553 894 1609 ant
908 1547 1009 1623 magis
1025 1545 1152 1609 etiamin

173 1647 210 1691 ea
233 1639 386 1709 potestate
410 1633 577 1707 reliquerit.
611 1631 705 1694 iussis
727 1633 881 1692 excedere
901 1634 1019 1708 templo
1041 1630 1153 1706 legatis,

172 1730 234 1774 non
248 1713 411 1776 Pleminius
433 1716 527 1776 modo
549 1716 606 1776 sed
622 1716 712 1776 etiam
728 1715 833 1792 Scipio
855 1715 1034 1791 principum
1050 1713 1152 1777 oratio·

173 1798 263 1860 nibus
277 1798 414 1860 lacerari.
444 1805 514 1860 ante
530 1815 637 1860 omnes
652 1800 685 1873 Q.
700 1799 814 1860 Fabius
829 1806 934 1860 natum
948 1816 1021 1860 cum
1039 1800 1082 1860 ad
1095 1814 1153 1858 cor·

172 1883 373 1959 rumpendam
390 1882 583 1961 disciplinam
603 1884 762 1944 militarem
784 1893 922 1959 arguere.
949 1885 996 1946 sic
1017 1890 1054 1946 et
1066 1885 1097 1945 in
1110 1882 1152 1942 Ht-

173 1965 283 2044 spania
302 1969 373 2044 plus
395 1984 494 2044 prope
520 1983 576 2044 per
602 1967 783 2028 seditionem
808 1968 934 2029 militum
956 1985 1055 2044 quam
1080 1968 1151 2027 bello

172 2050 328 2112 amissum.
361 2059 488 2113 externo
513 2059 544 2113 et
562 2051 648 2128 regio
673 2068 761 2113 more
783 2058 813 2112 et
832 2052 993 2128 indulgere
1014 2050 1151 2114 licentiae

171 2135 298 2196 militum
318 2143 349 2197 et
362 2136 483 2198 saevire
503 2135 535 2196 in
549 2151 615 2196 eos.
651 2135 832 2197 sententiam
853 2136 967 2198 deinde
981 2152 1087 2214 aeque
1099 2141 1150 2194 tru-

172 2235 239 2280 cem
253 2219 383 2281 orationi
397 2220 524 2282 adiecit=
544 2218 724 2281 Pleminium
735 2221 868 2296 legatum
879 2221 1016 2283 vinctum
1026 2221 1149 2282 Romam

172 2302 327 2379 deportari
341 2307 473 2382 placere,
489 2309 570 2365 etex
581 2303 711 2365 vinculis
728 2321 853 2365 causam
865 2305 978 2379 dicare,
996 2321 1033 2366 ac
1045 2304 1074 2366 si
1084 2318 1149 2362 vera

172 2387 272 2449 lorcnt
297 2404 377 2464 quae
399 2388 573 2450 Locrenses
601 2397 817 2466 quererentur,
846 2389 876 2447 in
903 2405 1029 2450 carcere
1056 2385 1148 2449 necan'

174 2470 317 2548 bonaque
332 2473 398 2534 eius
411 2472 575 2549 publicari:
596 2470 629 2531 P.
643 2471 830 2550 Scipionem,
846 2473 931 2549 quod
946 2473 985 2534 de
997 2470 1147 2549 provincio

110 2612 113 2617 .
135 2617 140 2626 ,
172 2554 362 2617 decessisset
374 2557 496 2626 iniussu
510 2563 652 2631 senatus,
674 2558 831 2634 revocari,
847 2557 961 2633 agique
977 2573 1049 2618 cum
1065 2555 1147 2618 tribu·

172 2637 220 2698 nis
240 2638 355 2714 plebis,
377 2646 411 2700 ut
427 2642 467 2701 de
482 2633 617 2717 imperio'
634 2641 701 2702 eius
717 2642 896 2717 abrogando
912 2641 1028 2703 lerrent
1043 2642 1084 2702 ad
1097 2655 1147 2715 po·

170 2721 290 2796 pulum:
324 2721 531 2785 Locrensibus
553 2741 657 2787 coram
679 2733 819 2786 senatum
839 2727 1049 2801 respondere,
1077 2737 1144 2800 quas

171 2804 297 2866 iniurias
319 2805 378 2866 sibi
401 2809 497 2870 lactas
521 2815 736 2886 quererentur,
758 2825 811 2870 eas
830 2825 933 2886 neque
948 2815 1088 2871 senatum
1101 2821 1144 2867 ne-

172 2905 233 2966 que
248 2890 397 2966 populum
413 2893 510 2954 lactas
524 2895 621 2962 velle;
642 2893 728 2954 viros
743 2893 845 2955 bonos
857 2894 1027 2970 sociosque
1040 2901 1070 2954 et
1081 2889 1142 2953 ami-

171 2989 226 3036 cos
243 2989 299 3035 ees
314 2976 479 3053 appellari,
499 2978 612 3039 liberos
628 2979 793 3053 coniuges,
816 2993 959 3054 quaeque
975 2978 1035 3038 alia
1050 2979 1142 3050 erepta

171 3065 290 3135 essent,
312 3060 446 3122 restitui:
468 3062 644 3139 pecuniam,
668 3067 782 3138 quanta
799 3077 839 3122 ex
854 3061 1008 3123 thesauris
1029 3061 1140 3120 Proser·
1194 3085 1195 3092 ι

171 3143 262 3219 pinae
284 3143 403 3206 sublata
424 3153 522 3220 esset,
545 3146 701 3222 conquiri;
730 3147 918 3222 duplamque
937 3146 1098 3223 pecuniam
1117 3141 1139 3199 in
1194 3147 1195 3188 1

171 3225 333 3289 thesauros
351 3230 475 3306 reponi,
499 3237 529 3290 et
549 3246 669 3291 sacrum
693 3231 848 3305 piaculare
862 3229 945 3304 lieri,
966 3230 1008 3289 ita
1021 3237 1054 3291 ut
1066 3226 1141 3304 prins
1194 3255 1195 3268 2

170 3308 210 3366 od
228 3311 390 3386 collegium
409 3312 587 3388 pontilicum
607 3315 787 3387 referretur,
810 3313 897 3388 quod
916 3313 998 3373 sacri
1018 3307 1139 3373 thesauri

171 3390 243 3448 moti
256 3391 359 3454 violati
375 3401 493 3470 essent,
515 3410 595 3470 quae
611 3395 733 3470 piacula
747 3396 861 3470 quibus
877 3397 954 3469 deis,
970 3395 1081 3472 quibus
1094 3394 1139 3453 ho·
1194 3439 1195 3460 ι

172 3468 237 3527 stiis
259 3471 323 3531 llari
341 3477 491 3550 placeret:
513 3479 638 3550 milites,
661 3479 713 3551 qui
729 3478 837 3539 Locris
852 3484 973 3559 essent,
997 3477 1137 3539 omnesin
