2466 3900
206 205 248 272 ot
400 205 621 268 LlBERxllv.
645 203 783 266 canu.
807 209 845 276 [ι.
858 207 891 262 υ.
905 225 931 262 a.
944 207 1010 276 eto]

207 365 324 432 cetera,
345 364 424 430 tuta,
445 357 503 420 sed
521 357 591 418 loco
605 356 699 432 plano
714 355 818 431 posita
831 361 863 416 et
876 355 916 417 ab
932 355 1014 416 urbe
1029 370 1114 418 muro
1127 359 1177 414 tan·

207 450 270 504 tum
281 458 319 504 ac
333 443 421 504 losse
431 439 538 500 divisa.
560 455 629 500 cum
639 439 701 500 iam
711 439 977 500 machinationum
990 439 1074 500 omni
1084 452 1178 513 genere

209 533 239 589 et
258 525 403 601 operibus
425 529 668 600 oppugnaretur,
689 523 822 584 missum
840 521 1060 600 alletaponto
1082 522 1175 598 praesi-

209 610 292 670 dium
305 607 451 668 Romanis
465 607 536 669 iecit
550 607 691 682 aninrum,
706 613 740 669 ut
753 612 846 668 nocte
861 623 901 670 ex
912 606 1090 684 improviso
1102 619 1180 680 opera

208 691 342 754 hostium
362 691 549 754 invaderent.
579 691 639 750 alia
658 691 861 766 disiecerunt,
883 690 946 752 alia
967 689 1035 766 igni
1054 703 1180 764 corrupe

208 780 288 836 runt.
310 775 400 850 isque
414 773 484 836 finis
498 773 659 834 Hannibali
670 773 726 836 luit
736 789 774 834 ea
783 780 873 850 parte
884 790 994 835 arcem
1007 786 1181 850 oppugnare.

207 857 328 934 reliqua
341 865 407 918 erat
420 858 450 916 in
466 856 627 919 obsidione
641 872 732 933 spes,
754 873 813 920 nec
827 873 866 918 ea
880 859 960 919 salis
977 857 1107 929 efficax,
1127 854 1183 930 quia

210 957 312 1004 arcem
325 948 478 1015 tcnemes,
494 956 574 1017 quae
587 941 617 1000 in
637 940 818 1015 paeninsula
831 941 936 1016 posita
950 941 1093 1004 imminet
1106 937 1181 998 lanei

209 1026 268 1088 bus
284 1032 405 1101 portas,
426 1039 511 1086 mare
524 1023 652 1086 liberum
667 1023 837 1098 habebant,
852 1025 928 1086 urbs
946 1033 1060 1088 contra
1074 1023 1183 1083 exclusa

209 1109 365 1170 maritimis
387 1108 619 1180 commeatibus,
641 1109 834 1184 propiusque
855 1110 995 1186 inopiam
1016 1113 1105 1170 erant
1118 1105 1181 1166 obsi·

210 1193 318 1254 dentes
344 1209 435 1269 quam
461 1192 592 1254 obsessi.
623 1191 775 1256 Hannibal
800 1194 986 1256 convocatis
1007 1188 1182 1270 principibus

209 1276 379 1338 Tarentinis
395 1292 501 1338 omncs
514 1283 693 1352 praesentes
706 1276 903 1340 difficultates
915 1276 1083 1355 exposuit:
1099 1287 1180 1348 neque

210 1360 290 1420 arcis
310 1369 371 1422 tarn
392 1362 524 1422 munitae
544 1362 770 1436 expugnandae
785 1376 913 1421 cernere
927 1362 1031 1436 viam,
1053 1355 1180 1433 noquein

212 1443 374 1506 obsidione
394 1446 558 1520 quicquam
571 1443 686 1506 habere
700 1443 782 1520 spei,
805 1445 907 1507 donec
920 1447 1003 1506 mari
1018 1444 1125 1506 hostes
1137 1455 1180 1516 po-

211 1527 331 1588 liantur.
363 1527 448 1602 quod
469 1527 495 1588 si
516 1543 612 1588 naves
637 1527 713 1601 sint,
741 1527 853 1604 quibus
880 1534 1077 1591 commeatus
1095 1521 1180 1585 invehi

214 1610 387 1686 probibeat,
413 1612 565 1687 extemplo
586 1617 638 1671 aut
654 1627 726 1672 aree
747 1628 895 1674 cessuros
916 1620 970 1675 aut
987 1612 1143 1674 dedituros
1155 1621 1181 1664 se

211 1693 328 1756 hostes.
356 1693 605 1758 adsentiebantur
617 1696 786 1767 Tarentini;
805 1703 941 1759 ceterum
956 1699 1003 1772 ei,
1028 1694 1081 1772 qui
1096 1690 1179 1754 consi-

213 1777 284 1836 lium
298 1777 439 1851 adferret,
455 1793 545 1854 opem
560 1794 684 1856 quoquo
698 1779 729 1839 in
744 1795 813 1842 eam
826 1796 892 1840 rem
907 1781 1112 1843 adferendam
1125 1789 1176 1836 een·

214 1860 322 1922 cebant
346 1877 427 1926 esse.
462 1862 593 1924 Puniens
619 1863 699 1924 enirn
719 1879 816 1926 naves
839 1881 878 1925 ex
900 1863 1009 1928 Sicilia
1030 1866 1139 1926 accitas
1156 1855 1179 1914 id

214 1959 310 2020 posse
337 1947 454 2008 iaceres
487 1963 576 2022 suas,
605 1963 685 2022 quae
710 1946 782 2008 sinu
810 1949 923 2024 exiguo
949 1948 1036 2012 inlus
1060 1945 1180 2008 inclusae

110 2039 116 2048 ·
214 2039 332 2106 essent,
354 2047 422 2092 cum
443 2032 576 2092 claustra
595 2038 704 2106 portus
724 2031 822 2092 hostis
844 2033 988 2107 haberet,
1013 2045 1139 2107 ecquem
1150 2023 1178 2084 ad

217 2113 338 2176 modum
358 2115 429 2176 inde
450 2114 480 2176 in
500 2121 638 2190 apertum
658 2130 743 2176 mare
764 2123 936 2178 evasuras?
962 2108 1178 2193 „evadene‘in-
1198 2105 1199 2117 ’

215 2197 279 2273 quit
292 2198 457 2262 Hannibab
479 2201 600 2274 „mrdta
616 2215 696 2276 quae
709 2198 856 2274 impedita
870 2207 981 2262 natura
993 2205 1080 2275 sunt,
1095 2192 1179 2258 eonsi-

215 2281 255 2343 lio
277 2283 488 2357 expediuntur.
507 2283 626 2344 ‘urbem
646 2283 677 2343 in
692 2298 801 2360 campo
816 2282 907 2346 sitam
920 2284 1053 2348 habetis.
1087 2281 1198 2358 planae

217 2371 245 2426 el
266 2367 340 2427 satis
361 2369 439 2429 latae
453 2367 522 2426 viae
536 2373 640 2442 patent
653 2367 685 2428 in
700 2382 809 2428 omnes
823 2375 938 2444 partes.
971 2369 1040 2445 via,
1063 2378 1138 2444 quae
1150 2373 1179 2418 ex

216 2455 306 2524 portu
317 2466 372 2526 per
383 2451 513 2512 mediam
525 2449 629 2512 urbem
640 2452 680 2514 ad
691 2467 775 2512 mare
785 2453 968 2514 uansndssa
979 2460 1038 2530 est,
1052 2442 1179 2529 plaustris

216 2534 410 2594 transveham
431 2550 526 2596 inaves
545 2536 627 2596 haud
649 2551 760 2612 magna
779 2537 869 2598 mole.
905 2547 935 2599 et
954 2554 1042 2600 mare
1059 2538 1180 2596 nesuum

217 2616 288 2692 erit,
310 2633 371 2692 quo
392 2633 472 2678 nunc
486 2617 592 2681 hostes
607 2621 778 2696 potiuntur;
798 2627 829 2680 et
842 2620 924 2682 illine
939 2623 1017 2682 mari
1031 2620 1101 2682 hine
1115 2623 1179 2676 terra

218 2699 505 2764 circumsedebimus
526 2719 636 2766 arcem.
664 2705 755 2790 immo
769 2705 856 2766 brevi
870 2713 923 2766 aut
935 2706 1074 2768 relictam
1088 2701 1124 2764 ab
1137 2697 1178 2756 ho·

218 2783 316 2846 stibus
331 2792 382 2848 aut
396 2803 464 2848 cum
478 2787 556 2865 ipsis
570 2787 710 2852 hostibus
722 2789 911 2866 capiemus“.
932 2790 1012 2852 haec
1024 2787 1118 2853 oratio
1129 2793 1178 2840 nob

219 2883 306 2943 spem
324 2872 416 2933 modo
431 2871 559 2936 allectus
574 2875 632 2936 scd
645 2875 797 2951 ingentem
811 2875 903 2936 etiam
917 2873 1005 2936 ducis
1020 2863 1177 2936 admiialio·

219 2967 288 3050 nem
302 2953 382 3016 iecit.
402 2964 557 3020 contracta
570 2961 723 3036 extemplo
736 2959 873 3035 undique
883 2959 1020 3035 plaustra
1031 2958 1178 3026 iunctaque

219 3043 297 3101 mter
320 3055 370 3116 se,
395 3049 425 3103 el
448 3043 607 3106 machinae
626 3045 666 3106 ad
686 3043 905 3106 subducendas
928 3059 1023 3104 naves
1044 3041 1176 3103 admont

219 3121 428 3202 munitumque
448 3127 518 3204 iter,
540 3147 602 3206 quo
623 3129 759 3190 faciliora
773 3130 910 3206 plaustra
923 3129 1083 3206 minorque
1096 3117 1177 3182 moles

220 3207 249 3265 in
270 3209 399 3271 nansitu
419 3219 511 3274 esset.
545 3214 679 3278 iumenta
697 3214 769 3275 inde
783 3219 814 3274 et
827 3211 967 3274 homines
983 3205 1138 3281 contracti,
1156 3201 1178 3257 ti

220 3305 300 3365 OPUS
319 3292 447 3370 impilm
467 3306 625 3374 coeptum
647 3314 829 3376 paucosque
849 3305 923 3374 post
942 3297 1009 3360 dies
1027 3284 1174 3357 classisin·

221 3379 336 3436 slracta
356 3393 392 3437 ac
414 3387 521 3454 parata
541 3383 774 3447 enoumvehiun
793 3399 895 3444 arcem
916 3389 946 3446 et
959 3387 1029 3444 ante
1043 3396 1078 3442 os
1092 3376 1176 3450 ipsum

222 3463 328 3528 renus
341 3475 472 3525 ancoras
486 3462 566 3529 iacit
588 3468 669 3530 hunc
683 3473 794 3530 statmn
806 3483 907 3528 rerum
917 3465 1067 3528 Hannibal
1075 3445 1176 3524 Tertii
