2428 3892
205 245 267 312 1³8
350 245 466 307 LIBER
479 245 585 305 xxiv.
608 245 691 307 cAP.
706 255 749 309 ³2.
763 255 807 310 33.
830 251 866 320 [ι.
882 249 916 304 U.
933 267 958 304 e.
970 251 1032 318 542]

203 407 262 460 set.
295 397 323 459 si
344 396 383 458 ab
403 397 508 456 inieris
529 397 659 457 exsistat
678 411 734 456 rex
747 396 857 473 liiero,
875 394 1047 457 fidissimus
1067 395 1186 472 imperii

204 481 333 544 Romani
360 481 473 555 aanor,
501 495 563 555 quo
585 491 639 539 ore
669 487 719 541 aut
737 479 913 559 Syracusas
929 485 987 540 aut
1006 479 1142 559 Rolnam
1163 481 1187 538 ei

205 566 325 628 ostendi
339 579 444 640 pesse,
467 578 546 639 ema,
567 563 619 624 ubi
635 563 812 624 semimtam
826 578 864 623 ao
878 564 1043 638 spoliatam
1056 562 1186 638 mulam

201 648 390 725 respexerit,
412 647 587 722 ingrediens
601 649 729 708 Itomam
743 647 775 706 in
790 647 944 709 vestibulo
963 646 1066 719 uIbIs,
1090 661 1187 722 prope

206 734 236 792 ia
252 739 355 809 porta,
376 732 479 807 spolia
497 730 615 808 patriae
627 745 705 792 suae
725 731 849 792 vistuus
863 731 925 791 sitt
951 730 1032 791 haee
1050 731 1186 806 taliaque

206 833 273 877 (ιιιιιι
287 817 328 878 ad
341 815 487 876 invidiam
501 816 638 876 connatis
653 815 942 891 miserationemque
953 814 1132 876 SIeulorum
1147 815 1186 873 di-

205 907 352 972 cerentur,
368 899 469 960 mitius
481 904 581 959 tamen
596 899 799 960 decreverunt
809 906 914 974 patres
928 897 958 958 in
971 898 1107 974 psum
1113 898 1186 958 llar-

205 983 281 1060 celli
295 997 375 1059 quae
386 983 413 1043 Is
423 983 654 1058 gerensbellum
663 983 824 1059 detorque
830 982 955 1059 egisset,
965 989 1036 1043 ruta
1044 981 1186 1042 habenda

205 1083 290 1128 essee
312 1069 344 1128 in
362 1067 512 1143 reliquum
527 1079 620 1128 aurae
640 1067 759 1128 senatui
779 1068 847 1128 lore
866 1081 931 1127 rem
945 1065 1185 1144 Spraeusaaam,

205 1152 463 1226 mandaturosque
477 1151 596 1212 consuli
610 1151 755 1226 Laevino,
770 1158 811 1226 ut,
828 1151 914 1226 quod
928 1150 997 1211 siue
1006 1150 1135 1211 'iaetura
1147 1150 1184 1209 rei

205 1234 345 1310 publicae
365 1235 431 1296 lieri
452 1243 575 1311 posset,
603 1235 732 1296 iortuuis
752 1234 820 1296 eius
843 1234 975 1296 eivitatis
1001 1236 1184 1295 manumet

205 1319 309 1380 missis
325 1318 446 1380 duobus
460 1317 655 1380 senatoribus
670 1319 945 1394 incapitullumad
960 1319 1136 1392 consulein,
1150 1317 1184 1378 uti

205 1403 318 1464 rediret
330 1403 361 1463 ia
372 1403 496 1478 eurIam,
510 1409 541 1464 et
554 1402 853 1465 muoouonssiuutis
868 1409 996 1464 senatus
1012 1403 1184 1464 considium

205 1487 360 1566 reditatum
382 1495 445 1557 est;
467 1487 619 1563 legatique
637 1487 771 1563 benigne
790 1486 936 1564 appellati
957 1486 1138 1548 aosdmissi
1151 1485 1184 1546 ad

205 1584 304 1643 genua
324 1585 360 1630 se
379 1570 514 1631 Mareelli
535 1571 670 1632 consulis
692 1571 887 1648 pmiaesrunt
904 1570 1129 1647 obsecrantes,
1148 1577 1182 1642 ui,

206 1668 285 1728 quae
306 1653 516 1728 deplorandae
535 1671 574 1716 aa
593 1655 744 1715 arandae
762 1655 943 1715 unianimis
964 1669 1065 1716 eausa
1092 1654 1183 1714 dinis-
1206 1695 1207 1702 ι

206 1742 289 1810 sont,
313 1737 434 1797 veniam
449 1739 494 1798 eis
507 1739 610 1812 daret,
632 1747 663 1800 et
677 1740 706 1798 ia
722 1739 816 1800 fldem
828 1739 1068 1813 abeuntemque
1083 1755 1122 1799 se
1142 1755 1182 1798 ur·

205 1819 337 1895 bamque
351 1819 525 1898 Syracusas
543 1822 706 1898 acciperet
738 1829 812 1898 post
831 1838 868 1882 aa
887 1823 999 1884 eonsul
1020 1823 1183 1884 alensem

205 1904 376 1979 appellatos
391 1921 447 1966 eos
462 1905 584 1966 dimisit.

284 1987 417 2050 XXXIII.
437 1989 601 2066 Campanis
612 1990 724 2050 deinde
737 1997 864 2052 senatus
875 1990 966 2052 datus
981 1997 1037 2065 est,
1056 2007 1182 2068 quoram
1205 2053 1206 2056 ,

205 2071 301 2133 oratio
315 2072 518 2135 miserabilior
528 2089 624 2134 eausa
635 2074 740 2135 dudor
754 2080 828 2134 erat
849 2085 952 2150 neque
966 2075 1048 2135 enim
1060 2075 1182 2136 meritas

203 2170 321 2230 poenas
342 2172 455 2232 negare
476 2165 616 2235 poterant
636 2173 693 2219 uec
713 2158 835 2234 tyranni
855 2165 956 2233 erant,
978 2159 1009 2218 lu
1026 2175 1110 2236 apios
1127 2159 1182 2220 oiri·

204 2255 275 2314 pam
297 2242 482 2302 consonanti
505 2241 563 2303 sed
576 2243 653 2303 satis
668 2256 798 2318 pensum
818 2257 988 2318 poenarum
1002 2249 1050 2304 tot
1064 2255 1181 2304 venem

204 2322 372 2400 absumptis
383 2327 535 2388 totsoouri
543 2327 701 2402 perpessis
712 2325 905 2388 senatoribus
917 2326 1096 2388 eredebant
1109 2344 1180 2403 pau·

204 2420 258 2468 eos
278 2408 426 2470 nobilium
443 2423 627 2487 superesse,
662 2423 742 2486 quos
763 2425 820 2470 neo
836 2422 898 2470 sua
919 2411 1128 2487 conscientia,
1154 2417 1180 2471 ut
1204 2483 1205 2490 ἵ

204 2493 368 2569 quiequam
383 2494 424 2554 de
437 2509 472 2554 se
487 2494 610 2570 gravius
625 2494 821 2555 consularem
835 2494 996 2569 impulerit,
1014 2509 1076 2555 uec
1090 2496 1179 2556 vieto·

203 2575 245 2634 ris
261 2574 306 2635 ira
321 2577 430 2653 eapitis
451 2577 654 2638 damnaveritr
677 2592 733 2638 eos
748 2577 914 2638 libertatern
930 2577 989 2638 sibi
1010 2580 1144 2654 suisque
1156 2587 1180 2637 et

204 2659 353 2720 bonorum
367 2660 499 2736 aliquam
514 2667 630 2738 partem
642 2671 747 2737 oraro,
770 2662 855 2722 oiuos
869 2662 1027 2724 Romanos
1044 2663 1179 2724 adlinitu-

203 2741 282 2802 tibus
303 2743 469 2819 plerosque
490 2752 520 2805 et
538 2745 722 2822 propinquis
747 2745 868 2806 lanaiam
888 2747 1126 2822 pugnationibus
1146 2761 1178 2805 ex
1203 2797 1204 2822 ,

204 2825 334 2886 conubio
349 2834 469 2890 vetusto
484 2829 614 2891 iunctos.
647 2831 805 2890 summotis
821 2829 932 2891 deinde
946 2845 965 2891 e
978 2831 1095 2906 templo
1107 2847 1168 2906 pau
1203 2825 1204 2910 i

203 2909 297 2984 lisper
309 2910 486 2989 dubitatum,
501 2930 540 2974 an
556 2915 762 2975 arcessendus
774 2913 908 2990 acapna
918 2913 1087 2988 Q.Fulvius
1102 2921 1178 2974 esset
1203 2911 1204 2934 ¹

202 3025 244 3037 -
257 3001 392 3056 mortuus
408 2998 488 3058 enim
503 3006 575 3074 post
585 3005 710 3073 'captam
720 2997 865 3059 claudIus
880 2999 989 3059 consul
1003 3005 1071 3058 erat
1082 3027 1134 3071 -,
1147 3005 1176 3056 ut

203 3091 305 3138 eoram
320 3079 503 3157 imperatore
518 3082 569 3158 qui
583 3096 635 3142 res
649 3081 808 3156 gassIssat,
824 3082 904 3143 sieut
917 3083 995 3142 inter
1004 3081 1174 3142 Marcellum

203 3162 388 3239 Siculosque
402 3167 606 3242 dIseeptatum
621 3165 733 3240 iuerat,
756 3166 989 3242 diseeptaretur.
1023 3165 1095 3226 dein
1114 3180 1175 3224 oiim
1202 3181 1203 3270 ι

201 3245 371 3308 llIAtilium
379 3247 1173 3324 cuulviumtrauemlitaoei,togatoseiusaoonti-
1202 3271 1203 3328 ι

202 3329 323 3390 aucium
337 3340 368 3392 et
377 3333 410 3392 L.
422 3333 581 3392 Veturium
590 3332 756 3407 Philonem,
771 3333 843 3392 item
854 3332 971 3393 claudii
984 3333 1113 3408 hastos,
1128 3331 1173 3407 qui
1202 3335 1203 3342 ’

203 3412 343 3474 omuibus
354 3415 498 3490 gerendis
509 3415 601 3476 rebus
613 3415 782 3489 adnuerant,
797 3416 828 3475 ia
839 3425 949 3477 senatu
957 3417 1109 3490 viderent,
1124 3428 1173 3475 nee

203 3492 338 3556 Fulvium
361 3499 484 3558 avocari
500 3498 636 3576 acapna
654 3511 711 3558 nee
731 3498 847 3558 differri
863 3497 1037 3576 Campanos
1059 3497 1170 3564 vellent
