<?xml version="1.0" encoding="UTF-8"?>
<!DOCTYPE html PUBLIC "-//W3C//DTD XHTML 1.0 Transitional//EN"
    "http://www.w3.org/TR/xhtml1/DTD/xhtml1-transitional.dtd">
<html xmlns="http://www.w3.org/1999/xhtml" xml:lang="en" lang="en">
 <head>
  <title>
</title>
<meta http-equiv="Content-Type" content="text/html;charset=utf-8" />
  <meta name='ocr-system' content='tesseract 3.04.00' />
  <meta name='ocr-capabilities' content='ocr_page ocr_carea ocr_par ocr_line ocrx_word'/>
</head>
<body>
  <div class='ocr_page' id='page_1' title='image "./titiliviaburbec09livygoog_0277.png"; bbox 0 0 2434 3902; ppageno 0'>
   <div class='ocr_carea' id='block_1_1' title="bbox 179 240 1026 316">
    <p class='ocr_par' dir='ltr' id='par_1_1' title="bbox 179 240 1026 316">
     <span class='ocr_line' id='line_1_1' title="bbox 179 240 1026 316; baseline -0.004 -10"><span class='ocrx_word' id='word_1_1' title='bbox 179 241 243 306; x_wconf 75' lang='lat'><strong>252</strong></span> <span class='ocrx_word' id='word_1_2' title='bbox 319 242 435 304; x_wconf 82' lang='lat' dir='ltr'><strong>LIBER</strong></span> <span class='ocrx_word' id='word_1_3' title='bbox 448 241 583 304; x_wconf 87' lang='lat' dir='ltr'>XXVIII.</span> <span class='ocrx_word' id='word_1_4' title='bbox 606 240 689 305; x_wconf 76' lang='lat' dir='ltr'>CAP-</span> <span class='ocrx_word' id='word_1_5' title='bbox 704 247 749 304; x_wconf 73' lang='lat'><strong>2⁷.</strong></span> <span class='ocrx_word' id='word_1_6' title='bbox 759 248 803 304; x_wconf 75' lang='lat'><strong>28.</strong></span> <span class='ocrx_word' id='word_1_7' title='bbox 827 247 864 314; x_wconf 81' lang='lat' dir='ltr'><strong>[a.</strong></span> <span class='ocrx_word' id='word_1_8' title='bbox 877 245 911 299; x_wconf 86' lang='lat' dir='ltr'><strong>U.</strong></span> <span class='ocrx_word' id='word_1_9' title='bbox 924 263 949 299; x_wconf 89' lang='lat' dir='ltr'><strong>c.</strong></span> <span class='ocrx_word' id='word_1_10' title='bbox 959 244 1026 316; x_wconf 78' lang='lat'>546]</span> 
     </span>
    </p>
   </div>
   <div class='ocr_carea' id='block_1_2' title="bbox 175 389 1175 3593">
    <p class='ocr_par' dir='ltr' id='par_1_2' title="bbox 175 389 1175 3593">
     <span class='ocr_line' id='line_1_2' title="bbox 180 389 1171 470; baseline -0.006 -14"><span class='ocrx_word' id='word_1_11' title='bbox 180 395 332 458; x_wconf 85' lang='lat' dir='ltr'><strong>adversus</strong></span> <span class='ocrx_word' id='word_1_12' title='bbox 347 392 452 455; x_wconf 89' lang='lat' dir='ltr'><strong>socios</strong></span> <span class='ocrx_word' id='word_1_13' title='bbox 467 407 637 470; x_wconf 77' lang='lat' dir='ltr'><strong>gesseram,</strong></span> <span class='ocrx_word' id='word_1_14' title='bbox 651 392 709 454; x_wconf 88' lang='lat' dir='ltr'><strong>sed</strong></span> <span class='ocrx_word' id='word_1_15' title='bbox 723 391 814 452; x_wconf 90' lang='lat' dir='ltr'><strong>etlam</strong></span> <span class='ocrx_word' id='word_1_16' title='bbox 827 392 981 452; x_wconf 88' lang='lat' dir='ltr'><strong>adversus</strong></span> <span class='ocrx_word' id='word_1_17' title='bbox 995 389 1124 452; x_wconf 78' lang='lat' dir='ltr'><strong>hostes.</strong></span> <span class='ocrx_word' id='word_1_18' title='bbox 1143 393 1171 451; x_wconf 89' lang='lat' dir='ltr'><strong>in</strong></span> 
     </span>
     <span class='ocr_line' id='line_1_3' title="bbox 180 475 1172 554; baseline -0.002 -14"><span class='ocrx_word' id='word_1_19' title='bbox 180 479 288 542; x_wconf 85' lang='lat' dir='ltr'><strong>castris</strong></span> <span class='ocrx_word' id='word_1_20' title='bbox 304 494 343 540; x_wconf 89' lang='lat' dir='ltr'><strong>en</strong></span> <span class='ocrx_word' id='word_1_21' title='bbox 352 479 431 554; x_wconf 50' lang='lat' dir='ltr'><strong>¹meis</strong></span> <span class='ocrx_word' id='word_1_22' title='bbox 441 509 486 522; x_wconf 89' lang='lat'>—</span> <span class='ocrx_word' id='word_1_23' title='bbox 497 484 641 554; x_wconf 87' lang='lat' dir='ltr'><strong>quantum</strong></span> <span class='ocrx_word' id='word_1_24' title='bbox 658 475 762 553; x_wconf 84' lang='lat' dir='ltr'><strong>opinio</strong></span> <span class='ocrx_word' id='word_1_25' title='bbox 775 475 954 546; x_wconf 68' lang='lat' dir='ltr'><strong>teretia„—</strong></span> <span class='ocrx_word' id='word_1_26' title='bbox 967 476 1056 553; x_wconf 84' lang='lat' dir='ltr'><strong>lama</strong></span> <span class='ocrx_word' id='word_1_27' title='bbox 1064 478 1172 538; x_wconf 80' lang='lat' dir='ltr'><strong>mortis</strong></span> 
     </span>
     <span class='ocr_line' id='line_1_4' title="bbox 180 561 1171 638; baseline -0.007 -11"><span class='ocrx_word' id='word_1_28' title='bbox 180 579 268 627; x_wconf 89' lang='lat' dir='ltr'><strong>meae</strong></span> <span class='ocrx_word' id='word_1_29' title='bbox 287 579 350 624; x_wconf 91' lang='lat' dir='ltr'><strong>non</strong></span> <span class='ocrx_word' id='word_1_30' title='bbox 373 569 503 638; x_wconf 88' lang='lat' dir='ltr'><strong>accepta</strong></span> <span class='ocrx_word' id='word_1_31' title='bbox 517 563 618 623; x_wconf 90' lang='lat' dir='ltr'><strong>solum</strong></span> <span class='ocrx_word' id='word_1_32' title='bbox 632 561 689 622; x_wconf 92' lang='lat' dir='ltr'><strong>sed</strong></span> <span class='ocrx_word' id='word_1_33' title='bbox 704 562 795 624; x_wconf 88' lang='lat' dir='ltr'><strong>etlam</strong></span> <span class='ocrx_word' id='word_1_34' title='bbox 808 566 1079 637; x_wconf 68' lang='lat' dir='ltr'><strong>exspectataest.</strong></span> <span class='ocrx_word' id='word_1_35' title='bbox 1114 577 1171 620; x_wconf 90' lang='lat' dir='ltr'><strong>non</strong></span> 
     </span>
     <span class='ocr_line' id='line_1_5' title="bbox 181 645 1173 727; baseline -0.004 -19"><span class='ocrx_word' id='word_1_36' title='bbox 181 648 265 724; x_wconf 88' lang='lat' dir='ltr'><strong>quod</strong></span> <span class='ocrx_word' id='word_1_37' title='bbox 280 663 338 724; x_wconf 78' lang='lat' dir='ltr'><strong>ego</strong></span> <span class='ocrx_word' id='word_1_38' title='bbox 352 647 475 722; x_wconf 80' lang='lat' dir='ltr'><strong>vulgari.</strong></span> <span class='ocrx_word' id='word_1_39' title='bbox 487 646 607 708; x_wconf 84' lang='lat' dir='ltr'><strong>faoiuus</strong></span> <span class='ocrx_word' id='word_1_40' title='bbox 621 661 678 723; x_wconf 90' lang='lat' dir='ltr'><strong>per</strong></span> <span class='ocrx_word' id='word_1_41' title='bbox 693 661 801 727; x_wconf 79' lang='lat' dir='ltr'><strong>omues</strong></span> <span class='ocrx_word' id='word_1_42' title='bbox 815 645 961 710; x_wconf 78' lang='lat' dir='ltr'><strong>velim—</strong></span> <span class='ocrx_word' id='word_1_43' title='bbox 971 645 1137 722; x_wconf 77' lang='lat' dir='ltr'><strong>equidem,</strong></span> <span class='ocrx_word' id='word_1_44' title='bbox 1150 648 1173 704; x_wconf 87' lang='lat' dir='ltr'><strong>si</strong></span> 
     </span>
     <span class='ocr_line' id='line_1_6' title="bbox 180 729 1172 808; baseline -0.002 -17"><span class='ocrx_word' id='word_1_45' title='bbox 180 739 276 808; x_wconf 88' lang='lat' dir='ltr'><strong>totum</strong></span> <span class='ocrx_word' id='word_1_46' title='bbox 290 730 458 794; x_wconf 86' lang='lat' dir='ltr'><strong>exercitum</strong></span> <span class='ocrx_word' id='word_1_47' title='bbox 471 738 600 794; x_wconf 90' lang='lat' dir='ltr'><strong>mortem</strong></span> <span class='ocrx_word' id='word_1_48' title='bbox 615 729 687 794; x_wconf 87' lang='lat' dir='ltr'><strong>mihi</strong></span> <span class='ocrx_word' id='word_1_49' title='bbox 701 730 1019 807; x_wconf 74' lang='lat' dir='ltr'><strong>optassecreclerem,</strong></span> <span class='ocrx_word' id='word_1_50' title='bbox 1030 730 1101 790; x_wconf 89' lang='lat' dir='ltr'><strong>.hic</strong></span> <span class='ocrx_word' id='word_1_51' title='bbox 1114 737 1172 804; x_wconf 80' lang='lat' dir='ltr'><strong>sta-</strong></span> 
     </span>
     <span class='ocr_line' id='line_1_7' title="bbox 181 814 1173 891; baseline -0.003 -15"><span class='ocrx_word' id='word_1_52' title='bbox 181 816 232 878; x_wconf 90' lang='lat' dir='ltr'><strong>tim</strong></span> <span class='ocrx_word' id='word_1_53' title='bbox 253 821 323 876; x_wconf 84' lang='lat' dir='ltr'><strong>onte</strong></span> <span class='ocrx_word' id='word_1_54' title='bbox 344 816 453 878; x_wconf 88' lang='lat' dir='ltr'><strong>oculos</strong></span> <span class='ocrx_word' id='word_1_55' title='bbox 467 820 591 881; x_wconf 86' lang='lat' dir='ltr'><strong>vestros</strong></span> <span class='ocrx_word' id='word_1_56' title='bbox 604 830 749 891; x_wconf 84' lang='lat' dir='ltr'><strong>morerer,</strong></span> <span class='ocrx_word' id='word_1_57' title='bbox 771 830 830 876; x_wconf 91' lang='lat' dir='ltr'><strong>nec</strong></span> <span class='ocrx_word' id='word_1_58' title='bbox 843 829 892 874; x_wconf 89' lang='lat' dir='ltr'><strong>me</strong></span> <span class='ocrx_word' id='word_1_59' title='bbox 905 814 969 877; x_wconf 84' lang='lat' dir='ltr'><strong>vita</strong></span> <span class='ocrx_word' id='word_1_60' title='bbox 989 814 1122 879; x_wconf 83' lang='lat' dir='ltr'><strong>iuvaret</strong></span> <span class='ocrx_word' id='word_1_61' title='bbox 1134 815 1173 874; x_wconf 89' lang='lat' dir='ltr'><strong>in-</strong></span> 
     </span>
     <span class='ocr_line' id='line_1_8' title="bbox 181 899 1173 976; baseline 0.002 -18"><span class='ocrx_word' id='word_1_62' title='bbox 181 901 249 961; x_wconf 91' lang='lat' dir='ltr'><strong>visa</strong></span> <span class='ocrx_word' id='word_1_63' title='bbox 269 899 388 962; x_wconf 90' lang='lat' dir='ltr'><strong>civibus</strong></span> <span class='ocrx_word' id='word_1_64' title='bbox 411 906 441 960; x_wconf 90' lang='lat' dir='ltr'><strong>et</strong></span> <span class='ocrx_word' id='word_1_65' title='bbox 462 899 607 976; x_wconf 75' lang='lat' dir='ltr'><strong>militibus</strong></span> <span class='ocrx_word' id='word_1_66' title='bbox 620 900 705 972; x_wconf 67' lang='lat' dir='ltr'><strong>,meis</strong></span> <span class='ocrx_word' id='word_1_67' title='bbox 723 922 782 956; x_wconf 71' lang='grc' dir='ltr'><strong>-ι</strong></span> <span class='ocrx_word' id='word_1_68' title='bbox 805 899 864 960; x_wconf 88' lang='lat' dir='ltr'><strong>sed</strong></span> <span class='ocrx_word' id='word_1_69' title='bbox 884 899 1050 962; x_wconf 85' lang='lat' dir='ltr'><strong>multitudo</strong></span> <span class='ocrx_word' id='word_1_70' title='bbox 1074 901 1173 962; x_wconf 78' lang='lat' dir='ltr'><strong>omuts</strong></span> 
     </span>
     <span class='ocr_line' id='line_1_9' title="bbox 179 971 1173 1062; baseline -0.003 -16"><span class='ocrx_word' id='word_1_71' title='bbox 179 987 260 1047; x_wconf 85' lang='lat' dir='ltr'><strong>sicut</strong></span> <span class='ocrx_word' id='word_1_72' title='bbox 273 992 383 1046; x_wconf 87' lang='lat' dir='ltr'><strong>natura</strong></span> <span class='ocrx_word' id='word_1_73' title='bbox 394 971 490 1046; x_wconf 85' lang='lat' dir='ltr'><strong>maris</strong></span> <span class='ocrx_word' id='word_1_74' title='bbox 503 999 561 1062; x_wconf 90' lang='lat' dir='ltr'><strong>per</strong></span> <span class='ocrx_word' id='word_1_75' title='bbox 575 1000 611 1050; x_wconf 86' lang='lat' dir='ltr'><strong>se</strong></span> <span class='ocrx_word' id='word_1_76' title='bbox 624 983 788 1056; x_wconf 83' lang='lat' dir='ltr'><strong>immobilis</strong></span> <span class='ocrx_word' id='word_1_77' title='bbox 803 990 866 1060; x_wconf 86' lang='lat' dir='ltr'><strong>est,</strong></span> <span class='ocrx_word' id='word_1_78' title='bbox 888 991 919 1044; x_wconf 87' lang='lat' dir='ltr'><strong>et</strong></span> <span class='ocrx_word' id='word_1_79' title='bbox 931 984 1069 1054; x_wconf 86' lang='lat' dir='ltr'><strong>ventiet</strong></span> <span class='ocrx_word' id='word_1_80' title='bbox 1084 999 1173 1048; x_wconf 84' lang='lat' dir='ltr'><strong>aurae</strong></span> 
     </span>
     <span class='ocr_line' id='line_1_10' title="bbox 180 1068 1175 1146; baseline -0.002 -16"><span class='ocrx_word' id='word_1_81' title='bbox 180 1072 274 1143; x_wconf 89' lang='lat' dir='ltr'><strong>cient,</strong></span> <span class='ocrx_word' id='word_1_82' title='bbox 296 1070 339 1130; x_wconf 88' lang='lat' dir='ltr'><strong>ita</strong></span> <span class='ocrx_word' id='word_1_83' title='bbox 352 1077 406 1131; x_wconf 88' lang='lat' dir='ltr'><strong>aut</strong></span> <span class='ocrx_word' id='word_1_84' title='bbox 419 1069 617 1144; x_wconf 79' lang='lat' dir='ltr'><strong>umqultnm</strong></span> <span class='ocrx_word' id='word_1_85' title='bbox 633 1076 685 1130; x_wconf 89' lang='lat' dir='ltr'><strong>aut</strong></span> <span class='ocrx_word' id='word_1_86' title='bbox 698 1069 853 1146; x_wconf 77' lang='lat' dir='ltr'><strong>procellae</strong></span> <span class='ocrx_word' id='word_1_87' title='bbox 871 1069 907 1130; x_wconf 90' lang='lat' dir='ltr'><strong>in.</strong></span> <span class='ocrx_word' id='word_1_88' title='bbox 917 1068 1010 1134; x_wconf 88' lang='lat' dir='ltr'><strong>vobis</strong></span> <span class='ocrx_word' id='word_1_89' title='bbox 1026 1076 1118 1132; x_wconf 76' lang='lat' dir='ltr'><strong>sunt</strong></span> <span class='ocrx_word' id='word_1_90' title='bbox 1150 1077 1175 1128; x_wconf 87' lang='lat' dir='ltr'><strong>et</strong></span> 
     </span>
     <span class='ocr_line' id='line_1_11' title="bbox 180 1153 1173 1232; baseline -0.002 -16"><span class='ocrx_word' id='word_1_91' title='bbox 180 1171 276 1216; x_wconf 86' lang='lat' dir='ltr'><strong>causa</strong></span> <span class='ocrx_word' id='word_1_92' title='bbox 294 1162 386 1232; x_wconf 85' lang='lat' dir='ltr'><strong>atque</strong></span> <span class='ocrx_word' id='word_1_93' title='bbox 401 1153 488 1230; x_wconf 78' lang='lat' dir='ltr'><strong>uulgo</strong></span> <span class='ocrx_word' id='word_1_94' title='bbox 504 1154 604 1216; x_wconf 87' lang='lat' dir='ltr'><strong>omnis</strong></span> <span class='ocrx_word' id='word_1_95' title='bbox 618 1154 844 1230; x_wconf 81' lang='lat' dir='ltr'><strong>lurorispenes</strong></span> <span class='ocrx_word' id='word_1_96' title='bbox 866 1158 1009 1217; x_wconf 81' lang='lat' dir='ltr'><strong>auctores</strong></span> <span class='ocrx_word' id='word_1_97' title='bbox 1024 1161 1098 1216; x_wconf 83' lang='lat' dir='ltr'><strong>est=</strong></span> <span class='ocrx_word' id='word_1_98' title='bbox 1121 1169 1173 1214; x_wconf 85' lang='lat' dir='ltr'><strong>vos</strong></span> 
     </span>
     <span class='ocr_line' id='line_1_12' title="bbox 181 1237 1174 1316; baseline -0.002 -16"><span class='ocrx_word' id='word_1_99' title='bbox 181 1238 363 1316; x_wconf 81' lang='lat' dir='ltr'><strong>contagione</strong></span> <span class='ocrx_word' id='word_1_100' title='bbox 377 1238 553 1310; x_wconf 75' lang='lat' dir='ltr'><strong>insanisIIs3</strong></span> <span class='ocrx_word' id='word_1_101' title='bbox 575 1238 629 1316; x_wconf 89' lang='lat' dir='ltr'><strong>qui</strong></span> <span class='ocrx_word' id='word_1_102' title='bbox 639 1238 714 1300; x_wconf 91' lang='lat' dir='ltr'><strong>mihi</strong></span> <span class='ocrx_word' id='word_1_103' title='bbox 728 1253 768 1299; x_wconf 88' lang='lat' dir='ltr'><strong>ne</strong></span> <span class='ocrx_word' id='word_1_104' title='bbox 781 1237 1017 1314; x_wconf 85' lang='lat' dir='ltr'><strong>hodiequidem</strong></span> <span class='ocrx_word' id='word_1_105' title='bbox 1030 1238 1123 1300; x_wconf 88' lang='lat' dir='ltr'><strong>scire</strong></span> <span class='ocrx_word' id='word_1_106' title='bbox 1135 1239 1174 1298; x_wconf 85' lang='lat' dir='ltr'><strong>vi·</strong></span> 
     </span>
     <span class='ocr_line' id='line_1_13' title="bbox 181 1322 1174 1400; baseline -0.004 -14"><span class='ocrx_word' id='word_1_107' title='bbox 181 1324 308 1400; x_wconf 88' lang='lat' dir='ltr'><strong>demini,</strong></span> <span class='ocrx_word' id='word_1_108' title='bbox 332 1340 394 1400; x_wconf 84' lang='lat' dir='ltr'><strong>quo</strong></span> <span class='ocrx_word' id='word_1_109' title='bbox 408 1323 568 1387; x_wconf 77' lang='lat' dir='ltr'><strong>‚amantiae</strong></span> <span class='ocrx_word' id='word_1_110' title='bbox 588 1323 748 1399; x_wconf 78' lang='lat' dir='ltr'><strong>progressi</strong></span> <span class='ocrx_word' id='word_1_111' title='bbox 770 1322 854 1397; x_wconf 87' lang='lat' dir='ltr'><strong>sitis,</strong></span> <span class='ocrx_word' id='word_1_112' title='bbox 870 1322 953 1398; x_wconf 80' lang='lat' dir='ltr'><strong>,quid</strong></span> <span class='ocrx_word' id='word_1_113' title='bbox 968 1323 1128 1394; x_wconf 71' lang='lat' dir='ltr'><strong>[amnonis</strong></span> <span class='ocrx_word' id='word_1_114' title='bbox 1148 1323 1174 1400; x_wconf 78' lang='lat' dir='ltr'><strong>ln</strong></span> 
     </span>
     <span class='ocr_line' id='line_1_14' title="bbox 180 1407 1173 1486; baseline -0.003 -16"><span class='ocrx_word' id='word_1_115' title='bbox 180 1425 237 1483; x_wconf 90' lang='lat' dir='ltr'><strong>me,</strong></span> <span class='ocrx_word' id='word_1_116' title='bbox 261 1408 336 1484; x_wconf 85' lang='lat' dir='ltr'><strong>quid</strong></span> <span class='ocrx_word' id='word_1_117' title='bbox 350 1407 380 1470; x_wconf 86' lang='lat' dir='ltr'><strong>ln</strong></span> <span class='ocrx_word' id='word_1_118' title='bbox 393 1408 522 1485; x_wconf 87' lang='lat' dir='ltr'><strong>patriam</strong></span> <span class='ocrx_word' id='word_1_119' title='bbox 535 1415 743 1486; x_wconf 85' lang='lat' dir='ltr'><strong>parentesque</strong></span> <span class='ocrx_word' id='word_1_120' title='bbox 757 1407 922 1480; x_wconf 34' lang='lat' dir='ltr'><strong>aotliberos</strong></span> <span class='ocrx_word' id='word_1_121' title='bbox 938 1415 1081 1484; x_wconf 87' lang='lat' dir='ltr'><strong>vestros,</strong></span> <span class='ocrx_word' id='word_1_122' title='bbox 1104 1408 1173 1484; x_wconf 77' lang='lat' dir='ltr'><strong>quid</strong></span> 
     </span>
     <span class='ocr_line' id='line_1_15' title="bbox 181 1491 1173 1570; baseline -0.002 -18"><span class='ocrx_word' id='word_1_123' title='bbox 181 1494 211 1553; x_wconf 90' lang='lat' dir='ltr'><strong>in</strong></span> <span class='ocrx_word' id='word_1_124' title='bbox 233 1493 315 1554; x_wconf 90' lang='lat' dir='ltr'><strong>deos</strong></span> <span class='ocrx_word' id='word_1_125' title='bbox 331 1492 514 1556; x_wconf 84' lang='lat' dir='ltr'><strong>sacramenti</strong></span> <span class='ocrx_word' id='word_1_126' title='bbox 534 1498 645 1568; x_wconf 77' lang='lat' dir='ltr'><strong>testes,</strong></span> <span class='ocrx_word' id='word_1_127' title='bbox 672 1492 746 1570; x_wconf 91' lang='lat' dir='ltr'><strong>quid</strong></span> <span class='ocrx_word' id='word_1_128' title='bbox 759 1491 1173 1568; x_wconf 80' lang='lat' dir='ltr'><strong>.aduersus.auspicia‚snh</strong></span> 
     </span>
     <span class='ocr_line' id='line_1_16' title="bbox 183 1575 1172 1654; baseline -0.002 -16"><span class='ocrx_word' id='word_1_129' title='bbox 183 1577 294 1652; x_wconf 88' lang='lat' dir='ltr'><strong>quibus</strong></span> <span class='ocrx_word' id='word_1_130' title='bbox 316 1577 465 1652; x_wconf 85' lang='lat' dir='ltr'><strong>militatis,</strong></span> <span class='ocrx_word' id='word_1_131' title='bbox 490 1578 566 1654; x_wconf 87' lang='lat' dir='ltr'><strong>quid</strong></span> <span class='ocrx_word' id='word_1_132' title='bbox 575 1577 731 1640; x_wconf 48' lang='lat' dir='ltr'><strong>¹adversus</strong></span> <span class='ocrx_word' id='word_1_133' title='bbox 747 1593 864 1638; x_wconf 89' lang='lat' dir='ltr'><strong>morem</strong></span> <span class='ocrx_word' id='word_1_134' title='bbox 878 1575 1009 1643; x_wconf 77' lang='lat' dir='ltr'><strong>‚militiae</strong></span> <span class='ocrx_word' id='word_1_135' title='bbox 1032 1577 1172 1654; x_wconf 79' lang='lat' dir='ltr'><strong>discipti-</strong></span> 
     </span>
     <span class='ocr_line' id='line_1_17' title="bbox 181 1660 1173 1740; baseline 0.006 -20"><span class='ocrx_word' id='word_1_136' title='bbox 181 1676 313 1734; x_wconf 85' lang='lat' dir='ltr'><strong>namque</strong></span> <span class='ocrx_word' id='word_1_137' title='bbox 326 1660 489 1735; x_wconf 87' lang='lat' dir='ltr'><strong>maiorum,</strong></span> <span class='ocrx_word' id='word_1_138' title='bbox 513 1663 589 1740; x_wconf 87' lang='lat' dir='ltr'><strong>quid</strong></span> <span class='ocrx_word' id='word_1_139' title='bbox 602 1663 753 1727; x_wconf 81' lang='lat' dir='ltr'><strong>aduersus</strong></span> <span class='ocrx_word' id='word_1_140' title='bbox 766 1661 877 1728; x_wconf 86' lang='lat' dir='ltr'><strong>summi</strong></span> <span class='ocrx_word' id='word_1_141' title='bbox 891 1661 1012 1738; x_wconf 84' lang='lat' dir='ltr'><strong>imperii</strong></span> <span class='ocrx_word' id='word_1_142' title='bbox 1026 1663 1173 1730; x_wconf 85' lang='lat' dir='ltr'><strong>maiesta-</strong></span> 
     </span>
     <span class='ocr_line' id='line_1_18' title="bbox 181 1744 1171 1828; baseline 0.006 -24"><span class='ocrx_word' id='word_1_143' title='bbox 181 1753 240 1804; x_wconf 88' lang='lat' dir='ltr'><strong>tem</strong></span> <span class='ocrx_word' id='word_1_144' title='bbox 260 1745 328 1806; x_wconf 87' lang='lat' dir='ltr'><strong>ausi</strong></span> <span class='ocrx_word' id='word_1_145' title='bbox 348 1744 425 1807; x_wconf 88' lang='lat' dir='ltr'><strong>sitis.</strong></span> <span class='ocrx_word' id='word_1_146' title='bbox 465 1746 505 1812; x_wconf 86' lang='lat' dir='ltr'><strong>de</strong></span> <span class='ocrx_word' id='word_1_147' title='bbox 525 1746 665 1823; x_wconf 87' lang='lat' dir='ltr'><strong>meipso</strong></span> <span class='ocrx_word' id='word_1_148' title='bbox 686 1754 790 1818; x_wconf 74' lang='lat' dir='ltr'><strong>taceo:</strong></span> <span class='ocrx_word' id='word_1_149' title='bbox 812 1753 927 1809; x_wconf 89' lang='lat' dir='ltr'><strong>temere</strong></span> <span class='ocrx_word' id='word_1_150' title='bbox 947 1746 1059 1822; x_wconf 80' lang='lat' dir='ltr'><strong>potius</strong></span> <span class='ocrx_word' id='word_1_151' title='bbox 1082 1764 1171 1828; x_wconf 12' lang='lat' dir='ltr'><strong>‘quau</strong></span> 
     </span>
     <span class='ocr_line' id='line_1_19' title="bbox 181 1827 1172 1909; baseline 0.001 -20"><span class='ocrx_word' id='word_1_152' title='bbox 181 1827 271 1890; x_wconf 86' lang='lat' dir='ltr'><strong>avide</strong></span> <span class='ocrx_word' id='word_1_153' title='bbox 293 1829 500 1894; x_wconf 81' lang='lat' dir='ltr'><strong>credideritls=</strong></span> <span class='ocrx_word' id='word_1_154' title='bbox 524 1831 659 1909; x_wconf 88' lang='lat' dir='ltr'><strong>denique</strong></span> <span class='ocrx_word' id='word_1_155' title='bbox 679 1847 738 1907; x_wconf 81' lang='lat' dir='ltr'><strong>ego</strong></span> <span class='ocrx_word' id='word_1_156' title='bbox 759 1833 833 1906; x_wconf 83' lang='lat' dir='ltr'><strong>sim,</strong></span> <span class='ocrx_word' id='word_1_157' title='bbox 856 1830 944 1901; x_wconf 74' lang='lat' dir='ltr'><strong>cautas</strong></span> <span class='ocrx_word' id='word_1_158' title='bbox 958 1829 1092 1906; x_wconf 45' lang='lat' dir='ltr'><strong>&gt;imperii</strong></span> <span class='ocrx_word' id='word_1_159' title='bbox 1110 1839 1172 1895; x_wconf 79' lang='lat' dir='ltr'><strong>tae</strong></span> 
     </span>
     <span class='ocr_line' id='line_1_20' title="bbox 182 1913 1173 1992; baseline -0.003 -13"><span class='ocrx_word' id='word_1_160' title='bbox 182 1914 254 1979; x_wconf 87' lang='lat' dir='ltr'><strong>dere</strong></span> <span class='ocrx_word' id='word_1_161' title='bbox 271 1913 439 1980; x_wconf 83' lang='lat' dir='ltr'><strong>exercitum</strong></span> <span class='ocrx_word' id='word_1_162' title='bbox 452 1915 575 1977; x_wconf 86' lang='lat' dir='ltr'><strong>minimo</strong></span> <span class='ocrx_word' id='word_1_163' title='bbox 589 1917 761 1990; x_wconf 89' lang='lat' dir='ltr'><strong>mirandum</strong></span> <span class='ocrx_word' id='word_1_164' title='bbox 774 1915 829 1977; x_wconf 69' lang='lat' dir='ltr'><strong>sits</strong></span> <span class='ocrx_word' id='word_1_165' title='bbox 853 1949 891 1960; x_wconf 92' lang='lat'>-</span> <span class='ocrx_word' id='word_1_166' title='bbox 912 1914 1013 1990; x_wconf 74' lang='lat' dir='ltr'><strong>patria</strong></span> <span class='ocrx_word' id='word_1_167' title='bbox 1033 1916 1120 1992; x_wconf 82' lang='lat' dir='ltr'><strong>quid</strong></span> <span class='ocrx_word' id='word_1_168' title='bbox 1139 1917 1173 1976; x_wconf 88' lang='lat' dir='ltr'><strong>‹le</strong></span> 
     </span>
     <span class='ocr_line' id='line_1_21' title="bbox 182 1997 1172 2076; baseline 0.005 -20"><span class='ocrx_word' id='word_1_169' title='bbox 182 1997 270 2059; x_wconf 89' lang='lat' dir='ltr'><strong>vobis</strong></span> <span class='ocrx_word' id='word_1_170' title='bbox 291 2006 456 2076; x_wconf 84' lang='lat' dir='ltr'><strong>meruerat,</strong></span> <span class='ocrx_word' id='word_1_171' title='bbox 480 2017 572 2076; x_wconf 86' lang='lat' dir='ltr'><strong>quam</strong></span> <span class='ocrx_word' id='word_1_172' title='bbox 587 2017 657 2063; x_wconf 91' lang='lat' dir='ltr'><strong>cum</strong></span> <span class='ocrx_word' id='word_1_173' title='bbox 669 1999 837 2071; x_wconf 81' lang='lat' dir='ltr'><strong>Mandonio</strong></span> <span class='ocrx_word' id='word_1_174' title='bbox 861 1997 1037 2068; x_wconf 77' lang='lat' dir='ltr'><strong>etlndehili</strong></span> <span class='ocrx_word' id='word_1_175' title='bbox 1060 2015 1172 2072; x_wconf 64' lang='lat' dir='ltr'><strong>tonso-</strong></span> 
     </span>
     <span class='ocr_line' id='line_1_22' title="bbox 181 2083 1172 2162; baseline 0 -18"><span class='ocrx_word' id='word_1_176' title='bbox 181 2083 291 2144; x_wconf 86' lang='lat' dir='ltr'><strong>ciando</strong></span> <span class='ocrx_word' id='word_1_177' title='bbox 306 2084 436 2146; x_wconf 90' lang='lat' dir='ltr'><strong>consilia</strong></span> <span class='ocrx_word' id='word_1_178' title='bbox 449 2084 651 2162; x_wconf 81' lang='lat' dir='ltr'><strong>prodebatlst</strong></span> <span class='ocrx_word' id='word_1_179' title='bbox 669 2084 894 2161; x_wconf 86' lang='lat' dir='ltr'><strong>quidpopulus</strong></span> <span class='ocrx_word' id='word_1_180' title='bbox 908 2084 1082 2160; x_wconf 78' lang='lat' dir='ltr'><strong>Romanus,</strong></span> <span class='ocrx_word' id='word_1_181' title='bbox 1106 2101 1172 2148; x_wconf 89' lang='lat' dir='ltr'><strong>cun</strong></span> 
     </span>
     <span class='ocr_line' id='line_1_23' title="bbox 180 2167 1172 2245; baseline 0.002 -18"><span class='ocrx_word' id='word_1_182' title='bbox 180 2168 341 2244; x_wconf 88' lang='lat' dir='ltr'><strong>imperium</strong></span> <span class='ocrx_word' id='word_1_183' title='bbox 355 2168 490 2232; x_wconf 85' lang='lat' dir='ltr'><strong>ablatum</strong></span> <span class='ocrx_word' id='word_1_184' title='bbox 509 2168 548 2230; x_wconf 90' lang='lat' dir='ltr'><strong>ab</strong></span> <span class='ocrx_word' id='word_1_185' title='bbox 563 2168 692 2238; x_wconf 82' lang='lat' dir='ltr'><strong>tribunis</strong></span> <span class='ocrx_word' id='word_1_186' title='bbox 703 2167 856 2245; x_wconf 78' lang='lat' dir='ltr'><strong>¹suffragio</strong></span> <span class='ocrx_word' id='word_1_187' title='bbox 871 2167 981 2245; x_wconf 89' lang='lat' dir='ltr'><strong>populi</strong></span> <span class='ocrx_word' id='word_1_188' title='bbox 993 2170 1122 2238; x_wconf 81' lang='lat' dir='ltr'><strong>creatis</strong></span> <span class='ocrx_word' id='word_1_189' title='bbox 1137 2171 1172 2238; x_wconf 82' lang='lat' dir='ltr'><strong>ad</strong></span> 
     </span>
     <span class='ocr_line' id='line_1_24' title="bbox 180 2253 1171 2332; baseline 0.001 -20"><span class='ocrx_word' id='word_1_190' title='bbox 180 2253 319 2317; x_wconf 87' lang='lat' dir='ltr'><strong>homines</strong></span> <span class='ocrx_word' id='word_1_191' title='bbox 332 2254 469 2330; x_wconf 86' lang='lat' dir='ltr'><strong>privatos</strong></span> <span class='ocrx_word' id='word_1_192' title='bbox 485 2253 658 2316; x_wconf 68' lang='lat' dir='ltr'><strong>detulistis?</strong></span> <span class='ocrx_word' id='word_1_193' title='bbox 680 2269 748 2319; x_wconf 91' lang='lat' dir='ltr'><strong>oum</strong></span> <span class='ocrx_word' id='word_1_194' title='bbox 763 2269 801 2314; x_wconf 88' lang='lat' dir='ltr'><strong>co</strong></span> <span class='ocrx_word' id='word_1_195' title='bbox 816 2253 887 2329; x_wconf 84' lang='lat' dir='ltr'><strong>ipso</strong></span> <span class='ocrx_word' id='word_1_196' title='bbox 895 2269 969 2326; x_wconf 74' lang='lat' dir='ltr'><strong>raon¹</strong></span> <span class='ocrx_word' id='word_1_197' title='bbox 978 2257 1134 2332; x_wconf 84' lang='lat' dir='ltr'><strong>contenti,</strong></span> <span class='ocrx_word' id='word_1_198' title='bbox 1148 2255 1171 2314; x_wconf 88' lang='lat' dir='ltr'><strong>si</strong></span> 
     </span>
     <span class='ocr_line' id='line_1_25' title="bbox 180 2337 1172 2414; baseline 0.002 -18"><span class='ocrx_word' id='word_1_199' title='bbox 180 2354 237 2413; x_wconf 90' lang='lat' dir='ltr'><strong>pro</strong></span> <span class='ocrx_word' id='word_1_200' title='bbox 259 2337 388 2409; x_wconf 84' lang='lat' dir='ltr'><strong>tribunis</strong></span> <span class='ocrx_word' id='word_1_201' title='bbox 409 2338 480 2400; x_wconf 91' lang='lat' dir='ltr'><strong>illos</strong></span> <span class='ocrx_word' id='word_1_202' title='bbox 494 2337 665 2414; x_wconf 80' lang='lat' dir='ltr'><strong>haberetis,</strong></span> <span class='ocrx_word' id='word_1_203' title='bbox 689 2339 792 2412; x_wconf 80' lang='lat' dir='ltr'><strong>fasces</strong></span> <span class='ocrx_word' id='word_1_204' title='bbox 807 2339 1172 2414; x_wconf 42' lang='lat' dir='ltr'><strong>imperatorispvestriad</strong></span> 
     </span>
     <span class='ocr_line' id='line_1_26' title="bbox 180 2421 1171 2500; baseline 0.003 -19"><span class='ocrx_word' id='word_1_205' title='bbox 180 2437 244 2497; x_wconf 88' lang='lat' dir='ltr'><strong>eos,</strong></span> <span class='ocrx_word' id='word_1_206' title='bbox 266 2421 377 2500; x_wconf 82' lang='lat' dir='ltr'><strong>qulbus</strong></span> <span class='ocrx_word' id='word_1_207' title='bbox 393 2439 513 2496; x_wconf 85' lang='lat' dir='ltr'><strong>servus,</strong></span> <span class='ocrx_word' id='word_1_208' title='bbox 529 2423 579 2487; x_wconf 89' lang='lat' dir='ltr'><strong>oui</strong></span> <span class='ocrx_word' id='word_1_209' title='bbox 593 2423 786 2500; x_wconf 84' lang='lat' dir='ltr'><strong>imperarent,</strong></span> <span class='ocrx_word' id='word_1_210' title='bbox 802 2423 1097 2500; x_wconf 49' lang='lat' dir='ltr'><strong>numqumutluerat,</strong></span> <span class='ocrx_word' id='word_1_211' title='bbox 1114 2426 1171 2486; x_wconf 83' lang='lat' dir='ltr'><strong>Ro-</strong></span> 
     </span>
     <span class='ocr_line' id='line_1_27' title="bbox 180 2507 1171 2585; baseline 0.005 -20"><span class='ocrx_word' id='word_1_212' title='bbox 180 2522 287 2567; x_wconf 85' lang='lat' dir='ltr'><strong>manus</strong></span> <span class='ocrx_word' id='word_1_213' title='bbox 310 2507 464 2570; x_wconf 87' lang='lat' dir='ltr'><strong>exercitus</strong></span> <span class='ocrx_word' id='word_1_214' title='bbox 482 2508 647 2578; x_wconf 72' lang='lat' dir='ltr'><strong>detulistis.</strong></span> <span class='ocrx_word' id='word_1_215' title='bbox 673 2509 710 2576; x_wconf 82' lang='lat' dir='ltr'><strong>‚in</strong></span> <span class='ocrx_word' id='word_1_216' title='bbox 732 2508 888 2585; x_wconf 81' lang='lat' dir='ltr'><strong>praetorio</strong></span> <span class='ocrx_word' id='word_1_217' title='bbox 906 2507 1108 2582; x_wconf 60' lang='lat' dir='ltr'><strong>tetenderunt</strong></span> <span class='ocrx_word' id='word_1_218' title='bbox 1120 2511 1171 2570; x_wconf 83' lang='lat' dir='ltr'><strong>Al-</strong></span> 
     </span>
     <span class='ocr_line' id='line_1_28' title="bbox 180 2589 1169 2669; baseline 0.006 -21"><span class='ocrx_word' id='word_1_219' title='bbox 180 2589 293 2659; x_wconf 86' lang='lat' dir='ltr'><strong>biuset</strong></span> <span class='ocrx_word' id='word_1_220' title='bbox 305 2591 421 2668; x_wconf 81' lang='lat' dir='ltr'><strong>Atrius,</strong></span> <span class='ocrx_word' id='word_1_221' title='bbox 444 2593 706 2669; x_wconf 83' lang='lat' dir='ltr'><strong>classicumapud</strong></span> <span class='ocrx_word' id='word_1_222' title='bbox 722 2591 912 2667; x_wconf 73' lang='lat' dir='ltr'><strong>eoscecinit,</strong></span> <span class='ocrx_word' id='word_1_223' title='bbox 927 2592 1059 2668; x_wconf 48' lang='lat' dir='ltr'><strong>¹¹signam</strong></span> <span class='ocrx_word' id='word_1_224' title='bbox 1073 2593 1118 2654; x_wconf 86' lang='lat' dir='ltr'><strong>ab</strong></span> <span class='ocrx_word' id='word_1_225' title='bbox 1135 2595 1169 2653; x_wconf 90' lang='lat' dir='ltr'><strong>lis</strong></span> 
     </span>
     <span class='ocr_line' id='line_1_29' title="bbox 180 2675 1169 2754; baseline 0.005 -20"><span class='ocrx_word' id='word_1_226' title='bbox 180 2675 305 2748; x_wconf 88' lang='lat' dir='ltr'><strong>petitum</strong></span> <span class='ocrx_word' id='word_1_227' title='bbox 320 2682 376 2748; x_wconf 88' lang='lat' dir='ltr'><strong>est,</strong></span> <span class='ocrx_word' id='word_1_228' title='bbox 400 2677 546 2743; x_wconf 85' lang='lat' dir='ltr'><strong>sederunt</strong></span> <span class='ocrx_word' id='word_1_229' title='bbox 560 2679 592 2738; x_wconf 89' lang='lat' dir='ltr'><strong>in</strong></span> <span class='ocrx_word' id='word_1_230' title='bbox 602 2677 749 2752; x_wconf 63' lang='lat' dir='ltr'><strong>,tribunati</strong></span> <span class='ocrx_word' id='word_1_231' title='bbox 762 2678 794 2737; x_wconf 89' lang='lat' dir='ltr'><strong>P.</strong></span> <span class='ocrx_word' id='word_1_232' title='bbox 811 2677 983 2754; x_wconf 87' lang='lat' dir='ltr'><strong>Scipionis,</strong></span> <span class='ocrx_word' id='word_1_233' title='bbox 1007 2677 1103 2752; x_wconf 80' lang='lat' dir='ltr'><strong>lictor</strong></span> <span class='ocrx_word' id='word_1_234' title='bbox 1118 2695 1169 2754; x_wconf 87' lang='lat' dir='ltr'><strong>ap-</strong></span> 
     </span>
     <span class='ocr_line' id='line_1_30' title="bbox 178 2758 1168 2838; baseline 0.012 -21"><span class='ocrx_word' id='word_1_235' title='bbox 178 2758 287 2832; x_wconf 82' lang='lat' dir='ltr'><strong>paruit</strong></span> <span class='ocrx_word' id='word_1_236' title='bbox 309 2766 463 2820; x_wconf 88' lang='lat' dir='ltr'><strong>summoto</strong></span> <span class='ocrx_word' id='word_1_237' title='bbox 477 2760 680 2838; x_wconf 76' lang='lat' dir='ltr'><strong>incesserunt,</strong></span> <span class='ocrx_word' id='word_1_238' title='bbox 692 2763 804 2836; x_wconf 62' lang='lat' dir='ltr'><strong>¹litoreos</strong></span> <span class='ocrx_word' id='word_1_239' title='bbox 820 2779 889 2836; x_wconf 76' lang='lat' dir='ltr'><strong>curn</strong></span> <span class='ocrx_word' id='word_1_240' title='bbox 904 2761 1168 2838; x_wconf 72' lang='lat' dir='ltr'><strong>sectaibusprae</strong></span> 
     </span>
     <span class='ocr_line' id='line_1_31' title="bbox 179 2842 1168 2928; baseline 0.007 -27"><span class='ocrx_word' id='word_1_241' title='bbox 179 2842 230 2902; x_wconf 86' lang='lat' dir='ltr'><strong>lati</strong></span> <span class='ocrx_word' id='word_1_242' title='bbox 245 2848 325 2905; x_wconf 90' lang='lat' dir='ltr'><strong>sunt.</strong></span> <span class='ocrx_word' id='word_1_243' title='bbox 347 2843 467 2920; x_wconf 78' lang='lat' dir='ltr'><strong>lapides</strong></span> <span class='ocrx_word' id='word_1_244' title='bbox 483 2846 636 2920; x_wconf 83' lang='lat' dir='ltr'><strong>pluereet</strong></span> <span class='ocrx_word' id='word_1_245' title='bbox 649 2847 775 2914; x_wconf 71' lang='lat' dir='ltr'><strong>fulmina</strong></span> <span class='ocrx_word' id='word_1_246' title='bbox 789 2847 848 2913; x_wconf 88' lang='lat' dir='ltr'><strong>iaci</strong></span> <span class='ocrx_word' id='word_1_247' title='bbox 861 2846 1004 2928; x_wconf 37' lang='lat' dir='ltr'><strong>aetcpelo</strong></span> <span class='ocrx_word' id='word_1_248' title='bbox 1013 2855 1054 2914; x_wconf 69' lang='lat' dir='ltr'><strong>,et</strong></span> <span class='ocrx_word' id='word_1_249' title='bbox 1063 2848 1168 2915; x_wconf 86' lang='lat' dir='ltr'><strong>insue-</strong></span> 
     </span>
     <span class='ocr_line' id='line_1_32' title="bbox 178 2927 1168 3008; baseline 0.008 -22"><span class='ocrx_word' id='word_1_250' title='bbox 178 2935 226 2988; x_wconf 87' lang='lat' dir='ltr'><strong>tos</strong></span> <span class='ocrx_word' id='word_1_251' title='bbox 249 2927 329 2990; x_wconf 87' lang='lat' dir='ltr'><strong>letus</strong></span> <span class='ocrx_word' id='word_1_252' title='bbox 350 2929 493 2993; x_wconf 86' lang='lat' dir='ltr'><strong>animalia</strong></span> <span class='ocrx_word' id='word_1_253' title='bbox 513 2930 607 2996; x_wconf 86' lang='lat' dir='ltr'><strong>edere</strong></span> <span class='ocrx_word' id='word_1_254' title='bbox 621 2947 679 3004; x_wconf 83' lang='lat' dir='ltr'><strong>vos</strong></span> <span class='ocrx_word' id='word_1_255' title='bbox 697 2939 843 3008; x_wconf 80' lang='lat' dir='ltr'><strong>portenta</strong></span> <span class='ocrx_word' id='word_1_256' title='bbox 864 2931 1087 3008; x_wconf 80' lang='lat' dir='ltr'><strong>essepuatis=</strong></span> <span class='ocrx_word' id='word_1_257' title='bbox 1111 2933 1168 2994; x_wconf 90' lang='lat' dir='ltr'><strong>hoc</strong></span> 
     </span>
     <span class='ocr_line' id='line_1_33' title="bbox 177 3015 1166 3096; baseline 0.004 -24"><span class='ocrx_word' id='word_1_258' title='bbox 177 3019 226 3073; x_wconf 88' lang='lat' dir='ltr'><strong>est</strong></span> <span class='ocrx_word' id='word_1_259' title='bbox 240 3020 422 3096; x_wconf 87' lang='lat' dir='ltr'><strong>portentum,</strong></span> <span class='ocrx_word' id='word_1_260' title='bbox 440 3015 525 3089; x_wconf 85' lang='lat' dir='ltr'><strong>quod</strong></span> <span class='ocrx_word' id='word_1_261' title='bbox 536 3015 630 3079; x_wconf 89' lang='lat' dir='ltr'><strong>nullis</strong></span> <span class='ocrx_word' id='word_1_262' title='bbox 645 3015 765 3091; x_wconf 85' lang='lat' dir='ltr'><strong>hostiis,</strong></span> <span class='ocrx_word' id='word_1_263' title='bbox 776 3017 874 3081; x_wconf 89' lang='lat' dir='ltr'><strong>nullis</strong></span> <span class='ocrx_word' id='word_1_264' title='bbox 885 3016 1166 3092; x_wconf 68' lang='lat' dir='ltr'><strong>supplicationibus</strong></span> 
     </span>
     <span class='ocr_line' id='line_1_34' title="bbox 177 3098 1165 3178; baseline 0.002 -21"><span class='ocrx_word' id='word_1_265' title='bbox 177 3098 244 3158; x_wconf 83' lang='lat' dir='ltr'><strong>sinc</strong></span> <span class='ocrx_word' id='word_1_266' title='bbox 259 3099 407 3173; x_wconf 82' lang='lat' dir='ltr'><strong>sanguine</strong></span> <span class='ocrx_word' id='word_1_267' title='bbox 423 3114 538 3175; x_wconf 85' lang='lat' dir='ltr'><strong>eorum,</strong></span> <span class='ocrx_word' id='word_1_268' title='bbox 556 3102 609 3176; x_wconf 88' lang='lat' dir='ltr'><strong>qui</strong></span> <span class='ocrx_word' id='word_1_269' title='bbox 620 3107 736 3164; x_wconf 86' lang='lat' dir='ltr'><strong>tantum</strong></span> <span class='ocrx_word' id='word_1_270' title='bbox 751 3103 819 3162; x_wconf 90' lang='lat' dir='ltr'><strong>ausi</strong></span> <span class='ocrx_word' id='word_1_271' title='bbox 830 3100 1031 3173; x_wconf 81' lang='lat' dir='ltr'><strong>lacinussint</strong></span> <span class='ocrx_word' id='word_1_272' title='bbox 1048 3101 1165 3178; x_wconf 85' lang='lat' dir='ltr'><strong>expiari</strong></span> 
     </span>
     <span class='ocr_line' id='line_1_35' title="bbox 176 3183 1164 3262; baseline 0.003 -21"><span class='ocrx_word' id='word_1_273' title='bbox 176 3183 283 3256; x_wconf 90' lang='lat' dir='ltr'><strong>possit.</strong></span> <span class='ocrx_word' id='word_1_274' title='bbox 334 3183 469 3244; x_wconf 85' lang='lat' dir='ltr'>XXVIII.</span> <span class='ocrx_word' id='word_1_275' title='bbox 504 3193 597 3261; x_wconf 86' lang='lat' dir='ltr'><strong>atque</strong></span> <span class='ocrx_word' id='word_1_276' title='bbox 610 3201 692 3262; x_wconf 68' lang='lat' dir='ltr'><strong>ego,</strong></span> <span class='ocrx_word' id='word_1_277' title='bbox 716 3203 904 3262; x_wconf 82' lang='lat' dir='ltr'><strong>quamquam</strong></span> <span class='ocrx_word' id='word_1_278' title='bbox 925 3185 1043 3259; x_wconf 80' lang='lat' dir='ltr'><strong>nullutn</strong></span> <span class='ocrx_word' id='word_1_279' title='bbox 1065 3187 1164 3246; x_wconf 89' lang='lat' dir='ltr'><strong>scelus</strong></span> 
     </span>
     <span class='ocr_line' id='line_1_36' title="bbox 175 3266 1161 3352; baseline 0.008 -27"><span class='ocrx_word' id='word_1_280' title='bbox 175 3266 323 3326; x_wconf 86' lang='lat' dir='ltr'><strong>rationem</strong></span> <span class='ocrx_word' id='word_1_281' title='bbox 338 3267 440 3339; x_wconf 84' lang='lat' dir='ltr'><strong>habet,</strong></span> <span class='ocrx_word' id='word_1_282' title='bbox 455 3273 567 3352; x_wconf 83' lang='lat' dir='ltr'><strong>tamen,</strong></span> <span class='ocrx_word' id='word_1_283' title='bbox 588 3276 621 3329; x_wconf 86' lang='lat' dir='ltr'><strong>ut</strong></span> <span class='ocrx_word' id='word_1_284' title='bbox 633 3270 665 3328; x_wconf 90' lang='lat' dir='ltr'><strong>in</strong></span> <span class='ocrx_word' id='word_1_285' title='bbox 680 3286 715 3330; x_wconf 92' lang='lat' dir='ltr'><strong>re</strong></span> <span class='ocrx_word' id='word_1_286' title='bbox 728 3270 854 3344; x_wconf 80' lang='lat' dir='ltr'><strong>nefaria,</strong></span> <span class='ocrx_word' id='word_1_287' title='bbox 872 3285 951 3346; x_wconf 80' lang='lat' dir='ltr'><strong>quae</strong></span> <span class='ocrx_word' id='word_1_288' title='bbox 966 3285 1066 3345; x_wconf 84' lang='lat' dir='ltr'><strong>meus,</strong></span> <span class='ocrx_word' id='word_1_289' title='bbox 1081 3269 1161 3345; x_wconf 83' lang='lat' dir='ltr'><strong>quod</strong></span> 
     </span>
     <span class='ocr_line' id='line_1_37' title="bbox 176 3350 1161 3428; baseline 0.006 -22"><span class='ocrx_word' id='word_1_290' title='bbox 176 3350 337 3410; x_wconf 89' lang='lat' dir='ltr'><strong>consilium</strong></span> <span class='ocrx_word' id='word_1_291' title='bbox 352 3357 487 3418; x_wconf 87' lang='lat' dir='ltr'><strong>vestrum</strong></span> <span class='ocrx_word' id='word_1_292' title='bbox 504 3352 608 3425; x_wconf 80' lang='lat' dir='ltr'><strong>luerit,</strong></span> <span class='ocrx_word' id='word_1_293' title='bbox 632 3353 713 3422; x_wconf 76' lang='lat' dir='ltr'><strong>,scire</strong></span> <span class='ocrx_word' id='word_1_294' title='bbox 729 3353 829 3412; x_wconf 91' lang='lat' dir='ltr'><strong>velim.</strong></span> <span class='ocrx_word' id='word_1_295' title='bbox 862 3353 990 3428; x_wconf 80' lang='lat' dir='ltr'><strong>Regium</strong></span> <span class='ocrx_word' id='word_1_296' title='bbox 1008 3354 1161 3428; x_wconf 84' lang='lat' dir='ltr'><strong>quondam</strong></span> 
     </span>
     <span class='ocr_line' id='line_1_38' title="bbox 177 3429 1160 3514; baseline 0.012 -28"><span class='ocrx_word' id='word_1_297' title='bbox 177 3429 207 3487; x_wconf 88' lang='lat' dir='ltr'><strong>ln</strong></span> <span class='ocrx_word' id='word_1_298' title='bbox 222 3433 410 3505; x_wconf 86' lang='lat' dir='ltr'><strong>praesidium</strong></span> <span class='ocrx_word' id='word_1_299' title='bbox 425 3435 522 3496; x_wconf 86' lang='lat' dir='ltr'><strong>missa</strong></span> <span class='ocrx_word' id='word_1_300' title='bbox 536 3435 617 3508; x_wconf 82' lang='lat' dir='ltr'><strong>legio</strong></span> <span class='ocrx_word' id='word_1_301' title='bbox 638 3437 806 3500; x_wconf 80' lang='lat' dir='ltr'><strong>interiectis</strong></span> <span class='ocrx_word' id='word_1_302' title='bbox 821 3451 878 3510; x_wconf 89' lang='lat' dir='ltr'><strong>per</strong></span> <span class='ocrx_word' id='word_1_303' title='bbox 892 3437 996 3499; x_wconf 87' lang='lat' dir='ltr'><strong>scelus</strong></span> <span class='ocrx_word' id='word_1_304' title='bbox 1019 3437 1160 3514; x_wconf 85' lang='lat' dir='ltr'><strong>principi·</strong></span> 
     </span>
     <span class='ocr_line' id='line_1_39' title="bbox 176 3512 1160 3593; baseline 0.012 -23"><span class='ocrx_word' id='word_1_305' title='bbox 176 3512 233 3572; x_wconf 88' lang='lat' dir='ltr'><strong>bus</strong></span> <span class='ocrx_word' id='word_1_306' title='bbox 256 3515 385 3576; x_wconf 83' lang='lat' dir='ltr'><strong>civitatis</strong></span> <span class='ocrx_word' id='word_1_307' title='bbox 407 3517 514 3576; x_wconf 87' lang='lat' dir='ltr'><strong>urbem</strong></span> <span class='ocrx_word' id='word_1_308' title='bbox 536 3518 713 3582; x_wconf 78' lang='lat' dir='ltr'><strong>opulentam</strong></span> <span class='ocrx_word' id='word_1_309' title='bbox 734 3521 910 3592; x_wconf 85' lang='lat' dir='ltr'><strong>perdecem</strong></span> <span class='ocrx_word' id='word_1_310' title='bbox 931 3534 1032 3581; x_wconf 88' lang='lat' dir='ltr'><strong>annos</strong></span> <span class='ocrx_word' id='word_1_311' title='bbox 1054 3521 1160 3593; x_wconf 74' lang='lat' dir='ltr'><strong>tenuia</strong></span> 
     </span>
    </p>
   </div>
   <div class='ocr_carea' id='block_1_3' title="bbox 0 0 1222 3894">
    <p class='ocr_par' dir='ltr' id='par_1_3' title="bbox 0 0 1222 3894">
     <span class='ocr_line' id='line_1_40' title="bbox 0 0 1222 3894; baseline 0 0"><span class='ocrx_word' id='word_1_312' title='bbox 0 0 1222 3894; x_wconf 95' lang='lat' dir='ltr'><strong> </strong></span> 
     </span>
    </p>
   </div>
  </div>
 </body>
</html>
