2428 3892
183 169 244 234 156
329 166 444 229 LIBER
458 165 566 228 llllvl.
589 165 670 227 cAP.
683 173 727 230 48.
743 173 785 227 ta.
809 172 846 240 [a.
857 170 892 226 U.
906 187 929 230 r,
946 171 1008 238 542]

182 333 372 398 cognoscere
386 318 484 381 iussit
505 333 574 380 omn
588 332 639 379 res
653 316 819 380 somniare
833 323 974 394 ageretur
988 319 1142 379 certamine

181 405 265 482 quod
287 403 379 466 amoti
393 408 496 464 anae
510 401 663 478 dignitatis
678 417 739 464 non
754 407 814 462 tam
833 401 974 463 advocati
991 417 1085 478 quarn
1098 417 1146 462 ma·

181 490 338 550 deratarcs
360 486 531 549 studiorum
545 486 679 559 lucrant,
702 485 733 547 c.
748 485 887 558 Laelius,
910 485 1017 546 relicto
1034 485 1147 546 consilia

182 579 251 634 ante
270 570 415 645 tribunal,
436 569 476 630 ad
492 569 667 645 Scipionem
689 569 823 644 accedit,
845 585 977 648 cumque
992 569 1088 629 docet
1100 585 1149 629 ren

182 657 248 718 sine
262 655 355 717 moda
370 671 408 716 ac
421 653 573 717 modestia
587 652 645 730 agi,
662 668 698 715 ac
714 668 813 730 prope
828 668 901 715 csse
914 660 948 714 ut
960 669 1074 714 manus
1088 653 1149 714 inter

181 755 216 804 se
230 740 396 802 conterant
419 744 554 800 ceterum
569 737 660 798 etiam
674 737 701 799 si
716 736 765 798 vis
779 737 869 812 absit,
884 737 978 799 nihilo
993 737 1097 798 minus
1111 739 1150 798 dc-

181 823 311 886 testabili
333 823 475 900 exemplo
490 837 554 883 rem
568 821 634 897 agi,
658 821 774 898 quippe
787 820 840 884 ubi
855 822 963 883 iraude
975 837 1017 883 ac
1033 821 1151 898 periuria

180 909 276 971 decus
290 914 411 985 petatur
422 906 550 968 uirtutis.
573 911 655 974 stare
669 905 740 967 binc
755 905 940 982 legionarias
954 906 1080 982 milites,
1094 907 1150 966 binc

181 992 347 1066 classicos,
369 1006 426 1068 per
439 1005 547 1052 omnes
563 991 641 1052 deos
662 998 830 1067 apparatos
844 990 946 1052 iurare
961 990 1067 1068 magis
1088 1005 1150 1066 quae

87 1147 91 1156 .
182 1076 276 1138 velint
290 1091 382 1152 quam
397 1089 477 1151 quae
492 1073 591 1136 sciant
606 1089 679 1136 vera
700 1089 787 1151 csse,
809 1081 841 1136 et
855 1073 1052 1152 obstringere
1067 1075 1145 1152 periu-

179 1161 225 1222 rio
246 1176 308 1222 nan
329 1175 365 1221 sa
386 1161 485 1222 saturn
500 1173 652 1235 suumque
673 1166 778 1235 caput,
801 1159 860 1220 sed
874 1159 964 1235 signa
977 1159 1150 1220 nubtamaet

180 1245 300 1321 aquilas
315 1243 559 1319 sacramentique
579 1242 768 1319 religionem.
798 1242 876 1304 baec
890 1243 930 1305 ed
950 1259 1025 1305 etun
1041 1243 1081 1304 de
1094 1258 1148 1302 scn-

180 1329 272 1391 tentia
285 1329 318 1390 P.
334 1328 463 1390 cornelii
478 1334 508 1388 et
521 1327 562 1388 Μ.
577 1327 752 1404 Sempronii
767 1327 897 1388 deterre.
926 1326 1036 1403 scipio
1053 1328 1145 1388 collau

180 1415 251 1475 dato
266 1412 369 1474 Laelio
390 1412 430 1473 ad
451 1411 623 1473 condonent
644 1411 821 1488 advocavit,
844 1411 1148 1488 pronuntiavitquese

180 1497 254 1557 satis
282 1503 471 1572 compertum
490 1495 605 1556 habere
626 1495 659 1570 0.
680 1494 853 1556 iiberilium
874 1501 905 1556 et
925 1494 1000 1556 Sex.
1026 1495 1148 1571 [ligitium

182 1579 294 1656 pariter
316 1579 345 1640 in
366 1594 486 1640 murum
506 1579 702 1653 escendisse,
731 1595 830 1656 seque
851 1593 907 1639 eos
927 1579 1051 1642 virtutis
1073 1593 1148 1638 causa

181 1663 304 1725 coronis
324 1662 490 1725 muralibus
511 1663 636 1724 donare.
673 1669 737 1724 turn
760 1664 912 1738 reliquos,
940 1672 1035 1739 prout
1055 1662 1148 1739 cuique

180 1747 318 1809 meritum
332 1756 383 1808 aut
396 1747 492 1808 virtus
507 1754 585 1822 erat,
608 1747 750 1808 donaria
773 1754 843 1808 ante
858 1763 965 1808 omnes
980 1747 1014 1808 c.
1031 1745 1148 1810 Laelium

181 1831 367 1908 praelectum
389 1831 499 1892 classis
520 1838 550 1892 ct
574 1832 656 1892 omni
681 1846 795 1906 genere
819 1831 919 1893 laudis
945 1831 1072 1894 sibimet
1096 1830 1148 1906 ipsc

180 1916 332 1992 aequavit,
355 1923 385 1976 et
399 1931 515 1978 corona
528 1931 622 1976 aurea
636 1930 674 1976 ac
688 1915 810 1991 triginta
822 1914 924 1976 bubus
940 1917 1079 1977 donavit

262 2000 364 2062 XLIX.
385 2002 458 2062 Tum
475 1999 601 2062 obsides
617 1999 783 2062 civitatium
797 2000 965 2077 Hispaniae
981 1999 1087 2062 vocari
1101 1998 1146 2057 ius

179 2087 235 2155 sit;
252 2101 379 2161 quoram
392 2091 523 2160 quantus
536 2099 680 2145 numerus
692 2079 782 2144 inerit
793 2083 878 2160 piget
888 2083 1035 2161 scribere,
1050 2083 1148 2162 quippe

181 2168 231 2229 ubi
249 2169 320 2231 alibi
335 2175 489 2231 trecentos
504 2169 613 2243 ierrne,
636 2167 708 2229 alibi
723 2167 780 2229 tria
793 2167 876 2229 milia
890 2169 1102 2246 septingentas
1114 2163 1148 2224 vi-

180 2253 253 2329 ginti
269 2260 412 2330 quattuor
426 2254 522 2315 luisse
537 2252 700 2315 inveniam.
733 2267 832 2330 aeque
847 2259 878 2314 ct
891 2252 952 2314 alia
966 2253 1048 2314 inter
1061 2256 1146 2314 aucta·

180 2353 231 2398 res
252 2337 439 2414 discrepant.
472 2337 658 2414 praesidium
674 2335 819 2398 Punicum
840 2337 919 2398 alius
935 2337 1061 2412 decem,
1085 2333 1148 2395 alius

181 2428 306 2497 septem,
323 2422 401 2484 nlius
412 2423 495 2483 hand
506 2423 580 2499 'plus
593 2437 683 2498 quam
699 2423 792 2484 duum
807 2421 922 2482 milium
937 2420 1036 2484 luisse
1049 2416 1148 2483 scribit.

182 2513 273 2581 capta
290 2506 362 2566 alibi
384 2508 491 2568 decem
512 2505 593 2566 milia
615 2505 762 2581 capitum,
784 2503 855 2565 alibi
871 2521 968 2582 supra
982 2501 1149 2582 quinquae

182 2589 445 2664 vigintiinvenias.
475 2589 656 2666 scorpiones
668 2589 801 2651 maiores
812 2590 1011 2666 minoresque
1020 2591 1063 2652 ad
1073 2599 1146 2650 sexa·

181 2673 264 2748 ginta
279 2681 386 2748 captos
402 2673 587 2749 scripserim,
610 2673 637 2735 sl
652 2681 807 2736 auctorem
823 2674 973 2736 Graecum
988 2669 1145 2750 sequarSi

181 2757 297 2828 lenum3
321 2757 347 2818 si
362 2757 516 2819 Valerium
530 2758 698 2834 Antiatem,
721 2757 867 2819 maiorum
889 2757 1087 2834 scorpionum
1103 2767 1146 2814 sca

181 2840 278 2917 arilia,
300 2841 450 2904 minorum
465 2842 572 2904 decem
587 2843 643 2903 tria
657 2842 753 2904 milia=
780 2843 859 2904 adca
874 2843 975 2903 nullus
998 2835 1146 2903 mentiendi

181 2925 292 2988 arodus
314 2934 370 2988 est.
410 2943 448 2988 nc
462 2927 509 2989 ale
530 2926 659 2989 ducibus
680 2926 805 3003 quidem
833 2926 985 2989 conuenit
1025 2925 1148 3002 plerique

181 3010 314 3075 laelium
335 3013 506 3088 praefuisse
529 3012 639 3084 classi;
663 3019 734 3073 sunt
754 3012 805 3086 qui
829 3012 868 3071 ill.
889 3011 1008 3072 lunium
1027 3009 1145 3071 Silanun

181 3096 291 3159 dicant.
323 3097 437 3159 Mincn
459 3097 632 3174 praefuisse
652 3096 765 3158 Punico
788 3095 944 3172 pracsidio
966 3093 1147 3166 deditumque

181 3181 327 3244 Romanis
348 3182 457 3244 Antias
478 3181 635 3254 Valerius,
658 3180 820 3258 Magonem
842 3180 893 3242 alii
914 3179 1081 3256 scriptores
1100 3181 1142 3234 na·

182 3265 264 3327 dunt.
296 3283 357 3329 aon
373 3267 413 3329 de
427 3283 554 3330 numero
569 3266 692 3328 navium
708 3272 876 3343 captarum,
893 3279 955 3327 non
970 3263 1012 3326 dc
1025 3259 1144 3340 pondere

183 3349 245 3409 auri
266 3357 358 3426 atque
378 3351 494 3428 argenti
510 3357 540 3411 et
559 3350 702 3410 redactae
717 3349 867 3425 pecuniae
880 3347 1035 3410 convenit.
1066 3343 1090 3406 si
1104 3337 1144 3400 ali·

185 3431 250 3505 quis
265 3433 411 3494 adsentiri
427 3448 557 3495 necesse
572 3442 627 3507 est,
642 3431 743 3492 media
754 3431 905 3494 simillima
917 3430 999 3493 veris
1011 3435 1088 3494 sunt.
1105 3437 1142 3484 ct
