2448 3900
261 226 495 287 umuaxxrx.
520 228 602 288 cau.
617 237 661 291 ar.
676 238 719 291 aa
742 231 903 308 [acam]
1008 227 1070 292 atr

85 393 150 452 que
171 377 339 452 pugnando
361 392 397 436 ac
417 379 576 452 sequendo
599 379 692 440 fessis
714 395 750 440 se
775 381 1013 452 circumfudera;
1041 388 1072 442 et

84 461 254 525 Masinissa
268 459 359 520 ilexis
375 462 475 523 subito
491 462 578 536 equis
593 463 624 522 in
636 479 770 539 pugnam
784 464 884 524 rediit.
905 465 987 525 mille
997 464 1069 538 lere,

87 545 144 620 qui
164 545 254 622 primi
274 545 405 620 agminis
424 546 557 620 fuerant,
581 546 692 623 quibus
706 548 789 608 haud
809 549 906 608 tacitis
927 556 1070 625 receptus

86 631 159 703 tuit,
182 645 252 690 cum
272 629 342 704 ipso
364 631 442 690 duce
462 631 613 691 Hannone
631 631 786 692 interclusi
807 641 900 708 atque
921 633 1070 694 interfecti

86 719 174 774 sunta
196 719 332 788 ceteros,
355 714 443 774 ducis
458 714 626 790 praecipue
639 715 762 776 territos
776 717 889 797 caede,
911 716 1010 777 effuse
1025 718 1070 777 iu·

85 797 206 872 gientes
231 813 287 873 per
311 799 369 857 tria
391 798 474 858 arilia
499 814 649 873 passuum
674 799 807 861 victmes
830 801 926 861 secuti
947 802 987 861 ad
1008 800 1070 860 duo

86 887 248 956 praeterea
257 881 340 942 milla
350 883 485 956 equitum
497 891 550 942 aut
560 890 708 959 ceperunt
717 891 772 944 aut
785 884 971 945 occiderunt.
994 885 1071 944 inter

86 981 145 1025 eos
160 965 235 1026 satis
250 964 411 1026 constabat
424 982 487 1026 non
499 966 601 1028 minus
617 967 767 1028 ducentos
780 967 1070 1042 Carthaginiensium

86 1051 208 1126 equites
223 1039 331 1123 luisse,
353 1055 383 1110 et
401 1050 514 1110 divitiis
530 1051 684 1127 quosdam
698 1059 728 1114 et
741 1067 854 1127 genere
868 1052 1010 1112 illustres.

172 1133 292 1195 XXXV.
318 1133 435 1194 Eodem
450 1135 528 1195 torte
550 1151 611 1211 quo
625 1135 702 1196 haec
716 1142 804 1211 gesta
817 1143 887 1197 sunt
901 1136 951 1196 die
965 1131 1071 1210 naves,

88 1215 170 1293 quae
190 1218 338 1293 praedam
358 1218 390 1276 in
406 1215 539 1280 Siciliam
553 1227 717 1294 vexerant,
740 1237 810 1281 cum
831 1226 1002 1281 commeatu
1022 1235 1069 1279 re·

87 1303 189 1376 diere,
216 1303 299 1362 velut
319 1301 471 1364 ominatae
491 1304 531 1364 ad
551 1303 698 1380 praedam
727 1305 852 1365 alteram
872 1303 1071 1380 repetendam

86 1401 162 1447 sese
176 1386 311 1447 venisse.
345 1388 431 1448 Iluos
446 1389 556 1448 eodem
569 1388 692 1448 nomine
708 1387 1000 1464 Carthaginiensium
1015 1388 1070 1446 du-

85 1487 142 1531 ces
167 1469 289 1532 duobus
317 1471 511 1547 equestribus
532 1472 658 1548 proeliis
678 1473 855 1534 interlectos
874 1489 936 1533 non
963 1487 1070 1532 omnes

84 1563 232 1616 auctores
246 1561 332 1630 sunt,
354 1556 451 1630 veriu',
474 1557 581 1631 credo,
604 1573 643 1616 ne
658 1558 775 1618 falleret
788 1557 837 1618 bis
852 1557 948 1618 relata
961 1555 1070 1615 eadem

69 1655 155 1703 ,resa
179 1639 300 1700 Coelius
315 1641 438 1715 quidem
453 1647 483 1700 et
492 1641 636 1702 Valerius
652 1648 773 1717 captum
787 1643 879 1704 etiam
889 1641 1070 1701 Hannonem

85 1724 220 1784 tradunt.
953 1731 955 1737 ’

172 1806 276 1882 Scipio
293 1808 465 1883 praelectus
480 1809 677 1884 equitesque,
699 1817 789 1885 prout
803 1810 954 1886 cuiusque
975 1825 1071 1886 opera

85 1893 197 1964 iuerat,
213 1898 282 1952 ante
297 1907 403 1952 omnes
410 1891 606 1952 Masinissam
620 1892 791 1967 insignibus
807 1893 897 1954 donis
909 1894 1018 1964 donat;
1041 1899 1072 1952 et

85 1975 177 2036 firmo
199 1974 354 2052 praesidio
371 1975 519 2036 Salaecae
539 1977 683 2052 imposito
698 1977 766 2052 ipse
781 1992 850 2037 cum
866 1984 967 2036 cetero
983 1992 1070 2037 exer-

86 2059 150 2119 citu
172 2059 344 2134 proiectus,
366 2075 429 2120 non
450 2060 533 2136 agris
552 2061 662 2134 modo,
686 2075 879 2135 quacumque
898 2060 1069 2132 incedebat,

85 2143 245 2224 populatis
256 2143 314 2204 sed
326 2142 452 2206 urbibus
465 2145 554 2204 etiam
567 2143 751 2221 quibusdam
762 2144 902 2220 vicisque
913 2159 1070 2221 expugna-

85 2228 145 2301 tis,
167 2228 226 2289 late
253 2229 322 2288 iuso
343 2235 458 2290 terrore
477 2227 564 2302 belli,
588 2229 718 2306 septimo
734 2227 784 2288 die
801 2244 893 2304 quam
913 2229 1070 2305 proiectus

86 2318 170 2385 erat,
191 2327 332 2388 magnam
346 2312 408 2372 vim
421 2313 577 2374 homiuum
593 2321 622 2374 et
636 2312 758 2391 pecoris
778 2320 807 2372 et
828 2311 927 2372 omnis
948 2311 1070 2387 generis

85 2397 224 2473 praedae
238 2396 362 2477 trahens
376 2397 408 2457 in
422 2405 523 2459 castra
537 2397 623 2472 redit,
644 2412 819 2472 gravesque
833 2396 940 2457 iterum
953 2394 1070 2456 hostili-

85 2482 148 2542 bus
169 2480 278 2556 spoliis
298 2497 395 2541 naves
416 2480 544 2541 dimittit.
582 2481 655 2541 inde
676 2481 800 2541 omissis
822 2479 1070 2556 expeditionibus

86 2564 403 2642 populationibusque
421 2565 462 2624 ad
482 2565 721 2641 oppugnandam
735 2563 854 2626 Uticam
875 2578 982 2624 omnes
998 2561 1070 2622 belli

87 2649 172 2710 vires
188 2649 345 2722 convertit,
361 2664 429 2708 eam
444 2648 566 2722 deinde,
585 2649 612 2710 si
627 2650 769 2726 cepisset,
792 2649 898 2710 sedem
914 2648 954 2708 ad
971 2653 1072 2708 cetera

88 2734 292 2809 exsequenda
310 2732 479 2793 habiturus.
513 2733 603 2795 simul
623 2741 654 2793 et
674 2749 692 2792 a
713 2734 815 2794 classe
835 2733 962 2793 navales
984 2731 1069 2804 socii,

88 2833 154 2892 qua
167 2833 207 2877 ex
222 2824 309 2894 parte
322 2816 397 2878 urbs
410 2817 486 2876 mari
501 2817 646 2890 adluitur,
668 2817 756 2877 simul
772 2824 802 2876 et
816 2817 968 2877 terrestris
984 2829 1069 2876 exer-

88 2901 168 2962 citus
190 2897 231 2962 ad
248 2899 453 2980 imminentem
472 2917 570 2977 prope
590 2901 667 2977 ipsis
682 2900 842 2962 moenibus
857 2902 1004 2962 tumulum
1024 2906 1071 2960 est

87 2985 242 3052 admotus.
273 2991 423 3046 tormenta
443 2985 664 3061 machinasque
678 2993 709 3045 et
722 2985 890 3046 advexerat
905 3001 1019 3056 secum,
1041 2989 1070 3043 et

88 3087 130 3130 ex
145 3067 250 3130 Sicilia
263 3068 360 3130 missa
374 3084 443 3129 cum
458 3076 629 3130 commeatu
649 3075 750 3141 erant,
773 3077 803 3129 et
818 3085 901 3129 nova
919 3069 949 3128 in
972 3083 1069 3126 arma·

86 3153 253 3227 mentario,
281 3153 383 3214 multis
404 3153 507 3214 talium
528 3168 655 3230 operum
676 3151 844 3212 artificibus
860 3152 900 3212 de
921 3150 1071 3211 industria

86 3237 226 3313 inclusis,
241 3236 363 3298 fiebant.
391 3235 586 3298 Uticensibus
600 3243 683 3296 tanta
698 3236 834 3309 undique
847 3235 929 3296 mole
943 3234 1071 3294 circum-

87 3320 188 3382 sessis
203 3321 483 3397 incarthaginiensi
497 3321 623 3396 populo,
639 3318 940 3394 Carthaginiensibus
956 3317 1069 3378 iulias-

88 3405 219 3466 drubale
238 3405 295 3477 ita,
319 3405 346 3465 si
367 3405 394 3465 is
415 3403 564 3464 movisset
578 3402 768 3480 Syphacem,
791 3419 865 3478 spes
882 3402 981 3462 omnis
996 3408 1070 3472 erat.

88 3490 147 3550 sed
169 3489 323 3550 desiderio
348 3487 547 3563 indigentium
574 3487 677 3548 auxilii
698 3486 815 3548 tardius
837 3493 946 3547 cuncta
966 3501 1071 3546 move·
