2434 3902
169 237 228 308 188
334 239 450 300 LIBER
464 238 586 300 XXVII.
610 238 693 300 cal.
708 247 752 301 Ti.
775 244 811 312 [a.
828 241 862 296 U.
876 241 906 296 ci
918 243 983 311 544]

248 393 339 455 xxti.
368 391 537 455 Undecimo
558 407 639 452 anno
654 390 760 452 Punici
774 390 846 451 belli
862 392 1064 453 consulatum
1084 391 1156 452 inie-

165 486 234 542 rant
252 477 292 539 lii.
307 477 471 539 Marcellus
494 476 631 553 quintum
650 505 694 520 -
713 481 747 536 ut
768 481 944 536 numeretur
964 477 1157 552 consulatus,

166 579 259 642 quem
275 564 347 624 titio
363 569 484 624 creatus
500 578 561 623 non
576 560 727 637 gessil—
740 561 808 621 etT.
816 559 974 634 Quinctius
984 560 1157 636 crispinus.

166 648 303 723 atrisque
314 646 588 712 oonsulibusltalia
598 646 723 706 decreta
734 644 895 720 provincia
907 651 998 706 estet
1008 645 1076 706 duo
1088 661 1157 706 eon-

166 731 285 794 salares
295 729 407 808 prioris
420 730 490 792 anni
502 729 655 792 exereitus
667 761 710 775 -
721 729 826 790 tertias
834 729 993 790 Venusiae
1004 735 1074 792 tum
1084 738 1157 804 erat,

166 816 214 878 cui
222 815 387 876 Marcellus
404 815 581 892 praefuerat
594 845 638 860 ··-
651 815 693 875 ita
706 820 739 874 ut
754 829 793 873 ex
808 812 904 875 tubus
919 813 1075 890 eligerent
1088 815 1157 890 duo,

166 915 246 978 quos
261 901 385 975 vellent,
399 900 507 960 tertius
522 899 744 974 clauderetur,
760 898 810 960 eui
824 898 989 959 Tarentum
1003 906 1036 960 et
1052 897 1158 960 Salen·

167 985 220 1047 tini
246 985 407 1061 provincia
428 985 595 1044 evenisset.
629 989 750 1044 ceterae
771 983 949 1059 provinciae
970 983 1013 1044 ita
1036 983 1158 1044 divisae

165 1069 375 1148 praetoribus:
398 1067 430 1130 P.
451 1067 568 1128 Licinio
590 1068 672 1127 Varo
693 1065 826 1142 urbana,
848 1065 880 1126 P.
902 1066 1018 1127 Licinio
1045 1068 1158 1130 Crasso

165 1152 303 1231 pontifici
312 1153 445 1214 maximo
459 1151 733 1230 peregrinacione
745 1157 871 1212 senatus
885 1151 1073 1229 censuisset,
1086 1151 1158 1213 Sex.

165 1237 240 1300 lullo
255 1237 380 1298 caesari
394 1235 514 1312 Sicilia,
537 1237 572 1312 Q.
588 1236 714 1298 claudio
728 1234 856 1296 Flamini
875 1235 1051 1297 Tarentum.
1087 1253 1158 1313 pro

165 1329 305 1400 rogatum
321 1322 481 1398 imperium
496 1321 526 1380 in
541 1337 652 1383 annum
668 1327 715 1381 est
729 1321 764 1396 Q.
779 1319 887 1382 Fulvio
898 1319 1019 1394 Flacco,
1036 1327 1071 1383 ut
1086 1337 1156 1398 pro

164 1407 296 1468 vinciam
313 1407 463 1482 capuam,
487 1421 567 1482 quae
581 1405 614 1464 Τ.
630 1405 760 1480 Quinctii
781 1405 933 1481 praetoris
949 1407 1066 1481 iuerat,
1089 1423 1154 1468 cum

166 1507 227 1554 una
248 1491 371 1568 legione
392 1491 550 1551 obtineret.
585 1497 783 1568 prorogatum
798 1496 829 1550 et
844 1489 875 1550 G.
889 1489 1023 1551 Hostilio
1038 1491 1153 1552 Tubulo

166 1583 228 1648 est,
251 1583 284 1636 at
298 1589 355 1651 pro
371 1582 516 1650 praetore
530 1576 562 1635 in
575 1574 726 1636 Etruriam
742 1574 875 1636 adduas
892 1575 1032 1650 legiones
1049 1592 1152 1637 sacce-

165 1659 253 1722 deret
264 1658 296 1719 0.
309 1657 483 1734 calpurnio.
514 1665 712 1736 prorogatum
727 1667 758 1720 et
773 1659 804 1718 t.
821 1658 947 1721 Veturio
962 1658 1086 1720 Philoni
1101 1667 1154 1734 est

165 1749 198 1803 ut
219 1758 274 1819 pro
297 1749 439 1818 praetore
454 1742 582 1804 Galliam
602 1745 733 1804 eandem
756 1744 947 1820 provinciam
962 1759 1033 1805 cum
1056 1744 1154 1806 isdem

166 1826 286 1888 duabtis
307 1825 480 1903 legionibus
503 1826 668 1901 obtineret,
693 1827 805 1904 quibus
821 1833 946 1904 praetor
959 1829 1153 1890 obtinuisset.

167 1911 251 1987 quod
265 1911 295 1970 in
310 1911 344 1970 L.
360 1912 502 1987 Veturio,
526 1912 607 1973 idem
622 1913 653 1972 in
669 1912 700 1973 G.
716 1913 925 1975 Aurunculeio
941 1913 1104 1975 decretum
1119 1915 1153 1974 alt

165 2002 275 2059 senatu
289 1998 444 2072 latumque
459 1997 500 2057 ‹le
514 1997 714 2073 prorogando
729 1997 858 2073 imperio
874 1998 915 2059 ad
930 1999 1083 2076 populum
1099 2007 1151 2074 est,

166 2081 218 2156 qui
233 2079 538 2158 praetorSardlniam
553 2082 743 2157 provinciam
759 2097 827 2143 oum
842 2081 964 2143 duabus
980 2083 1152 2158 legionibus

166 2165 348 2227 obtinuerat.
370 2165 507 2228 additum
520 2165 549 2227 ei
561 2172 592 2226 et
603 2164 643 2225 ad
653 2167 843 2243 praesidium
867 2167 1047 2242 promneiae
1068 2169 1153 2243 quin-

167 2249 312 2326 quaginta
332 2265 443 2335 naves,
468 2266 544 2327 quas
559 2248 591 2308 P.
607 2249 712 2327 Scipio
729 2267 768 2310 ex
782 2251 933 2327 Hispania
946 2252 1094 2313 misisset.
1126 2259 1155 2313 et

165 2333 351 2410 P.-Scipioni
375 2341 404 2394 et
417 2334 459 2393 ln.
475 2333 580 2394 Silano
596 2349 673 2395 suae
687 2334 855 2411 Hispaniae
871 2337 981 2412 suique
1001 2337 1153 2398 exereitus

166 2417 197 2479 in
212 2433 325 2479 annum
340 2418 469 2479 decreli=
492 2418 596 2495 Scipio
612 2435 652 2479 ex
670 2421 828 2496 octoginta
841 2420 987 2496 navibus,
1010 2437 1091 2496 quas
1106 2427 1154 2482 aut

167 2514 272 2564 secum
294 2497 333 2563 ex
348 2503 434 2563 ltalia
455 2503 603 2564 adductas
619 2509 672 2566 aut
686 2511 793 2581 captas
809 2505 991 2581 Carthagine
1011 2505 1152 2582 habebat,

168 2586 390 2662 quinquaginta
410 2588 441 2646 in
457 2586 630 2649 Sardiniam
650 2590 815 2650 tramittere
836 2589 957 2665 iussus,
981 2590 1055 2666 quia
1076 2592 1153 2652 lama

167 2677 232 2731 erat
242 2685 385 2746 magnum
393 2673 534 2732 navalem
546 2679 727 2750 apparatum
739 2689 776 2735 eo
789 2691 869 2734 anno
879 2674 1062 2750 Carthagine
1074 2687 1152 2750 esse,

167 2753 307 2814 ducentis
327 2754 458 2817 navibus
480 2772 602 2817 ornnem
624 2775 707 2819 oram
722 2759 827 2818 ltaliae
842 2758 964 2820 Siciliae
980 2758 1150 2821 Sardiniae·

167 2853 227 2915 que
242 2838 430 2915 impleturos.
464 2847 493 2902 et
507 2841 537 2901 in
550 2841 654 2903 Sicilia
668 2843 709 2904 ita
724 2843 890 2904 divisores
907 2849 969 2904 est:
993 2843 1067 2904 Sex.
1081 2843 1150 2905 Cae-

167 2922 230 2983 sari
245 2923 398 2986 exercitus
413 2925 582 2987 Cannensis
598 2927 687 2989 datus
702 2934 764 2999 esl3
786 2928 825 2986 Μ.
841 2927 984 2989 Valerius
999 2927 1150 2988 Laevinus

165 3039 209 3053 -
224 3007 252 3068 ei
269 3015 394 3086 quoque
409 3009 489 3072 enim
504 3017 702 3087 prorogatum
716 3012 877 3088 imperium
892 3019 940 3074 est
954 3045 996 3059 -
1011 3013 1148 3085 classem,

167 3107 247 3168 quae
261 3093 302 3154 ad
316 3091 451 3154 Siciliam
466 3099 544 3170 erat,
566 3095 689 3156 naviam
704 3099 898 3173 septuaginta
912 3095 1079 3168 obtinerem
1100 3097 1148 3156 ad·

167 3177 254 3238 deret
274 3193 312 3238 eo
332 3178 455 3254 triginta
474 3193 585 3253 naves,
609 3196 689 3256 quae
710 3182 750 3241 ad
764 3179 926 3242 Tarentum
947 3181 1052 3258 priore
1073 3197 1146 3241 anno

167 3260 301 3330 lucrant;
324 3277 393 3322 cunr
415 3278 453 3324 ea
473 3270 593 3323 centurn
613 3265 736 3326 navium
758 3267 873 3342 classe,
897 3265 924 3326 si
945 3264 1145 3339 videreturei,

166 3344 347 3418 praedatum
360 3346 391 3404 in
405 3346 540 3406 Africam
555 3346 704 3408 traiceret.
737 3355 767 3408 et
779 3349 812 3408 P.
825 3349 972 3425 Sulpicio,
995 3356 1030 3410 ut
1045 3348 1145 3410 cadem

167 3424 269 3484 classe
275 3426 488 3488 Macedoniam
495 3429 716 3506 Graeciamque
728 3433 917 3508 provinciam
927 3431 1065 3507 liaberet,
1079 3447 1141 3510 proe

167 3512 306 3580 rogatum
320 3509 351 3568 in
366 3525 477 3570 annum
492 3512 651 3588 imperium
667 3519 722 3574 est.
753 3515 792 3576 de
807 3516 937 3592 duabus,
954 3531 1034 3593 quae
1050 3515 1088 3578 ad
1101 3531 1143 3576 ur·
