2434 3902
212 194 460 274 nrnnnxxv'u.
484 213 568 272 cau.
584 222 628 275 n.
650 219 687 288 [ι.
704 218 737 273 e.
752 219 815 286 roe]
943 211 1003 278 175

7 373 86 430 neto
108 364 194 426 mllio
212 363 385 438 hominurn,
408 379 481 440 pars
501 363 636 424 maxima
655 363 694 424 ab
707 362 903 443 Agathyrna,
926 364 1005 428 sicut

7 459 85 514 ante
93 445 1003 531 dictumest,exSieiliatraductaraptoviveressruminum]
1098 467 1100 472 ·
1194 441 1195 444 '

7 537 229 597 adsuetomm.
245 573 247 578 -
261 531 358 594 additi
378 538 465 592 erant
483 531 668 593 Bruttiorum
688 532 824 594 indidem
845 533 1004 610 perfugae,

7 627 38 680 et
61 618 201 680 audacia
220 622 251 678 et
269 615 403 678 audendi
419 616 528 678 omnia
541 616 777 678 necessitatibus
792 633 894 694 pares.
925 618 1005 679 bane

7 719 143 765 manum
164 701 204 762 ad
217 700 366 762 Bruttium
387 700 518 776 primunt
537 715 645 776 agrum
667 699 918 778 depopulandum
933 702 1004 763 duci

7 787 115 860 lussit,
132 784 206 846 iude
216 785 257 845 ud
269 785 446 846 cataloniam
459 784 568 846 urbem
583 784 834 862 oppugnandam.
856 785 1005 862 imperata

7 888 79 934 non
101 870 233 946 impigre
248 868 349 931 solum
363 869 422 930 sed
443 868 534 930 etiarn
550 869 642 929 avide
661 869 799 930 exsecuti
814 870 942 947 direptis
957 871 1004 931 lu·

8 956 161 1032 gatisque
182 952 348 1015 cultoribus
368 952 434 1028 agri
455 969 574 1015 summa
594 953 626 1013 vi
645 953 753 1014 urbem
774 953 1004 1031 oppugnabant

7 1038 184 1101 Marcellus
198 1043 230 1098 et
244 1035 380 1098 consulis
394 1037 502 1099 litteris
517 1037 645 1113 excitus,
668 1044 699 1100 et
713 1037 785 1113 quia
797 1037 960 1101 induxerat
973 1038 1005 1098 in

8 1125 153 1186 animum
167 1120 319 1184 neminem
334 1120 444 1183 ducem
458 1121 631 1184 Romanum
645 1129 706 1183 um
721 1137 827 1199 parem
841 1122 1004 1184 Hannibali

9 1225 112 1284 quam
127 1222 164 1268 se
178 1221 266 1278 esse,
288 1204 341 1266 ubi
355 1206 486 1282 primum
500 1205 532 1266 in
552 1207 634 1282 agris
648 1205 754 1282 pabuli
769 1207 860 1283 copia
873 1207 942 1281 luit,
964 1223 1004 1268 ex

7 1291 156 1354 hibernis
170 1290 328 1366 proiectus
343 1289 384 1350 ad
394 1289 559 1351 Canusium
569 1289 731 1352 Hannibali
747 1291 887 1352 occurrit.
920 1291 1004 1353 solli·

11 1377 132 1438 citabat
145 1374 188 1435 ad
201 1374 406 1435 deiectionem
413 1373 730 1446 CanusinosPoenus;
754 1381 888 1436 ceterum
901 1382 936 1436 ut
949 1391 1003 1451 ap·

12 1457 414 1537 propinquareMarceilum
428 1458 553 1531 audivit
569 1465 672 1520 castra
684 1458 757 1519 iude
771 1459 875 1522 movit.
897 1466 1005 1536 aperta

15 1552 81 1605 erat
100 1542 191 1620 regio
209 1541 277 1603 sine
295 1542 367 1603 ullis
388 1542 429 1603 ad
449 1541 579 1604 insidias
601 1543 742 1614 latebris;
764 1542 868 1619 itaque
888 1543 919 1603 in
934 1544 1014 1608 loce*

18 1631 159 1692 saltuosa
174 1627 286 1688 cedere
306 1625 380 1687 inde
395 1627 507 1702 coepit
537 1625 703 1688 Marcellus
716 1628 857 1703 vestigiis
872 1627 1004 1689 instabat

22 1719 185 1789 castraque
199 1709 308 1772 castris
324 1710 517 1784 conterebat,
539 1717 569 1770 et
584 1725 679 1786 opere
695 1712 830 1788 periccto
847 1713 1002 1788 extemplo

20 1798 49 1856 in
64 1797 161 1858 aciem
178 1797 317 1872 legiones
332 1793 492 1856 educebat.
515 1793 667 1856 Hannibal
681 1796 833 1857 turmatim
848 1811 903 1872 per
917 1797 1003 1872 equi·

20 1887 64 1941 tes
78 1880 280 1957 peditumque
300 1878 483 1940 iaculatores
498 1877 579 1938 levia
593 1879 759 1940 certamina
774 1895 882 1940 serens
897 1895 1003 1942 casum

18 1966 183 2026 universae
203 1978 325 2040 pugnae
343 1979 406 2024 non
421 1962 630 2024 necessarium
645 1962 786 2024 ducebat.
819 1969 934 2024 tractus
955 1971 1004 2024 est

18 2055 118 2110 tamen
139 2048 183 2110 ad
203 2048 235 2109 id
250 2049 334 2123 quod
348 2047 464 2109 vitabat
479 2053 643 2108 certamen.
675 2054 766 2108 nocte
787 2062 1004 2123 praegressum

18 2131 200 2208 adsequitur
219 2131 298 2192 locis
320 2132 421 2208 planis
442 2147 479 2192 ac
498 2130 672 2208 putentibus
692 2130 873 2202 Marcellus;
903 2137 1005 2193 castra

18 2217 87 2278 inde
102 2222 270 2294 ponentem
284 2216 452 2292 pugnando
472 2215 610 2292 undique
624 2215 655 2275 in
669 2215 836 2276 munitores
857 2216 1003 2293 operibus

20 2300 171 2376 prohibet.
203 2300 246 2361 itu
267 2300 357 2376 signa
377 2301 488 2362 collatu
508 2306 737 2376 pugnatumque
750 2299 822 2362 totis
839 2299 954 2376 copiis,
974 2309 1004 2362 et

21 2400 85 2446 eum
100 2386 164 2446 iam
177 2401 240 2447 nox
254 2385 390 2458 instaret
405 2385 502 2446 Marte
517 2399 618 2462 aequo
634 2384 808 2446 discessum
823 2391 879 2446 est.
902 2389 1004 2446 casua

22 2471 129 2546 exiguo
156 2469 301 2532 distantia
320 2471 421 2547 spatio
446 2468 557 2546 raptim
581 2475 652 2530 ante
676 2475 798 2530 noctem
824 2469 1004 2545 permunita.

23 2555 213 2628 posterotdie
227 2556 296 2615 luce
310 2554 409 2630 prima
422 2553 586 2614 Marcellus
601 2554 631 2614 in
647 2553 745 2615 aciem
760 2554 867 2630 copias
882 2552 1003 2615 eduxite

22 2654 75 2698 nec
88 2638 244 2699 Hannibal
259 2637 438 2700 detractavit
453 2645 606 2700 certamen
621 2638 723 2700 multis
736 2637 840 2699 verbis
861 2638 1004 2700 adhorta·

23 2727 68 2784 tus
89 2723 217 2797 milites,
240 2728 274 2784 ut
293 2738 446 2784 memores
459 2722 660 2784 Trasumenni
677 2721 910 2800 Cannarumque
931 2737 1004 2783 oon-

23 2808 182 2868 tunderent
196 2807 343 2869 ferociam
353 2807 462 2869 hostis.
484 2821 595 2883 urgere
609 2813 702 2881 atque
717 2807 832 2868 instare
847 2822 926 2880 eum,
942 2823 1005 2868 nun

26 2898 122 2952 castra
132 2905 251 2967 ponera
263 2891 335 2967 pati,
351 2909 413 2954 non
424 2891 580 2968 respirare
594 2896 646 2951 aut
660 2889 906 2966 circumspicere.
929 2907 1005 2968 quo·

27 2974 96 3036 tidie
109 2975 201 3037 simul
222 2975 370 3037 orientem
386 2977 484 3038 solem
501 2984 531 3037 et
543 2975 714 3036 Romanam
728 2975 825 3036 aciem
840 2976 871 3036 in
886 2975 1005 3052 campis

27 3058 188 3120 videndam
212 3075 295 3122 esse.
328 3061 356 3122 si
376 3077 437 3122 uno
460 3060 580 3137 proelio
602 3059 686 3120 haud
706 3060 883 3122 incruentus
904 3059 1005 3134 abeat,

30 3143 153 3216 quietius
168 3145 283 3206 deinde
296 3145 551 3223 tranquilliusque
565 3159 635 3205 eum
647 3143 840 3206 bellaturum.
874 3142 923 3203 his
938 3141 1005 3202 irri-

30 3227 77 3287 tati
100 3228 380 3305 adhortationibus,
409 3229 563 3306 simulque
582 3228 685 3290 taedio
712 3230 846 3289 ferociae
870 3226 1004 3288 lrostitun

33 3313 159 3384 quotidie
172 3313 348 3374 instantium
368 3313 658 3388 lacessientiumque
673 3314 782 3374 acriter
795 3310 945 3388 proelium
959 3309 1004 3369 in·

33 3401 104 3455 eunt.
137 3404 306 3474 pugnatum
327 3399 456 3475 amplius
472 3397 593 3459 duabus
605 3397 690 3458 horis
711 3401 767 3456 cst.
801 3395 913 3454 cedere
933 3393 1004 3453 inde

34 3475 66 3536 ab
79 3479 222 3542 Romanis
243 3482 353 3542 dextra
373 3484 422 3543 ala
436 3489 467 3543 et
487 3479 719 3543 extraordinarii
744 3493 884 3554 coepere.
920 3475 1003 3553 quod
