2448 3900
176 215 240 280 2⁶8
318 217 434 280 LIBER
448 219 582 280 xxvlll.
607 217 689 278 CAP.
704 227 748 280 tl.
761 224 804 278 la.
823 222 860 291 [ι.
874 220 909 275 tl.
921 237 946 275 a.
958 219 1024 288 all]

178 372 228 432 nia
243 371 346 447 potius
362 387 454 446 quam
464 369 552 432 ltalia
565 369 647 430 bello
662 369 790 430 liberata
803 369 952 444 gloriatus
964 368 1076 430 iueris.
1093 386 1170 430 nou-

176 457 250 518 dum
270 455 297 518 is
312 463 360 516 est
373 455 540 528 Hannibal,
563 469 655 530 quem
676 469 738 514 non
753 452 851 528 magis
868 453 1008 515 timuisse
1023 452 1171 514 videatur

177 557 269 618 quam
285 539 509 615 contempsisse
524 538 577 613 qui
593 537 675 598 aliud
689 536 803 597 bellum
816 537 964 598 maluerit
986 537 1067 612 quin
1079 536 1171 613 igilur

177 626 217 686 ad
231 624 292 685 hac
311 622 498 698 accingeris,
521 637 578 683 nec
598 636 654 697 per
668 621 746 682 istos
764 621 954 694 circumitus,
977 627 1026 696 ut,
1051 638 1128 682 cum
1141 623 1170 682 in

176 707 311 768 Africam
325 706 491 778 traieceris,
507 711 684 766 secuturum
698 712 728 767 te
742 704 814 767 illuc
824 705 1027 766 Hannibalem
1045 721 1170 781 speres,

177 791 280 867 potius
302 805 395 866 quam
410 797 494 852 recto
509 789 581 850 hinc
594 788 716 862 itincre,
734 788 784 848 ubl
798 790 950 850 Hannibal
964 798 1030 864 est,
1047 806 1090 850 ec
1107 791 1169 850 bel·

176 878 238 936 lum
251 874 405 936 intendis?
424 875 578 950 egregiam
593 872 682 934 istam
697 875 830 949 palmam
844 872 915 934 belli
929 873 1039 934 Punici
1055 875 1168 949 patrati

176 959 271 1037 petis=
284 991 328 1004 --
348 958 408 1019 hac
433 966 464 1019 et
484 965 592 1020 natura
613 958 699 1034 prius
719 963 783 1032 est,
807 964 859 1017 tua
879 973 949 1018 cum
972 957 1168 1032 defenderis,

176 1043 276 1105 aliena
296 1043 341 1104 ire
360 1048 587 1119 oppugnatum
616 1057 679 1118 pax
699 1049 770 1102 ante
789 1041 821 1102 in
835 1042 921 1103 ltalia
941 1058 1038 1117 quam
1053 1043 1167 1102 bellum

175 1128 211 1188 in'
221 1128 326 1188 Africa
346 1127 401 1201 sit,
428 1133 459 1188 et
479 1125 569 1188 nobis
595 1126 682 1202 prius
704 1125 835 1186 decedat
853 1125 944 1187 timor
963 1142 1063 1202 quam
1082 1126 1164 1186 ultra

176 1211 243 1271 aliis
264 1211 419 1272 inferatur.
456 1210 483 1272 si
497 1217 661 1288 utrumque
682 1217 734 1272 tua
756 1210 850 1270 ductu
870 1209 1082 1285 auspicioque
1097 1210 1164 1270 lieri

175 1302 293 1371 potest,
319 1294 490 1356 Hannibale
509 1295 560 1356 hic
580 1294 660 1355 viclo
682 1295 743 1354 illic
765 1294 977 1370 Carthaginem
998 1308 1152 1370 expugna

175 1379 202 1439 si
216 1381 312 1442 altcra
332 1375 401 1441 utra
420 1378 549 1441 victoria
570 1380 660 1440 navis
681 1379 862 1440 consulibus
881 1379 1091 1454 relinquenda
1107 1385 1163 1450 est,

176 1464 259 1539 prior
273 1479 342 1525 curn
356 1463 453 1524 maior
468 1465 651 1539 clariorque,
674 1468 738 1524 tum
753 1478 848 1522 causa
862 1463 952 1524 etiarn
966 1462 1162 1536 insequentis

175 1547 274 1609 luerit.
309 1563 378 1606 nam
394 1563 476 1608 nunc
492 1548 631 1624 quidem,
653 1555 870 1624 praeterquam
885 1546 970 1622 quod
984 1554 1014 1607 et
1028 1547 1061 1606 in
1075 1548 1161 1608 laada

176 1637 206 1691 et
224 1629 255 1689 in
270 1630 376 1690 Africa
397 1631 476 1691 duas
497 1632 639 1693 diversos
660 1631 815 1692 exercitus
830 1633 912 1692 alere
927 1630 1083 1691 aerarium
1100 1648 1160 1690 non

175 1721 294 1789 potest;
315 1716 641 1791 praeterquamquod,
661 1716 745 1775 unde
762 1717 881 1776 classes
899 1723 1055 1789 tueamur,
1079 1715 1161 1774 unde

175 1797 395 1858 commeatibus
422 1799 613 1860 sufficiamus
634 1799 836 1875 praebendis,
863 1798 936 1858 nihil
958 1798 1073 1873 reliqui
1097 1807 1159 1868 est;

176 1881 271 1958 quidt
292 1881 419 1958 periculi
437 1884 560 1944 landem
576 1889 720 1959 quantum
736 1884 877 1958 adeatur,
901 1898 993 1958 quem
1008 1882 1110 1942 lauitr
1129 1883 1159 1940 P.
1214 1869 1215 1953 l

175 1965 308 2028 Licinius
323 1966 353 2026 in
370 1967 465 2043 ltalia,
479 1966 511 2026 P.
528 1967 632 2044 Scipio
648 1967 760 2027 bellum
774 1967 805 2027 in
819 1967 924 2027 Africa
938 1973 1039 2041 geret=
1063 1967 1160 2041 quidl

175 2050 351 2127 si—-quod
371 2067 478 2112 omnes
500 2052 549 2111 dei
570 2067 660 2112 amen
681 2057 820 2110 avertant
835 2057 865 2112 et
882 2051 986 2111 dicere
1000 2049 1095 2110 etiam
1109 2067 1155 2110 re·
1213 2069 1214 2103 l

174 2135 317 2196 lormidat
327 2136 456 2208 animus
473 2135 532 2195 sed
542 2150 623 2212 quae
634 2135 813 2196 acciderunt
823 2133 964 2195 accidere
975 2143 1157 2210 possunt—

173 2225 204 2278 et
223 2220 321 2280 victor
341 2219 493 2280 Hannibal
507 2219 552 2279 ire
572 2221 613 2280 ad
633 2219 739 2278 urbem
761 2228 882 2294 perget,
905 2226 967 2279 tum
989 2219 1115 2278 demum
1129 2226 1159 2278 te
1212 2213 1213 2253 l

174 2303 332 2364 consulem
353 2319 392 2363 ex
406 2305 527 2378 Airica,
552 2303 631 2364 sicut
646 2303 678 2377 Q.
694 2303 834 2362 Fulvium
848 2319 867 2362 a
882 2302 1001 2377 capua,
1017 2318 1156 2362 arcesse·

173 2394 264 2448 must
286 2388 361 2462 quid
383 2389 467 2463 quad
487 2387 518 2446 in
533 2388 639 2447 Africa
660 2401 785 2462 quoque
798 2387 882 2446 lllars
898 2385 1071 2446 communis
1088 2386 1156 2446 belli
1211 2387 1212 2403 ¹

173 2471 250 2531 erili
272 2472 382 2532 domus
400 2470 453 2533 tibi
468 2478 529 2546 tua,
551 2477 639 2547 pater
653 2477 845 2546 patruusque
859 2471 938 2531 intra
954 2469 1077 2544 triginta
1090 2470 1155 2529 dies
1210 2505 1211 2553 q

166 2570 243 2636 ¹cum
263 2555 450 2617 exercitibus
473 2556 556 2616 caesi
578 2556 762 2616 documento
786 2556 860 2628 sint,
886 2554 939 2614 ubi
962 2569 1019 2630 per
1039 2554 1156 2629 aliquot

145 2683 149 2694 .
173 2653 270 2698 annos
297 2639 437 2698 maximis
457 2638 551 2700 rebus
571 2648 653 2708 terra
674 2640 813 2714 marique
833 2636 979 2713 gerendis
1001 2639 1152 2712 amplissi-
1209 2645 1210 2700 l

172 2737 255 2781 mum
270 2738 381 2781 nomen
396 2722 480 2798 apud
496 2730 617 2784 exteras
633 2732 740 2797 gentes
753 2722 862 2799 populi
872 2722 1004 2783 Romani
1021 2731 1152 2784 vestrae·
1208 2795 1209 2802 ἵ

174 2820 234 2879 que
248 2805 379 2867 familiae
394 2807 540 2866 iecerunt.
571 2807 638 2867 dics
654 2822 703 2866 me
718 2806 853 2881 deficiat,
875 2807 902 2866 si
915 2821 1008 2880 reges
1024 2806 1151 2882 impera·
1208 2806 1209 2850 l

174 2895 319 2964 laresque
347 2896 460 2951 temere
485 2891 516 2950 ln
541 2890 674 2951 hostium
703 2899 814 2951 terram
841 2900 1057 2964 transgressos
1086 2906 1152 2949 cum
1207 2945 1208 3001 1

171 2973 312 3034 maximis
332 2975 472 3035 cladibus
487 2975 552 3035 suis
567 2975 819 3050 exercituumque
833 2989 959 3036 suorum
975 2989 1151 3034 enumerare

171 3057 270 3118 velim.
302 3058 524 3133 Athenienses,
550 3059 790 3134 prudentissima
816 3059 937 3133 civitas,
964 3059 1045 3118 bello
1072 3058 1149 3120 domi
1206 3075 1207 3151 q

170 3142 292 3215 relicto,
318 3150 444 3204 auctore
469 3159 570 3218 aeque
589 3143 719 3219 impigro
742 3159 778 3202 ac
799 3142 893 3203 nubili
912 3143 1025 3203 iuvene
1044 3158 1148 3217 magna

173 3225 274 3284 classe
295 3227 325 3284 in
341 3225 474 3286 Siciliam
495 3227 651 3302 tramissa,
675 3243 736 3286 una
756 3242 861 3302 pugna
875 3226 976 3285 navali
991 3225 1145 3286 florentem
1205 3217 1206 3302 l

171 3309 400 3384 rempublicam
412 3325 499 3368 suam
510 3309 540 3368 in
552 3318 733 3384 perpetuum
742 3309 942 3370 adflixeruuts
952 3309 1143 3368 —XLlLex-

173 3394 258 3447 terna
283 3398 313 3449 et
332 3391 420 3452 nimis
442 3393 567 3466 antiqua
586 3399 711 3467 repet0=
744 3394 849 3453 Airica
869 3393 979 3453 eadem
993 3393 1055 3453 ista
1068 3393 1141 3453 etH,

173 3468 290 3542 Atilius,
312 3473 432 3546 insigne
449 3475 607 3550 utriusque
622 3476 762 3534 lortunae
776 3476 965 3553 exemplum,
989 3476 1079 3538 nobis
1094 3476 1127 3535 da
