2448 3900
272 197 388 258 LIBER
400 198 535 258 xxviii.
558 198 641 268 cnr.
655 206 699 262 to.
722 205 759 272 [ι.
775 204 808 258 e.
822 201 886 277 nos]
1006 191 1068 259 2⁷⁷

74 350 252 416 tutantibus
263 349 421 426 repentino
437 349 571 410 adventu
583 351 671 426 cepit.
691 350 764 412 inde
777 352 818 413 ad
833 368 918 413 oram
925 354 1067 429 Ligurum

73 436 277 514 Alpinorum,
300 434 328 494 si
344 449 422 508 quos
438 433 479 493 ibi
493 440 594 495 motus
610 434 712 494 lacere
727 443 844 512 posset,
867 438 1000 498 classem
1014 455 1068 515 ap·

75 520 173 600 pulit
206 517 333 594 Ingauni
344 516 541 592 -Ligurum
556 533 593 577 ea
606 533 683 592 gens
698 525 747 579 est
759 551 803 564 -
816 519 930 581 bellum
943 538 980 582 ea
995 529 1068 583 tem-

75 611 206 683 pestate
220 602 367 678 gerebant
381 617 450 662 cum
463 601 635 677 Epanteriis
651 603 814 664 montanis.
842 605 933 680 igitur
946 606 1068 668 Poenus

76 689 219 762 Sauone,
241 686 357 763 oppido
372 686 494 764 tilpino,
514 685 631 761 praeda
645 686 787 762 deposita
800 693 831 748 ct
846 689 953 749 decem
968 691 1069 765 longis

76 772 218 833 navibus
232 771 263 831 in
278 771 409 831 statione
423 770 464 829 ad
478 769 668 845 praesidium
680 771 804 846 relictis,
820 773 930 833 ceteris
946 773 1069 834 cartha-

76 857 188 932 ginem
197 855 302 916 missis
311 855 354 917 ad
364 854 510 915 tuendam
521 853 700 914 maritimam
715 869 809 930 oram,
825 856 897 931 quia
911 857 992 917 tama
1004 866 1070 919 erat

77 941 264 1017 Scipionem
277 938 482 1014 traiecturum,
497 938 566 1013 ipse
581 937 727 998 societate
743 955 812 999 cum
822 940 977 1016 Ingaunis,
993 958 1069 1017 quo·

77 1042 154 1088 rum
175 1023 302 1101 gratiam
321 1023 466 1096 malebat,
491 1022 662 1098 composito
683 1030 845 1084 montanos
867 1023 993 1085 instituit
1014 1042 1069 1102 op-

78 1124 234 1189 pugnare.
266 1115 296 1169 et
312 1107 472 1168 crescebat
485 1106 637 1167 exercitus
653 1106 683 1165 in
698 1107 775 1183 dies,
791 1108 832 1167 ad
847 1107 958 1168 lamam
972 1111 1069 1170 nomi·

78 1196 133 1255 nis
148 1195 214 1255 eius
222 1193 315 1253 Gallis
326 1190 463 1266 undique
474 1189 709 1251 continentibus.
725 1191 876 1252 catitleris
885 1207 936 1253 res
948 1193 1067 1268 cognita

79 1278 142 1356 Sp.
157 1276 302 1352 Lucretii,
324 1291 364 1336 ne
383 1275 495 1336 irustra
509 1274 702 1336 Hasdrubale
721 1290 789 1336 cum
810 1277 947 1337 exercitu
967 1277 1068 1339 deleto

78 1362 210 1423 biennio
224 1370 293 1422 ante
307 1362 407 1422 rorent
421 1359 531 1433 lactati,
551 1360 577 1420 si
591 1375 649 1436 par
662 1359 746 1421 aliud
761 1359 832 1420 inde
846 1360 968 1437 bellum,
991 1361 1069 1422 duco

79 1453 202 1509 tantum
216 1451 345 1518 mutato,
369 1451 513 1519 oreretur,
536 1459 640 1504 curam
655 1444 807 1520 ingentem
823 1446 963 1507 accendit
976 1447 1067 1520 patri-

81 1531 156 1592 buS.
177 1532 279 1606 itaque
293 1536 323 1590 et
333 1528 498 1590 M.Livium
509 1528 726 1604 proconsulem
741 1546 780 1588 ex
791 1529 911 1590 Etruria
923 1531 1069 1592 volonum

83 1616 252 1677 exercitum
267 1615 433 1674 admovere
445 1612 615 1673 Ariminum
629 1613 800 1686 iusserunt,
825 1621 855 1673 et
869 1614 921 1674 cn.
937 1614 1068 1676 Servilio

87 1700 222 1776 praetori
237 1697 391 1774 negotium
405 1697 517 1772 datum,
533 1703 567 1757 ut
576 1697 603 1758 si
619 1697 816 1773 erepublica
831 1703 972 1758 censeret
986 1715 1068 1774 esse,

85 1785 220 1845 urbanas
233 1783 379 1858 legiones,
394 1779 522 1857 imperio
535 1781 584 1840 cui
595 1780 751 1842 videretur
762 1781 843 1857 dato,
861 1797 900 1842 ex
911 1783 985 1842 urbe
998 1781 1068 1843 duci

84 1869 213 1930 iuberet.
253 1867 294 1927 Μ.
318 1864 461 1926 Valerius
485 1865 638 1926 Laevinus
664 1866 817 1928 Arretium
849 1881 903 1926 eas
929 1866 1068 1942 legiones

84 1953 183 2014 duxit.

172 2036 296 2096 Eisdem
316 2033 425 2094 diebus
447 2049 544 2093 naves
565 2033 725 2094 onerariae
738 2033 911 2094 Poenorum
924 2033 965 2093 ad
983 2041 1067 2095 octo·

84 2123 170 2196 ginta
197 2117 279 2181 circa
306 2117 477 2180 Sardiniam
503 2116 541 2177 ab
564 2116 616 2178 Cn.
639 2115 781 2193 Octavio,
809 2117 862 2193 qui
889 2115 1068 2194 provinciae

83 2213 242 2282 praeerat,
269 2209 377 2279 captae
397 2209 476 2262 sunl.
509 2217 563 2261 eas
585 2201 706 2262 Coelius
731 2203 881 2262 frumento
906 2201 1002 2262 misso
1027 2202 1068 2262 ad

84 2289 287 2351 Hannibalem
315 2293 546 2361 commeatuque
573 2293 716 2359 onustas,
749 2286 891 2346 Valerius
920 2286 1068 2361 praedam

84 2375 245 2436 Etruscam
258 2372 463 2448 Ligurumque
477 2376 688 2430 montanorum
703 2370 842 2445 captivos
858 2369 1068 2444 Carthaginem

84 2463 244 2535 portantes
259 2455 359 2516 tradit.
386 2455 416 2514 in
430 2453 553 2515 Bruttiis
567 2453 642 2513 nihil
657 2454 752 2513 ferme
766 2470 846 2514 anno
862 2468 899 2513 eo
915 2468 1068 2513 memora-

85 2543 148 2603 bile
163 2545 291 2618 gestum.
311 2535 485 2616 pestilentia
499 2538 669 2597 incesserat
680 2537 749 2613 pari
763 2537 851 2597 clade
865 2537 896 2597 in
908 2537 1066 2598 Romanos

86 2625 280 2701 Poenosque,
302 2623 360 2685 nis'
398 2621 462 2685 uod
475 2619 621 2681 Punicum
638 2621 803 2683 exercitum
818 2637 913 2698 super
926 2621 1067 2684 morbum

87 2710 177 2770 etiam
200 2711 296 2770 fames
317 2723 336 2767 a
390 2707 438 2767 cit.
471 2712 597 2782 propter
611 2705 737 2765 lunonis
757 2705 899 2766 Laciniae
920 2708 1067 2782 temptum

88 2802 235 2855 aestatem
247 2792 398 2852 Hannibal
420 2789 495 2864 egit,
517 2788 621 2863 ibique
642 2805 726 2850 aram
742 2789 878 2851 condidit
899 2789 1066 2852 dedicavit-

89 2893 150 2954 que
164 2891 233 2936 com
251 2876 364 2953 ingenti
378 2890 478 2935 rerum
498 2879 652 2949 gestarum
666 2871 773 2948 titulo,
789 2873 910 2934 Punicis
926 2874 1063 2936 Graecis·

90 2978 150 3036 que
164 2960 270 3023 litteris
285 2959 450 3036 insculpto.

478 3181 679 3194 -ι-ῠ-η-
