2434 3902
226 205 340 266 urana
355 207 475 270 xxvu.
498 208 579 267 oar.
593 218 636 273 rr.
653 219 696 274 aa.
718 219 755 287 [a.
771 217 803 272 c.
818 218 880 286 aar]
980 212 1042 276 ern
1121 302 1129 324 x

48 377 151 437 gnum
164 366 255 422 canat
268 361 298 420 in
311 359 429 422 castris.
453 377 490 422 ea
501 377 570 424 cum
584 363 693 424 ordine
707 364 809 426 omnia
824 373 928 426 esseut
937 367 1040 442 relata,

50 449 160 504 castra
182 444 256 504 nihil
278 451 368 506 aucta
389 459 523 506 errorem
544 446 704 508 faciebant.
748 449 820 508 bina
840 456 940 525 erant,
963 451 1040 511 sicut

47 535 127 588 ante
143 528 310 590 adventum
325 529 461 591 consulis
477 531 601 592 alterius
617 533 744 606 fueram,
765 549 826 592 une
839 533 977 618 M.Jrivii,
999 535 1040 593 al—

48 621 122 674 tera
135 614 172 672 L.
186 612 301 684 Porcii;
329 614 444 674 neutris
462 615 650 692 quicquam,
664 633 725 692 quo
745 617 835 677 latius
856 618 1040 693 tenderetur,

48 699 93 758 ad
109 698 301 758 munimenta
314 697 476 762 adiectum.
504 700 579 760 illud
593 706 727 761 veterem
742 699 851 762 ducem
865 703 1040 764 adsuetum·

51 797 116 857 que
131 782 274 842 Romano
289 781 371 844 hosti
386 783 487 857 movit,
505 785 588 862 quod
602 785 698 844 semel
712 785 743 845 in
755 786 916 860 praetoriis
932 786 1040 848 castris

49 867 195 942 signum,
216 865 265 926 bis
286 867 316 925 in
332 867 546 928 consularibus
566 868 739 930 referebant
759 869 919 930 cecinisse.
955 873 1040 932 ambo

46 950 194 1030 profecto
207 953 341 1012 concuba
360 968 438 1026 esse,
460 957 491 1012 et
511 967 644 1027 quonam
665 954 757 1015 moda
779 953 856 1014 alter
875 955 914 1014 eb
928 954 1039 1014 Hanni·

49 1035 125 1094 bale
143 1033 368 1111 abscessisset,
390 1050 462 1096 cura
483 1037 622 1111 angebat.
656 1037 777 1097 minime
792 1036 837 1111 id,
862 1039 946 1114 quod
967 1047 1040 1113 erat,

49 1117 211 1194 suspicari
226 1125 354 1196 poterat,
379 1125 481 1180 tantae
494 1121 538 1181 rei
553 1121 747 1182 frustratione
761 1120 962 1182 Hannibalem
977 1123 1039 1182 elu-

49 1218 140 1278 sum,
161 1209 210 1276 ut,
238 1203 291 1264 ubi
314 1203 375 1264 dux
397 1203 448 1265 ubi
470 1204 622 1266 exereitus
642 1213 741 1280 esset,
769 1221 836 1266 cum
858 1222 919 1283 quo
940 1212 1041 1267 castra

49 1287 170 1348 collata
183 1285 332 1362 habuerit,
353 1286 515 1362 ignoraret.
549 1289 687 1364 prolecto
700 1288 782 1350 haud
793 1290 941 1350 mediocri
953 1290 1041 1350 clade

47 1370 253 1432 absterritum
267 1371 390 1447 insequi
406 1387 468 1432 non
482 1388 601 1434 ausum.
636 1389 746 1448 magno
763 1388 858 1449 opere
872 1373 979 1449 vereri,
1002 1390 1040 1433 ne

49 1454 186 1531 perditis
200 1455 293 1516 rebus
308 1471 411 1516 serum
425 1456 494 1532 ipse
508 1457 652 1518 auxilium
667 1457 811 1533 venisset,
831 1458 1040 1532 Romanisque

49 1540 166 1599 eadem
181 1540 242 1600 iam
258 1541 379 1602 lorttma
392 1540 422 1600 in
437 1541 522 1602 ltalia
538 1557 617 1617 quae
632 1541 663 1601 in
673 1541 821 1618 Hispania
835 1549 927 1604 esset.
950 1542 1039 1602 inter-

50 1625 129 1684 dum
145 1623 263 1686 litteras
278 1639 352 1686 suas
367 1625 408 1685 ad
429 1639 498 1688 eum
513 1642 573 1687 non
589 1625 769 1701 pervenisse
784 1627 924 1701 credere,
949 1627 1039 1686 inter-

53 1707 220 1784 ceptisque
232 1709 269 1770 iis
282 1709 439 1770 consulem
450 1709 492 1770 ad
502 1725 574 1770 sese
588 1710 823 1785 opprimendum
838 1711 1039 1772 accelerasse.

51 1793 102 1852 his
116 1792 230 1854 anxius
241 1792 322 1852 curis
335 1793 494 1854 exstinctis
506 1793 626 1868 ignibus
636 1794 738 1870 uigilia
749 1795 848 1870 prima
859 1795 930 1857 dato
942 1795 1039 1870 signo,

49 1884 87 1937 ut
101 1877 186 1959 taciti
198 1892 276 1938 vasa
288 1877 473 1953 colligerent,
490 1877 578 1953 signa
589 1877 660 1938 ferri
674 1878 772 1938 iussit.
795 1878 825 1938 in
837 1879 1041 1954 trepidatione

50 1968 85 2022 et
100 1967 252 2024 nocturno
268 1962 397 2022 tumultu
413 1960 508 2024 duces
524 1978 632 2037 parum
647 1962 761 2023 intente
774 1961 943 2036 adservati,
965 1963 1039 2022 alter

49 2046 82 2105 in
105 2044 270 2106 destinatis
290 2045 351 2106 iam
371 2052 442 2106 ante
463 2046 564 2106 animo
579 2043 703 2106 latebris
719 2037 872 2118 subsedit,
896 2046 971 2104 atter
985 2062 1041 2120 per

49 2130 137 2190 vada
152 2137 227 2190 nota
236 2129 406 2191 Metaurum
422 2129 534 2191 flumen
548 2130 688 2190 tranavit.
710 2129 752 2190 ita
763 2129 916 2190 desertum
932 2129 969 2188 ab
985 2127 1040 2189 du·

49 2215 144 2276 cibus
166 2230 277 2290 agmen
299 2215 399 2290 primo
420 2230 588 2292 peragras
610 2215 745 2290 palatum
768 2213 904 2289 fessique
925 2213 1042 2288 aliquot

49 2314 167 2360 somno
190 2313 228 2359 ac
248 2298 361 2373 vigiliis
383 2305 521 2361 sternunt
541 2314 673 2374 corpora
694 2297 811 2373 passim
837 2303 930 2373 atque
950 2298 1040 2357 inire·

52 2383 183 2459 quentia
193 2383 373 2460 relinquunt
384 2385 481 2458 signa.
500 2383 684 2457 Hasdrubal,
700 2383 770 2442 dum
783 2382 835 2442 lux
845 2382 926 2442 viam
939 2387 1039 2443 osten·

49 2468 151 2544 deret,
168 2467 279 2528 lentius
292 2467 381 2543 signa
393 2468 472 2528 ferre
482 2467 581 2530 iubet=
597 2474 627 2527 et
636 2483 692 2543 per
703 2466 833 2528 tortuosi
845 2467 943 2526 amnis
955 2467 1041 2526 sinus

48 2550 224 2627 flexusque
240 2567 310 2612 cum
331 2567 465 2612 errorem
480 2550 609 2612 volvens
624 2551 708 2611 haud
721 2549 847 2612 multum
869 2549 1041 2626 processis-

47 2643 110 2711 set,
126 2635 182 2696 ubi
194 2636 293 2711 prima
308 2638 360 2698 lux
373 2633 531 2696 transitum
547 2641 751 2711 opportunum
766 2634 962 2708 ostendisset,
978 2641 1042 2694 erat

46 2719 250 2782 transiturus.
283 2721 340 2782 sed
357 2735 440 2793 cum,
464 2725 609 2794 quantum
629 2735 712 2780 mare
735 2718 935 2792 abscedebat,
958 2725 1041 2780 tanto

47 2803 218 2865 altioribus
240 2804 454 2866 coercentibus
476 2820 594 2865 amnem
615 2803 690 2880 ripis
705 2821 767 2865 nou
788 2804 939 2864 inveniret
953 2804 1041 2878 vada,

46 2889 135 2950 diem
153 2889 283 2952 terendo
299 2889 432 2964 spatium
448 2887 532 2948 dedit
546 2889 586 2948 ad
600 2888 823 2963 insequendum
838 2904 909 2950 sese
923 2887 1015 2948 hosti.

140 2973 276 3034 XLVlll.
308 2973 388 3034 Nero
410 2972 539 3049 primum
561 2989 630 3033 cum
651 2973 733 3034 omni
752 2973 888 3048 equitatu
909 2971 1041 3043 advenit,

48 3057 183 3118 Porcius
206 3057 320 3119 deinde
340 3057 508 3118 adsecutus
529 3071 597 3117 cum
617 3056 678 3116 levi
700 3065 861 3118 armatura.
901 3056 952 3132 qui
973 3071 1042 3114 cum

49 3143 173 3202 fessum
196 3157 307 3218 agmen
329 3147 491 3217 carperent
511 3141 550 3200 ab
572 3140 653 3200 omni
674 3146 761 3216 parte
779 3141 1041 3213 incursarentque‚

50 3233 81 3285 et
96 3225 160 3285 iam
177 3225 296 3286 omisso
311 3225 429 3301 itinere,
452 3225 535 3299 quod
552 3225 641 3300 fugae
657 3224 754 3284 simile
770 3230 843 3298 erat,
866 3229 966 3284 castra
980 3237 1041 3280 me-

49 3309 109 3369 tari
122 3310 250 3372 Poenus
265 3311 296 3370 in
312 3309 428 3372 tumulo
441 3325 535 3384 super
545 3307 679 3370 fluminis
693 3308 792 3382 ripam
804 3307 903 3380 vellet,
919 3305 1042 3365 advenit

50 3394 159 3456 Livius
175 3394 316 3471 peditum
332 3392 473 3455 omnibus
486 3393 584 3467 copiis
600 3407 661 3452 non
676 3389 790 3452 itineris
805 3391 907 3462 modo,
931 3389 988 3449 sed
1003 3388 1042 3449 ad

51 3479 285 3541 conserendum
311 3478 466 3552 extemplo
492 3476 643 3552 proelium
668 3474 822 3533 instructis
848 3473 1034 3546 armatisque
