2428 3892
241 202 356 262 niuea
370 202 476 262 xxva
496 201 579 263 cle.
594 210 638 265 aa.
662 209 698 277 [a.
711 208 743 263 c.
758 209 822 278 no]
943 189 952 240 ·'
960 202 1022 266 145

48 353 148 416 uniaris
163 355 262 416 iustae
278 359 496 415 concurrerunt
510 354 644 429 classes,
669 355 783 431 quippe
799 369 867 414 cum
881 355 912 414 in
926 357 1020 418 maio-

46 440 83 499 ris
95 439 257 500 discrimen
268 438 323 511 rei,
340 453 431 514 quam
445 436 532 513 ipsae
547 445 641 511 erant,
659 446 843 514 pugnarent=
858 437 1020 515 Tarentini,

45 531 74 584 ut
84 529 263 598 recuperata
274 520 350 582 urbe
361 520 400 581 ab
407 521 553 582 Romanis
565 528 638 598 post
650 523 846 584 centesimum
858 537 956 601 prope
967 540 1019 584 an-

46 624 109 666 num
130 621 232 666 arcem
248 606 339 665 ctiam
353 604 529 680 liberarent,
551 621 609 681 spe
624 615 810 670 commeatus
827 623 951 684 quoque
965 608 1020 670 ho-

46 691 150 764 stibus,
174 690 200 750 si
216 691 318 749 navali
334 690 451 764 proelio
467 691 699 764 possessionem
714 693 807 752 maris
821 692 1019 766 ademissent,

46 775 275 844 interclusuros;
290 774 428 846 Romani,
446 781 600 834 utretenta
611 775 813 850 possessione
824 776 903 837 aruis
916 784 1019 837 osten-

48 861 144 920 derent
157 873 219 918 non
231 858 264 918 vi
280 872 317 917 ac
327 857 447 931 virtute,
462 858 519 919 sed
531 858 705 934 proditione
720 875 756 920 ac
770 860 847 921 lurto
858 860 1019 923 Tarentum

46 942 191 1003 amissum.
214 941 321 1018 itaque
335 957 374 1002 ex
388 948 518 1016 auoque
534 949 620 1017 parte
636 943 724 1018 signo
741 944 812 1005 dato
828 959 895 1004 cum
911 946 1019 1006 rostris

49 1026 281 1098 concurrissent,
304 1041 406 1102 neque
421 1031 501 1086 retro
517 1042 627 1086 navem
641 1026 826 1103 inhiberent,
849 1043 906 1088 nec
920 1029 1020 1088 dirimi

48 1111 79 1169 ab
98 1126 130 1171 se
151 1109 276 1172 hostem
297 1115 473 1186 paterentur
492 1142 535 1154 --
556 1126 646 1186 quam
663 1111 731 1185 quis
750 1111 894 1187 indeptus
908 1129 1019 1174 navem

49 1200 116 1269 erat,
138 1195 238 1255 lerrea
253 1195 365 1254 iniecta
381 1210 474 1255 manu
486 1227 538 1268 -,
560 1195 601 1254 ita
616 1195 818 1255 conserebant
839 1212 877 1255 ex
894 1197 1015 1273 propin—

52 1293 102 1351 quo
116 1294 259 1354 pugnam,
284 1286 316 1339 ut
331 1294 391 1338 non
406 1277 573 1338 missilibus
588 1284 712 1353 tautum,
732 1279 787 1338 sed
803 1278 914 1354 gladiis
930 1281 1017 1340 etiam

54 1376 134 1436 prope
149 1364 264 1424 collato
281 1363 361 1438 pede
376 1369 532 1438 gereretur
546 1377 607 1422 res.
630 1377 742 1438 prorae
757 1363 834 1422 inter
848 1378 883 1423 se
898 1363 1019 1426 iunctae

54 1443 213 1521 haerebant,
237 1462 363 1522 puppes
384 1447 484 1506 alieno
504 1445 631 1521 remigio
654 1446 946 1522 circumagebantur.
978 1449 1020 1508 ita

52 1529 74 1586 in
93 1537 151 1590 arto
167 1529 302 1607 stipatae
323 1539 409 1591 erant
422 1545 534 1604 naves,
555 1537 589 1591 ut
602 1530 656 1589 vix
676 1532 768 1591 ullum
784 1531 876 1591 telum
897 1533 1018 1594 inmari

52 1627 146 1672 vanum
160 1615 374 1686 intercideret3
399 1615 547 1674 frontibus
561 1615 643 1674 velut
653 1615 815 1688 pedestres
831 1615 914 1678 acies
930 1633 1018 1693 urge-

50 1695 118 1772 bant,
132 1700 324 1774 perviaeque
335 1714 431 1758 naves
444 1697 647 1774 pugnantibus
661 1706 755 1759 erant.
778 1699 906 1775 insignis
919 1707 1018 1762 tamen

50 1779 255 1843 intercalares
276 1798 381 1880 pugna
401 1781 456 1841 luit
477 1783 618 1854 duarum,
651 1799 730 1858 quae
751 1784 868 1859 primae
889 1785 1018 1860 agminis

50 1875 255 1929 concurrerant
276 1873 354 1926 rnter
375 1881 419 1926 se.
458 1865 487 1924 in
508 1866 646 1926 Romana
671 1882 750 1927 neure
773 1868 841 1943 ipse
862 1869 1017 1942 QuInctius

50 1957 117 2023 crat,
138 1951 166 2010 in
181 1951 348 2011 Tarentina
360 1949 451 2024 Nico,
474 1950 523 2009 cui
537 1949 664 2011 Perconi
680 1951 734 2012 luit
748 1967 933 2027 cognomen,
956 1970 1017 2014 non

52 2033 158 2105 publico
178 2036 274 2096 modo
297 2036 352 2095 sed
374 2033 493 2110 privato
515 2034 605 2094 ctiam
626 2035 697 2096 odio
719 2036 837 2095 invisus
862 2045 954 2111 atque
975 2037 1018 2096 in-

52 2117 134 2178 lestns
147 2119 307 2194 Romanis,
331 2118 415 2194 quod
431 2119 497 2178 eius
512 2118 652 2179 lectionis
668 2125 741 2193 erat,
765 2135 844 2196 quae
858 2120 1019 2182 Tarentum

52 2197 198 2264 Hannibali
225 2203 414 2280 prodiderat.
453 2200 503 2261 hic
524 2202 694 2275 Quinctium
719 2203 807 2263 simul
832 2213 1018 2280 pugnantem

52 2281 271 2366 hortantemque
293 2303 367 2348 suos
389 2286 543 2348 incautum
563 2285 651 2346 hasta
672 2287 834 2363 transfigit,
858 2295 948 2364 atque
969 2290 1019 2351 ille

52 2385 187 2449 praeceps
204 2389 274 2434 cum
291 2373 382 2432 armis
398 2371 529 2447 procidit
550 2378 618 2431 autc
634 2387 766 2449 proram.
800 2372 1018 2434 viclorTaren-

53 2452 119 2516 inus
131 2456 319 2520 inturbatam
331 2457 409 2518 duce
420 2457 534 2516 amisso
546 2471 657 2516 navem
668 2456 796 2534 impigre
806 2463 1018 2534 transgressus

53 2552 108 2599 curu
123 2538 343 2604 summouisset
356 2541 479 2617 hostes,
502 2548 532 2601 et
545 2557 637 2617 prora
651 2541 712 2602 iarn
726 2541 954 2604 Tarentinorum
970 2559 1017 2604 es-

53 2630 103 2695 sct,
125 2628 252 2704 puppim
267 2628 347 2686 male
363 2625 537 2703 conglobati
558 2633 713 2688 tuerentur
727 2627 871 2702 Romani,
893 2635 1019 2704 repenle

53 2714 77 2766 cl
94 2709 148 2770 alia
169 2728 309 2790 upuppe
323 2710 453 2772 triremis
467 2710 599 2772 hostiurn
620 2710 770 2787 apparuit.
804 2712 845 2772 ila
865 2711 896 2772 in
917 2714 1018 2774 medio

53 2789 388 2857 circumventaRomana
402 2795 490 2856 navis
506 2795 631 2871 capitur.
654 2795 724 2856 lrinc
739 2796 848 2856 ceteris
863 2803 961 2859 terror
975 2798 1019 2858 in-

53 2872 145 2954 iectus,
160 2881 202 2941 uti
214 2879 399 2958 praetoriam
410 2896 520 2941 navem
535 2887 653 2956 captam
668 2879 789 2952 videre;
807 2882 1019 2959 fugientesque

54 2963 156 3031 passim
168 2966 245 3026 aliae
256 2965 285 3024 in
298 2967 358 3026 alto
372 2980 500 3041 mersae,
517 2965 594 3024 aliae
606 2963 635 3023 in
648 2970 759 3025 terram
769 2967 861 3028 rantis
873 2968 1019 3044 abreptae

54 3057 114 3104 nox
128 3050 261 3123 praedae
277 3051 362 3112 luere
375 3049 516 3112 llrurinis
531 3047 822 3125 Metapontinisque.
856 3069 895 3111 cx
910 3068 1017 3112 onera-

54 3125 105 3203 riis,
126 3150 203 3208 quae
219 3149 288 3195 curn
304 3139 474 3194 commeatu
489 3134 703 3210 sequebantur,
727 3150 901 3212 perpaucae
911 3135 946 3196 ln
963 3152 1018 3210 po-

54 3213 177 3276 testatem
196 3217 329 3280 hostium
351 3233 480 3294 venere,
502 3219 581 3278 aliae
602 3218 642 3278 ad
663 3221 796 3301 incertos
816 3225 927 3280 ventos
947 3217 1018 3279 lrinc

56 3301 131 3372 atque
151 3302 230 3362 illinc
251 3303 377 3380 obliqua
398 3303 617 3364 transferentes
637 3302 707 3364 vela
727 3302 757 3362 in
780 3304 872 3364 altum
894 3309 1018 3364 evectae

56 3387 121 3441 sunl.
151 3385 351 3463 Nequaquam
372 3388 438 3465 pari
460 3387 580 3449 lortuna
594 3403 650 3463 per
669 3401 724 3447 eos
747 3386 813 3447 dies
827 3387 948 3448 'luenti
968 3403 1018 3447 res

57 3471 138 3534 easta.
177 3486 245 3531 nam
271 3470 310 3531 ad
338 3477 479 3546 quattuor
502 3471 584 3535 milia
616 3470 772 3532 hominum
806 3471 1018 3533 frumentatum

91 3563 113 3605 r.
134 3567 192 3612 uva
212 3571 290 3615 nnus
312 3555 362 3614 lll.
780 3565 814 3616 lo
