2434 3902
238 179 354 240 LIBER
368 177 488 240 xxvh.
513 177 596 238 CAP.
611 187 654 240 51.
677 183 714 252 [a.
727 183 759 236 C.
775 183 837 250 207]
959 175 1021 238 219

28 339 63 393 ut
87 331 223 408 quisque
244 329 381 388 audierat
403 329 570 388 exercitum
590 328 724 389 hostium
745 329 1020 404 imperatoremque

30 415 190 489 occisum,
213 413 351 489 legiones
366 413 521 472 Romanas
543 412 727 486 incolumes,
751 413 857 474 salvos
877 413 1022 474 eonsules

31 515 124 575 esse,
148 497 303 572 extemplo
327 497 394 556 aliis
413 512 506 572 porro
527 495 735 572 impertierunt
755 497 901 572 gaudium
922 513 1022 558 suurn.

30 601 103 645 cum
120 597 215 657 aegre
229 580 259 641 in
272 581 386 642 curiam
399 586 577 657 perventum
593 588 686 657 esset,
701 582 795 642 multo
808 582 929 658 aegrius
941 598 1022 643 sum-

30 675 117 728 mota
133 665 239 741 turba,
260 681 300 725 ne
314 664 451 742 patribus
467 664 653 740 misceretur,
676 665 791 726 litterae
807 666 837 726 in
853 671 960 727 senatu
976 681 1022 726 re·

29 753 145 812 citatae
158 758 238 811 sunt.
259 750 331 810 inde
341 749 471 810 traducti
487 751 517 808 in
529 749 703 810 contionem
715 751 815 824 legati.
836 750 1022 811 LsVeturius

30 836 141 896 litteris
156 834 292 895 recitatis
308 835 376 910 ipse
389 833 511 910 planius
527 833 629 895 omnia
644 849 723 909 quae
744 839 812 893 acta
827 840 913 894 erant
927 849 1022 910 expo-

30 921 95 982 suit
106 935 179 980 cum
195 919 307 994 ingenti
323 919 468 992 adsensu,
485 924 641 994 postremo
654 917 745 978 etiarn
756 919 890 978 clamore
901 917 1022 978 univer-

32 1022 88 1065 sae
104 1003 272 1079 contionis,
288 1018 355 1062 cum
370 1001 423 1061 vix
437 1002 582 1077 gaudium
597 1002 706 1066 animis
722 1008 876 1078 caperent.
906 1001 1022 1062 discorn

31 1107 102 1151 sum
126 1089 202 1148 inde
224 1086 263 1146 ab
284 1087 351 1146 aliis
367 1085 449 1146 circa
462 1087 577 1162 templa
592 1087 697 1163 deum,
717 1092 751 1146 ut
764 1093 866 1162 grates
887 1093 1021 1161 agerent,

30 1177 71 1234 ab
88 1173 159 1234 aliis
175 1173 295 1247 domos,
318 1177 351 1232 ut
366 1170 548 1248 coniugibus
563 1169 728 1246 liberisque
744 1177 804 1231 tam
819 1172 932 1231 laetum
947 1187 1019 1230 nun-

29 1261 112 1319 tium
127 1255 326 1332 impertirent.
357 1262 492 1330 senatus,
515 1255 598 1330 quod
613 1255 653 1314 M.
669 1254 775 1316 Livius
790 1262 820 1315 et
835 1254 866 1314 C.
881 1251 1024 1314 Claudius

33 1343 187 1404 consules
216 1339 359 1402 incolumi
383 1339 518 1400 exercitu
540 1339 649 1400 ducem
670 1339 802 1401 hostium
826 1339 1026 1414 legionesque

34 1428 238 1501 occidissent,
252 1423 508 1502 supplicationem
521 1424 549 1483 in
561 1423 695 1484 triduum
707 1423 851 1484 decrevit.
874 1439 940 1483 eam
953 1439 1025 1498 sup-

36 1510 238 1588 plicationem
256 1509 288 1569 C.
303 1509 452 1570 Hostilius
473 1514 597 1584 praetor
617 1507 720 1570 edixit.
754 1507 905 1569 celebrata
920 1523 938 1566 a
952 1506 1025 1566 viris

34 1595 225 1670 seminisque
247 1601 309 1655 est=
332 1593 434 1654 omnia
448 1593 562 1668 templa
577 1609 634 1670 per
647 1599 743 1653 totum
757 1593 889 1654 triduum
911 1608 1024 1667 aequa·

37 1682 97 1740 lem
106 1677 232 1740 turbam
243 1677 388 1753 habuere,
403 1694 471 1738 cum
487 1685 644 1738 matronae
659 1679 946 1754 amplissimaveste
957 1693 1024 1737 cum

37 1765 155 1839 liberis,
171 1761 301 1839 perinde
316 1777 352 1823 ec
368 1762 394 1822 si
409 1762 594 1822 debellatum
609 1763 696 1838 loret,
712 1763 794 1824 omni
810 1764 930 1822 solutae
944 1767 1026 1821 metu

36 1851 104 1910 deis
120 1845 345 1908 immortalibus
357 1852 459 1923 grates
475 1854 610 1922 agerent.
632 1853 743 1907 statum
755 1863 880 1923 quoque
896 1845 1025 1906 ciuitatis

36 1951 73 1995 ea
83 1931 218 1994 victoria
230 1931 369 2007 firmauit,
383 1937 416 1991 ut
431 1929 490 1990 iam
506 1931 578 1991 inde
593 1931 675 1990 haud
691 1947 781 1991 secus
798 1929 889 2007 quom
904 1931 933 1990 in
950 1945 1027 2005 pace

35 2035 85 2079 res
98 2019 182 2078 inter
193 2031 227 2076 se
241 2015 420 2076 contrahere
432 2015 606 2089 vendendo,
621 2017 752 2090 emendo,
769 2021 900 2076 mutuam
916 2015 1026 2087 dando,

35 2108 203 2179 argentum
219 2099 367 2160 creditum
383 2099 534 2160 solvendo
551 2099 706 2160 auderent.

126 2184 313 2246 G.Claudius
326 2185 433 2246 consul
450 2200 517 2244 cum
534 2183 564 2242 in
576 2190 677 2244 castra
689 2183 831 2258 redisset,
848 2181 1024 2259 eaputHas·

35 2269 196 2344 drubalis,
220 2269 302 2344 quod
317 2275 470 2329 servatum
486 2284 555 2329 cum
571 2283 643 2328 cura
663 2267 817 2340 attulerat,
840 2266 937 2344 proici
958 2272 1027 2326 ante
1108 2277 1112 2282 ·

35 2355 178 2418 hostium
200 2353 365 2430 stationes,
388 2352 590 2428 captivosque
605 2352 699 2412 Atros
722 2351 857 2428 vinctos,
880 2359 913 2413 ut
933 2356 1027 2424 erant,

37 2438 183 2514 ostendi,
204 2438 284 2498 duos
306 2439 397 2498 etiam
412 2452 451 2497 ex
464 2436 513 2498 his
530 2437 650 2498 solutos
672 2437 716 2495 ire
730 2437 770 2497 ad
785 2437 984 2497 Hannibalem
999 2441 1026 2496 el

36 2537 229 2601 expromere
245 2538 324 2598 quae
339 2528 407 2583 acta
422 2528 528 2583 essent
542 2521 639 2582 iussit.
660 2521 822 2597 Hannibal,
837 2528 921 2582 tantu
937 2516 1025 2582 simul

35 2608 169 2686 publico
192 2605 393 2684 familiarique
413 2606 490 2666 ictus
511 2607 608 2680 luctu,
632 2619 802 2682 agnoscere
823 2607 1028 2667 se'iortunam

35 2689 236 2767 Carthaginis
249 2691 344 2752 lentur
355 2690 486 2762 dixisse;
503 2690 676 2766 castrisque
687 2689 760 2751 inde
771 2692 871 2766 motis,
883 2697 918 2752 ut
928 2689 1027 2752 omnia

35 2776 168 2852 auxilia,
186 2791 265 2850 quae
276 2775 390 2836 diffusa
400 2775 490 2835 latius
502 2775 577 2835 tueri
592 2791 653 2836 non
670 2781 799 2852 poterat,
815 2775 846 2836 in
861 2782 1027 2837 extremum

34 2862 149 2922 Italiae
165 2860 309 2934 angulum
322 2860 458 2920 Bruttios
474 2859 673 2936 contraheret,
689 2867 720 2920 et
733 2860 970 2936 Metapontinos,
987 2858 1027 2919 ci-

35 2947 170 3006 vitatem
190 2941 380 3019 universam,
403 2943 521 3005 excitos
536 2942 664 3004 sedibus
679 2945 759 3021 suis,
782 2952 812 3005 et
825 2944 1027 3015 Lucanorum,

37 3030 92 3108 qui
110 3041 190 3090 suae
205 3026 335 3089 dicionis
351 3035 444 3101 erant,
466 3029 496 3088 in
511 3027 659 3089 Bruttium
674 3044 779 3105 agrum
794 3029 937 3090 traduxit.

435 3257 642 3271 ffi--a—ae-—n-
