2466 3900
209 191 250 257 68
390 192 505 253 LIBER
516 191 610 251 XXV.
633 191 715 251 CAP.
731 198 758 253 6.
770 197 796 254 i.
820 197 856 266 [a.
870 195 907 249 U.
919 214 945 248 e.
959 196 1023 264 blo]

1201 307 1202 329 l

209 349 403 422 septuagnta
422 343 512 418 iugit,
531 342 612 402 unde
634 357 723 403 nemo
745 350 891 420 superest
912 341 974 404 nisi
994 359 1083 420 quem
1097 343 1174 405 hostis

210 429 370 490 caedendo
391 429 493 487 lessus
515 426 656 501 reliquit?
675 442 744 488 cum
765 426 900 502 captivis
916 427 1088 504 redemptio
1102 444 1173 504 nega·
1201 455 1202 458 ¹

211 513 315 584 batur,
337 527 396 574 nos
417 511 508 586 uulgo
530 509 669 570 homines
690 510 871 586 laudabant,
897 511 986 586 quod
1001 511 1175 588 reipublicae
1201 553 1202 556 ,

212 613 270 656 nos
290 609 554 668 reservassemus,
577 594 661 670 quod
682 595 721 654 ad
736 597 898 656 consulem
913 595 1086 656 Venusiam
1100 595 1175 654 redis·
1201 623 1202 670 j

212 695 327 754 semus,
342 686 372 739 et
386 678 521 753 speciem
535 677 606 738 iusti
621 678 774 740 exercitus
789 679 996 740 fecissemusa
1019 695 1098 740 nunc
1112 679 1177 738 dete·

212 764 294 825 riore
314 762 495 823 condicione
516 778 623 823 sumus
646 778 737 838 quam
758 763 843 838 apud
864 769 974 840 patres
995 770 1117 824 nostros
1130 763 1177 822 lue
1201 781 1202 788 ¹

214 853 281 907 rant
294 847 414 923 captivi.
437 845 551 922 quippe
562 845 620 906 illis
632 861 716 906 arma
726 853 842 908 tantum
854 855 951 924 atque
964 848 1043 910 ordo
1055 847 1177 907 militandi

213 933 379 1005 locusque,
396 931 426 990 in
442 947 504 1006 quo
520 931 679 991 tenderent
692 933 722 991 in
739 931 864 1006 castris,
881 939 932 992 est
948 937 1098 1002 mutatum
1116 945 1177 1006 quac

214 1021 313 1075 tamen
329 1016 423 1075 semel
438 1020 548 1075 navata
560 1014 605 1074 rei
620 1015 871 1104 publicaeopera
886 1023 918 1077 et
932 1031 997 1078 uno
1014 1015 1093 1076 lclici
1108 1030 1177 1090 proe-
1201 1011 1202 1040 ³

213 1099 253 1160 lio
276 1106 509 1174 recuperarunt=
531 1114 621 1158 nemo
643 1114 749 1160 eorum
765 1102 921 1175 relegatus
939 1100 971 1160 in
987 1099 1123 1160 exsilium
1136 1104 1176 1167 est

214 1183 325 1242 nemini
342 1199 414 1258 spes
432 1183 586 1245 emerendi
600 1182 753 1258 stipendia
768 1185 929 1260 adempta,
952 1184 1054 1246 hostis
1068 1183 1178 1256 denique
1201 1181 1202 1190 ³

212 1274 263 1328 cst
277 1266 375 1339 datus,
399 1283 467 1327 cum
483 1284 544 1343 quo
561 1267 741 1328 dimicantes
757 1277 809 1330 aut
822 1269 916 1329 vitam
933 1270 1034 1330 semel
1049 1275 1098 1328 aut
1111 1267 1175 1341 igno·

213 1350 335 1410 miniato
351 1352 486 1412 finirent=
500 1383 542 1394 -
557 1367 630 1425 nos,
654 1353 782 1428 quibus,
799 1353 857 1414 nisi
874 1355 963 1428 quod
981 1351 1176 1421 commisimus,

213 1442 246 1496 ut
261 1435 423 1511 quisquam
437 1451 475 1493 ex
488 1435 638 1495 Cannensi
654 1437 720 1496 acie
735 1438 822 1498 miles
834 1439 998 1500 Romanus
1010 1441 1175 1513 superesset
1201 1471 1202 1516 ,

213 1518 287 1578 nihil
302 1519 379 1578 obici
398 1525 507 1594 polest,
523 1535 583 1579 non
600 1521 699 1580 solum
713 1538 732 1580 a
747 1522 845 1596 patria
857 1525 970 1598 procul
983 1523 1125 1598 Italiaque
1135 1516 1175 1578 sed
1201 1577 1202 1592 ,

213 1602 251 1661 ab
267 1601 356 1662 hoste
371 1603 460 1662 etiam
473 1603 599 1678 relegati
614 1619 730 1680 sumus,
746 1605 798 1666 ubi
812 1621 1019 1688 senescamus
1034 1608 1064 1666 in
1079 1601 1176 1671 exsilio,
1201 1659 1202 1664 ,

215 1700 253 1744 ne
274 1702 335 1760 qua
356 1702 444 1762 spes,
467 1700 504 1746 ne
526 1705 586 1762 qua
607 1687 730 1750 occasio
746 1690 919 1752 abolendae
935 1689 1130 1768 ignominiae,
1149 1698 1176 1743 nc
1201 1695 1202 1772 ι

214 1784 276 1844 qua
290 1771 458 1844 placandae
474 1771 583 1833 civium
598 1773 669 1847 irae,
687 1789 725 1834 ne
736 1789 797 1850 qua
809 1773 945 1852 denique
959 1777 1039 1836 bene
1049 1766 1175 1836 moriendi
1201 1776 1202 1814 t

213 1853 261 1914 sit.
285 1869 385 1929 neque
407 1854 588 1930 ignominiae
610 1857 702 1916 finem
722 1873 780 1919 nec
794 1858 913 1922 virtutis
935 1860 1105 1937 praemium
1118 1853 1175 1930 peli-

214 1953 296 1997 mus:
319 1939 410 2000 modo
433 1940 565 2014 experiri
585 1940 718 2001 animum
732 1949 764 2002 et
777 1943 919 2006 virtutem
935 1959 1084 2006 exercere
1098 1940 1175 1998 liceat.

202 2022 347 2082 laborem
362 2030 392 2083 et
406 2024 570 2100 periculum
587 2025 727 2100 petimus
743 2033 775 2088 ut
787 2028 931 2104 virorum,
948 2035 984 2090 ut
995 2028 1116 2089 militum
1126 2021 1176 2083 oll-

212 2107 261 2168 cio
283 2109 451 2183 iungamur.
485 2108 596 2169 bellum
617 2107 646 2166 in
664 2108 767 2170 Sicilia
786 2111 846 2172 iam
866 2116 999 2174 'alterum
1021 2125 1127 2174 annum
1144 2105 1175 2164 iu-

214 2191 294 2266 genti
317 2192 511 2254 dimicatione
532 2193 661 2268 geritur;
686 2195 778 2256 urbes
799 2196 875 2256 alias
895 2197 1023 2259 Poenus
1044 2194 1116 2255 alias
1130 2191 1174 2250 Ro·

215 2290 321 2337 manus
336 2283 508 2353 expugnat,
529 2279 664 2353 peditum
678 2278 813 2355 equitum
828 2281 911 2341 acies
931 2283 1128 2350 concurrunt,
1146 2271 1173 2330 ad

215 2359 386 2438 Syracusas
409 2368 487 2422 terra
505 2363 640 2438 marique
654 2363 769 2437 geritur
782 2379 848 2439 ree,
872 2366 1039 2429 clamorem
1058 2373 1173 2439 pugnau-
1201 2337 1202 2424 ι

212 2445 286 2504 tium
308 2446 517 2522 crepitumque
538 2462 690 2508 armorum
710 2449 906 2522 exaudimus
932 2451 1056 2512 resides
1076 2443 1130 2521 ipsi
1148 2453 1174 2496 ιι
1201 2435 1202 2508 l

213 2544 335 2604 segnes,
351 2536 504 2605 tamquam
519 2545 576 2590 nec
590 2547 698 2594 manus
714 2548 772 2593 nec
786 2549 871 2594 mma
884 2531 1064 2596 habeamus.
1088 2539 1173 2590 servo-
1201 2545 1202 2570 ι

213 2628 279 2672 rum
300 2615 470 2688 legionibus
491 2615 534 2674 Ti.
556 2613 755 2692 Sempronius
778 2619 888 2679 consul
909 2620 1023 2681 totiens
1044 2619 1100 2678 iam
1121 2621 1173 2700 cut}l
1201 2681 1202 2686 γ

213 2695 302 2757 hoste
322 2698 419 2774 signis
440 2698 558 2760 collatis
575 2702 733 2776 pugnavit3
757 2717 871 2777 operae
886 2703 1018 2780 pretium
1032 2699 1138 2762 habent
1150 2691 1173 2748 l·

214 2780 359 2843 bertatem
380 2784 608 2860 civitatemque:
622 2819 666 2832 -
680 2802 736 2862 pro
758 2786 857 2848 servis
873 2789 983 2850 saltem
998 2788 1038 2847 ad
1054 2785 1109 2844 hoc
1123 2775 1172 2838 bel·

213 2864 275 2925 lum
302 2869 410 2945 emptis
431 2870 520 2932 vobis
542 2870 653 2941 simus;
682 2871 829 2946 congredi
850 2888 920 2933 cum
941 2873 1031 2934 hoste
1051 2869 1133 2928 liccat
1149 2863 1171 2951 el
1201 2905 1202 2910 η

213 2954 377 3026 pugnando
394 2971 542 3032 ‹quaererc
556 2956 733 3017 libertatem.
765 2955 812 3015 ris
828 2962 860 3016 tu
875 2957 958 3031 mari,
975 2957 1023 3016 vis
1039 2961 1122 3021 terra,
1136 2956 1172 3001 vd

212 3035 293 3111 acie,
315 3038 361 3100 vis
376 3041 501 3103 urbibus
516 3041 733 3117 oppugnandis
747 3041 880 3116 experiri
902 3042 1062 3102 virtutema
1082 3041 1172 3104 aspet'·
1201 3097 1202 3104 ,

211 3118 287 3182 rima
309 3140 449 3204 quaeque
471 3127 510 3188 ad
524 3127 660 3188 laborem
675 3126 906 3202 periculumque
921 3124 1129 3202 deposcimus,
1147 3113 1172 3167 1¹²

212 3206 296 3278 quod
310 3209 349 3270 ad
363 3211 481 3273 Cannas
497 3211 671 3272 faciundum
687 3211 749 3284 luit,
765 3227 856 3286 quam
871 3210 1001 3285 primum
1013 3209 1073 3278 fiat,
1089 3209 1171 3297 thl·
1201 3217 1202 3222 ’

210 3287 268 3351 iam
289 3295 438 3374 quidquid
460 3303 570 3376 postea
584 3295 729 3369 viximus,
752 3295 783 3355 id
798 3310 889 3356 omnc
904 3293 1168 3382 destinatunffsssb

208 3374 318 3439 miniae
332 3388 409 3444 est“.
444 3383 510 3446 Vll.
535 3381 593 3444 sub
608 3381 685 3444 haec
700 3380 782 3442 dicta
796 3381 837 3440 ad
851 3395 953 3456 genua
965 3371 1097 3438 Marcelli
1110 3377 1168 3441 prd‘
1201 3395 1202 3400 ¹

208 3459 387 3528 cubuerunt.
418 3468 581 3528 Marcellus
606 3467 638 3527 id
663 3481 721 3526 nec
744 3464 818 3524 iuris
844 3480 901 3525 nec
925 3457 1083 3540 potestatis
1106 3455 1167 3510 suae
