2434 3902
96 307 101 316 .
186 249 249 314 ato
318 247 431 310 amun
447 245 688 306 xxvr11.·cn1›.
703 254 746 307 m.
763 253 807 307 aa.
831 253 867 318 [a.
883 251 917 303 υ.
930 269 953 301 0.
965 251 1031 317 sio]

188 400 348 463 moenibus
364 406 416 460 aut
430 399 522 458 atr-mis
537 397 668 456 tuendae
683 396 790 458 salutis
806 404 886 470 erat,
909 397 1029 458 focinus
1044 398 1076 457 in
1090 414 1123 457 se
1135 415 1164 459 aa

189 503 264 549 suos
285 485 408 546 foedum
431 498 468 542 ac
483 483 579 542 rerum
600 481 806 542 consciscunt.
837 481 937 544 iocum
952 483 983 541 in
997 482 1070 542 soro
1085 481 1164 542 desti-

188 578 270 646 nant,
288 585 347 644 quo
360 567 583 643 pretiosissima
594 581 695 626 rerum
706 580 831 625 suarum
847 573 1064 642 congererent
1086 583 1166 643 super

190 672 258 716 aum
274 655 426 714 cumulum
448 651 595 726 coniuges
617 666 654 710 ac
667 650 783 710 liberos
798 650 962 711 considere
976 666 1050 711 eum
1071 650 1157 712 iussis

190 747 272 814 sent,
302 739 384 812 ligna
404 736 485 796 circa
506 742 665 796 exstruunt
686 735 852 810 fascesque
872 734 1079 811 virgultorum
1097 736 1166 796 eoni-

191 825 282 886 ciunt.
305 820 524 897 quinquaginta
534 819 646 880 deinde
657 819 781 880 armatis
797 819 961 880 iuvenibus
973 819 1167 896 praecipiunt,

189 917 238 982 ut,
261 908 360 967 donec
382 905 514 966 incertus
532 911 660 964 eventus
675 919 797 980 pugnae
811 912 911 981 esset,
934 905 1126 981 praesidium
1139 922 1167 966 eo

191 995 259 1056 iooo
275 993 462 1052 iortunarmn
476 1004 599 1050 suarum
621 1005 860 1066 corporumque,
885 1006 965 1067 quae
979 990 1107 1050 cariora
1121 991 1167 1050 ior-

190 1077 272 1138 tunis
287 1082 400 1150 essent,
421 1080 594 1135 seruarent:
618 1073 644 1133 si
659 1089 723 1133 rem
738 1074 912 1136 inclinatam
926 1074 1074 1134 viderent
1089 1080 1169 1148 atque

191 1163 220 1222 in
236 1162 449 1235 commosse,
468 1165 500 1218 ut
514 1159 588 1220 urbs
604 1165 778 1235 caperetur,
802 1158 931 1234 seirent,
955 1175 1080 1235 omnes,
1102 1175 1168 1235 quos

191 1253 297 1307 cuntes
312 1247 342 1306 in
358 1243 508 1321 proelium
523 1249 695 1318 cernerent,
717 1249 845 1304 mortem
859 1243 890 1302 in
905 1243 974 1319 ipsa
988 1260 1100 1320 pugne
1117 1243 1169 1303 obi-

191 1339 290 1392 turos=
313 1331 382 1390 ilios
399 1346 433 1390 se
448 1344 504 1406 per
518 1328 595 1388 deos
611 1343 743 1404 superos
758 1327 935 1402 inferosque
950 1344 1055 1403 orare,
1071 1334 1105 1389 ut
1117 1343 1167 1387 me-

191 1431 293 1478 mores
308 1414 472 1489 libertatis,
495 1429 574 1487 quae
588 1412 640 1473 iiio
656 1412 707 1474 die
722 1419 774 1474 aut
786 1419 884 1472 morte
898 1412 1034 1474 honesta
1049 1421 1103 1474 aut
1116 1428 1168 1472 ser-

192 1501 285 1560 vitute
304 1499 408 1558 infami
427 1497 562 1558 finiendo
577 1505 680 1571 esset,
702 1497 1021 1573 nihikrelinquarenm
1044 1498 1076 1558 in
1097 1497 1167 1574 quod

193 1584 312 1644 saevire
325 1583 421 1644 iratus
432 1582 530 1643 hostis
546 1588 663 1657 posset.
683 1582 795 1642 ferrum
809 1582 973 1658 ignemque
986 1583 1020 1642 in
1036 1581 1167 1642 manibus

192 1682 272 1728 esse.
307 1667 425 1727 amicae
445 1682 482 1727 ac
502 1666 610 1726 fideles
631 1666 733 1741 potius
755 1681 793 1725 ea
814 1682 894 1741 quae
913 1666 1055 1742 peritura
1076 1673 1166 1727 essent

192 1751 388 1812 absumerent
410 1767 532 1825 ruamus,
568 1766 658 1826 quam
682 1749 862 1812 insultarent
882 1750 1022 1826 superbo
1047 1750 1166 1812 ludibrio

191 1836 308 1896 hostes.
347 1836 396 1896 his
418 1834 681 1896 adhortationibus
702 1835 874 1896 exsecratio
897 1835 964 1895 dira
983 1837 1122 1910 adiecta,
1148 1834 1166 1893 si
1195 1869 1196 1911 ,

193 1937 282 1997 quem
305 1938 323 1981 a
344 1919 503 1997 proposito
525 1936 599 1994 spes
621 1920 787 1980 mollitiave
807 1919 899 1980 animi
921 1919 1075 1982 flexisset
1109 1919 1164 1981 inda

192 2005 343 2066 concitato
363 2004 483 2080 agmine
498 2003 672 2080 patentibus
687 2005 784 2080 portis
805 2003 918 2081 ingenti
933 2007 1065 2067 tumultu
1081 2021 1166 2065 orum-

191 2097 275 2166 punt.
313 2105 414 2165 neque
435 2095 499 2148 crat
517 2089 579 2148 ulla
600 2089 676 2149 satis
697 2089 785 2150 firma
806 2090 896 2151 statio
919 2090 1085 2166 opposita,
1107 2088 1165 2165 quia

192 2175 266 2234 nihii
285 2174 385 2234 minus
408 2189 498 2248 quam
517 2179 550 2232 ut
569 2173 675 2248 egredi
697 2172 819 2234 obsessi
840 2175 1002 2235 moenibus
1028 2175 1165 2235 auderent

193 2259 290 2318 timeri
312 2264 445 2335 poteram
473 2273 647 2334 perpaucae
674 2258 808 2334 equitum
828 2264 946 2318 turmae
967 2259 1112 2335 levisque
1130 2273 1165 2316 ar·

192 2350 310 2403 matura
333 2347 460 2419 repente
485 2341 632 2404 ecastris
653 2342 693 2402 ad
714 2342 746 2402 id
770 2343 871 2419 ipsum
895 2343 1011 2403 enuissa
1035 2341 1164 2404 occurrit

192 2428 291 2486 aerior
305 2428 420 2502 impetu
434 2433 526 2504 atque
540 2426 649 2486 animis
666 2443 757 2502 quam
773 2428 974 2502 compositior
987 2427 1054 2488 ullo
1070 2427 1165 2488 ordine

191 2527 294 2586 pugno
308 2511 371 2570 fuit.
404 2510 508 2586 itaque
522 2512 630 2587 pulsus
646 2527 752 2588 eques,
775 2511 826 2586 qui
841 2511 957 2588 primus
974 2528 1010 2572 se
1023 2511 1107 2572 hosti
1121 2508 1162 2570 ob·
1194 2573 1195 2580 ,

191 2596 307 2670 tulerat,
323 2602 469 2654 terrorem
484 2595 580 2655 intulit
594 2594 653 2654 levi
668 2602 854 2667 armaturam
870 2603 1104 2673 pugnatumque
1117 2593 1163 2654 sub

174 2741 176 2747 s
193 2674 260 2752 ipso
273 2679 354 2738 valio
367 2679 453 2750 soret,
470 2679 500 2739 ui
515 2679 609 2740 robur
618 2680 771 2756 legionum
786 2681 954 2757 perexiguo
969 2681 1009 2742 ad
1022 2682 1161 2743 instruen-

104 2771 106 2774 ·
192 2761 263 2821 dum
279 2763 349 2823 dato
365 2769 503 2838 tempore
525 2765 622 2824 aciem
638 2765 811 2825 direxisset.
843 2766 884 2826 ibi
901 2783 1026 2842 quoque
1041 2764 1161 2842 trepida-

192 2853 252 2905 tum
273 2863 437 2924 parumper
458 2847 540 2910 circa
560 2849 648 2926 signa
668 2857 729 2924 est,
753 2866 821 2911 curn
838 2851 922 2912 caeci
937 2853 1042 2912 iurore
1062 2851 1093 2910 in
1107 2847 1161 2906 vul-

190 2947 264 2990 nera
278 2947 315 2991 ac
330 2933 441 2993 ierrmn
456 2933 583 2994 vecordi
597 2933 726 2994 audacia
739 2943 870 2996 ruerent.
893 2935 963 2995 dein
976 2943 1065 2996 vetus
1075 2933 1160 3003 miles,

190 3015 340 3096 adversus
361 3017 541 3078 temerarios
562 3018 693 3094 impetus
714 3019 870 3096 pertinax,
894 3021 990 3081 caede
1005 3020 1159 3096 primorum

188 3101 388 3176 insequentes
404 3102 590 3177 suppressit.
622 3112 749 3164 conatus
765 3105 859 3180 paulo
874 3111 947 3180 post
959 3104 1039 3164 ultro
1060 3103 1158 3162 inferre

189 3185 314 3259 pedem,
337 3193 371 3245 ut
384 3186 534 3246 neminem
555 3186 665 3248 cedere
685 3194 777 3262 atque
798 3188 968 3250 obstinatos
981 3188 1058 3247 niori
1074 3188 1102 3246 in
1116 3187 1155 3240 ie·

190 3267 279 3340 stigio
296 3283 448 3343 quemque
464 3285 521 3330 suo
536 3269 627 3343 vidit,
651 3272 802 3345 patefacta
817 3273 899 3348 acie,
923 3271 1008 3348 quod
1022 3279 1055 3332 ut
1069 3273 1156 3331 iacere
1193 3279 1194 3326 t

190 3358 298 3424 posset
317 3352 475 3412 multitudo
498 3361 681 3413 amiatorum
697 3354 786 3414 facile
801 3356 1033 3432 suppeditabat,
1057 3366 1156 3416 cornua
1193 3331 1194 3377 ¹

189 3430 323 3492 hostium
346 3435 522 3510 ampiexus,
545 3436 572 3495 in
590 3435 694 3496 orbem
710 3447 882 3512 pugnantes
898 3441 938 3500 ad
952 3457 1048 3501 unum
1062 3451 1155 3500 onmes

190 3514 310 3573 occidit.
353 3517 458 3575 XXlll.
479 3525 570 3593 atque
587 3518 664 3578 hacc
684 3525 785 3580 tamen
799 3520 933 3583 hostium
954 3525 1108 3594 iratorum,
1128 3533 1156 3578 ³⁰
