2466 3900
238 229 350 290 menn
363 230 469 290 xxiv.
491 231 574 292 uun.
588 239 688 294 rum
710 232 863 310 [acen]
999 233 1039 300 nt

86 399 177 445 secum
190 383 313 445 loedere
326 384 438 444 bellum
452 384 610 446 Romunoa
626 399 696 446 cum
709 385 748 446 iis
762 392 924 462 gesturos,
939 401 1042 463 neque

83 483 147 528 sese
163 467 316 529 defuturos
330 469 361 528 ei
375 468 472 543 bellu,
492 469 536 529 ita
544 474 580 530 ut
593 469 623 529 in
635 475 821 544 potestatem
834 469 951 532 minuti
964 485 1041 532 suae

80 566 176 612 rursus
190 551 318 612 dicionis
333 561 449 626 essent,
465 555 545 614 sicut
558 564 621 628 pour
635 553 842 615 convenisset.

152 635 239 696 llllll.
262 635 426 696 Marcellus
457 650 527 697 oum
551 637 636 698 omni
664 638 801 699 exercitu
830 640 986 714 proiectus
1011 640 1040 700 in

76 719 238 795 Leontinos,
252 720 357 796 Appio
373 735 499 796 quoque
513 722 622 797 accito,
636 723 779 782 uentrem
792 729 880 798 parte
890 723 1040 800 adgrede-

76 809 161 879 retur,
170 809 253 865 tanto
267 805 380 866 ardore
394 805 521 866 militum
535 813 584 865 est
596 811 674 866 risus
685 806 725 866 ub
739 807 785 866 iro
796 807 874 866 inter
885 807 1040 870 condicio-

76 903 126 946 nes
143 889 225 962 pacis
245 889 423 962 interfectae
437 890 598 965 stationis,
623 897 659 951 ut
678 890 777 965 primo
798 891 913 966 impetu
932 891 1040 952 urbem

77 980 281 1048 expugnarent.
302 974 508 1050 iuppomares
522 981 615 1050 atque
624 974 783 1052 Epicydes
794 981 960 1052 postquam
971 977 1039 1052 capi

76 1071 170 1118 muros
182 1058 371 1134 retringique
386 1065 493 1134 portas
507 1058 623 1135 videre,
638 1059 669 1119 in
683 1074 786 1120 urcem
800 1075 872 1120 sese
884 1077 952 1121 curn
964 1077 1040 1136 pau·

76 1139 114 1200 cis
126 1156 283 1218 reeepure;
307 1142 379 1204 inde
393 1146 472 1203 cium
485 1151 576 1206 noctu
588 1144 760 1204 Herbesum
774 1145 958 1219 perfugiunt
980 1143 1039 1223 Sy·

77 1226 219 1287 carmanis
234 1235 308 1289 octo
322 1227 436 1288 milium
451 1234 636 1290 mentorum
649 1227 770 1303 agmine
784 1228 931 1302 proiectis
947 1230 1039 1291 domo

81 1310 115 1368 ul
129 1309 223 1388 Hylan
244 1311 363 1372 flumen
388 1313 513 1372 nuntius
534 1313 667 1374 necrurit
687 1320 808 1387 captum
827 1314 934 1373 urbem
957 1328 1038 1389 esse,

83 1399 169 1455 cetera
178 1395 253 1457 luiso
266 1397 365 1456 minio
382 1397 465 1456 veris
480 1398 599 1458 temusr
622 1397 750 1457 candem
763 1396 971 1472 promiscuam
985 1396 1040 1456 mi-

79 1476 248 1556 irruuntque
263 1481 491 1557 oppidanorum
505 1482 626 1558 luctam,
640 1481 875 1558 necquicquam
890 1481 1040 1556 puberum

77 1562 197 1624 mbitrcri
216 1581 406 1642 superessem
427 1565 577 1641 direptam
596 1567 718 1641 umbem,
740 1567 823 1626 bona
844 1565 1039 1642 locupletium

75 1645 181 1709 donata
208 1651 248 1710 ud
262 1651 403 1711 nuntium
418 1657 628 1712 tameuuoem
641 1650 775 1712 consulit
789 1647 915 1726 agmen,
936 1651 1039 1712 conci·
1068 1654 1070 1662 '

74 1733 190 1809 uosque
213 1735 359 1796 omnibus
385 1736 481 1795 duces
495 1754 539 1782 -ι-
553 1742 640 1796 mant
658 1741 763 1795 eutem
780 1733 869 1796 Sosis
890 1750 928 1796 oe
946 1735 1038 1796 Dino·

72 1829 164 1879 nenos
177 1849 221 1866 -·-
235 1819 314 1896 quid
343 1821 714 1896 operentrvnunsultubant.
748 1819 874 1881 terroris
902 1818 1037 1895 speciem

70 1897 275 1964 herivaeum
299 1903 461 1965 mendoeio
486 1905 690 1980 praebuerunt
710 1903 862 1964 verberati
881 1919 918 1964 uc
937 1904 1038 1964 securi

69 1988 196 2058 peruuesi
223 1989 405 2064 transfugae
434 1989 560 2050 adduc
589 1989 868 2049 milin·lruminurn=
904 1995 1038 2048 ceterum

69 2067 275 2135 Leominnrum
295 2074 633 2150 uultumquuulmrmn
653 2087 744 2134 nemo
766 2079 837 2148 post
855 2072 974 2147 captum
989 2090 1038 2132 ur-

69 2153 129 2215 bem
142 2158 275 2220 vicimus
291 2159 404 2234 lucret,
420 2159 656 2234 suoqueumnia
667 2158 730 2232 eis,
752 2157 811 2217 nisi
827 2171 907 2232 quoe
921 2155 1039 2230 primus
1079 2229 1081 2236 y

68 2245 202 2304 tumultus
223 2249 335 2318 captae
355 2243 441 2303 urbis
455 2243 682 2320 absumpserat,
703 2241 953 2302 restituebantur.
980 2255 1039 2300 nec

68 2331 96 2384 ut
116 2325 282 2388 Leontinos
309 2327 402 2402 irent,
430 2328 579 2403 proditos·
596 2328 638 2388 erl
662 2327 791 2388 cundem*
816 2324 1037 2386 commilitones

69 2420 232 2488 (tumentes,
248 2412 377 2488 perpelli
393 2415 530 2487 potuere,
543 2423 607 2472 nec
618 2419 653 2472 ut
666 2411 776 2472 ecdem
790 2412 861 2473 loco
877 2407 1037 2471 certiorem

67 2495 192 2558 nonium
207 2503 433 2572 exspectarent.
448 2513 524 2558 uum
537 2497 577 2557 erl
588 2496 790 2556 incubonem
801 2495 962 2556 inclinatos
974 2492 1037 2554 ani-

67 2592 125 2639 mos
145 2589 307 2642 cernerent
326 2587 499 2658 praetores,
523 2581 580 2641 sed
600 2595 670 2641 eum
689 2587 804 2642 motum
823 2580 907 2640 haud
920 2579 1037 2640 diutur-

67 2677 129 2724 num
152 2667 230 2742 lore,
257 2666 283 2726 si
303 2665 400 2727 ducos
425 2666 574 2726 amcnuoe
595 2666 707 2726 sublati
729 2671 848 2740 essent,
874 2664 1037 2725 exercitum

67 2746 172 2812 incunt
185 2751 320 2827 Megara,
335 2750 397 2826 ipsi
412 2767 480 2812 cum
492 2751 600 2827 paucis
614 2749 768 2825 equitibus
779 2750 952 2810 Herbesum
967 2764 1036 2824 pro-

67 2830 236 2897 ficiscuntur
263 2850 321 2910 spe
344 2836 455 2896 territis
482 2834 624 2897 omuibus
650 2849 707 2909 per
727 2833 931 2910 proditionem
953 2832 1037 2894 urbis

67 2918 232 2988 potiundae.
255 2920 340 2996 quod
353 2919 405 2980 ubi
419 2921 533 2980 immun
543 2920 588 2979 eis
601 2919 660 2979 fuit
667 2919 831 2994 inceptum,
844 2918 875 2977 vi
887 2917 1037 2992 agendum

67 3002 115 3061 rati
139 3011 265 3079 postero
292 3004 343 3066 die
362 3003 496 3080 Megaris
522 3009 785 3079 postremorum,
811 3010 845 3062 ut
867 3003 1037 3063 Herbesum

68 3088 200 3149 omnibns
222 3089 321 3164 copiis
344 3095 567 3164 oppugnarent.
596 3087 801 3163 Hippocrates
824 3093 855 3148 et
867 3086 1036 3163 Epicydes,

68 3183 121 3230 non
144 3179 208 3234 tum
229 3180 324 3235 tutum
349 3173 447 3249 primu
468 3173 574 3249 specle
596 3189 688 3249 quam
708 3189 803 3233 unum
824 3187 882 3248 spe
901 3170 1038 3243 undique

69 3253 183 3318 abscisa
202 3258 363 3319 consilium
384 3273 456 3319 esne
472 3257 547 3331 ruti,
568 3264 602 3318 ut
622 3273 658 3318 sc
670 3256 815 3316 militibus
832 3253 1038 3332 permitterent

69 3346 95 3397 et
105 3343 236 3404 adsuetis
257 3359 368 3419 mogun
389 3359 428 3404 ex
443 3349 530 3418 parte
545 3341 603 3403 sibi
618 3348 725 3402 eitum
740 3342 822 3401 lama
836 3335 940 3398 caedis
954 3351 1038 3395 eom-

69 3422 223 3488 mitorum
248 3428 404 3503 accensis,
433 3426 554 3488 obvium
584 3424 696 3501 agmini
722 3422 903 3498 procedunt.
940 3418 1048 3494 prima.

70 3503 137 3570 torte
151 3511 237 3588 signa
251 3517 468 3574 sexcentorum
483 3510 674 3571 cretensium
689 3513 783 3580 erant
801 3505 853 3578 qui
868 3503 950 3574 apud
965 3502 1035 3562 Hie·
