2448 3900
216 212 342 274 LIBER
355 213 463 274 XXVI!
469 215 489 272 l.
512 214 596 274 CAP.
611 223 655 276 40.
667 222 710 277 tt.
734 223 770 292 [a.
788 221 822 280 e.
837 224 901 294 206]
988 216 1052 282 267

52 368 244 445 suspicione
273 369 301 430 si
324 383 374 428 mc
399 383 501 444 neque
524 368 588 430 vita
608 378 676 430 acta
697 377 727 432 et
746 387 849 434 mores
870 374 930 434 mei
951 391 1052 452 neque

50 454 213 514 dictatura
241 468 316 514 ctun
340 453 477 529 quinque
498 454 709 516 consualibus
730 463 911 532 tantumque
935 460 1051 534 gloriae

51 537 126 598 belli
149 537 308 614 domique
328 545 435 613 partae
449 537 599 613 vindicat,
621 544 653 598 nt
667 539 799 615 propius
815 541 970 602 fastidium
985 543 1067 604 eius.

51 623 111 682 sim
135 639 236 698 quam
261 621 465 696 desiderium,
486 629 572 682 aetas
593 624 701 682 saltem
721 623 838 685 liberet.
876 641 956 700 quac
971 627 1051 686 enirn

53 705 127 765 mihi
149 706 323 768 aemulatio
346 721 416 766 cum
436 721 474 767 eo
496 721 569 766 esse
584 713 701 781 potest,
724 708 777 783 qui
793 724 832 768 ne
847 707 911 768 tilio
927 709 1050 784 quidem

52 806 121 851 meo
147 791 297 866 aequalis
321 791 381 851 sitl
412 804 461 850 mc
482 790 662 850 dictatorem
703 806 773 852 cum
792 792 929 868 vigerem
950 793 1052 855 adhuc

53 873 172 936 viribus
190 882 224 934 et
240 873 273 934 in
288 891 383 935 cursu
397 876 598 935 maximarum
612 890 715 935 rerum
730 891 842 951 essem,
858 885 1051 939 recusantem

56 973 146 1019 nemo
163 966 220 1020 aut
235 959 268 1019 in
286 965 395 1020 senatu
410 967 462 1020 aut
475 959 559 1033 apud
575 961 723 1036 populum
736 961 938 1043 audivitquo
950 961 1050 1024 minus

54 1044 222 1106 insectanti
245 1059 296 1104 me
316 1043 461 1118 magistro
483 1043 634 1119 equitum,
662 1045 746 1120 quod
768 1045 861 1106 lando
885 1061 1050 1120 numquam

55 1134 125 1188 ante
140 1129 288 1188 auditum
303 1134 374 1202 erat,
392 1127 553 1204 imperium
568 1143 689 1189 mecum
706 1137 890 1204 aequaretur
901 1129 1048 1190 —rebus

56 1228 149 1286 quum
169 1211 282 1273 verbis
303 1211 433 1287 adsequi
455 1211 562 1287 malui,
582 1218 616 1273 ut
637 1213 689 1288 qui
704 1213 832 1275 aliorum
846 1212 959 1274 iudicio
977 1213 1048 1272 mihi

57 1303 261 1372 comparatus
287 1303 368 1372 erat,
398 1313 456 1358 sua
481 1313 554 1358 mox
579 1297 778 1361 consessione
802 1313 851 1358 me
876 1297 937 1359 sibi
960 1313 1049 1374 prae-

59 1383 226 1442 terret-s
257 1382 372 1442 nedum
400 1395 459 1456 ego
484 1382 664 1456 perfunctus
688 1382 860 1444 honoribus
885 1383 1049 1442 certamina

58 1464 129 1526 nubi
149 1472 250 1542 atque
271 1465 506 1526 aemulationem
527 1481 596 1526 cum
617 1466 815 1528 adolescente
829 1465 1047 1528 florentissimo

60 1566 250 1624 proponamt
273 1549 417 1610 videlicet
430 1557 464 1611 ut
478 1550 551 1610 mihi
565 1551 625 1609 iarn
641 1551 784 1622 vivendo,
807 1568 867 1612 non
884 1553 985 1611 solum
999 1566 1047 1610 re·

61 1633 116 1696 hus
130 1634 283 1710 gerendis
298 1635 394 1708 tesso,
410 1634 437 1694 si
452 1634 523 1694 huic
537 1642 648 1710 negata
663 1635 761 1709 luerit,
772 1635 878 1696 Africa
890 1634 1049 1711 provincia

69 1716 262 1780 decernatur.
297 1735 367 1780 cum
382 1733 420 1778 ea
433 1718 539 1794 gloria,
557 1735 636 1794 quac
650 1726 739 1794 parta
752 1728 809 1796 est,
823 1719 989 1780 vivendum
1004 1724 1047 1779 at·

64 1817 120 1875 que
140 1803 339 1866 moriendum
360 1809 416 1864 ost.
449 1803 574 1863 vincere
596 1818 654 1878 ogo
675 1803 817 1880 prohibui
836 1804 1046 1874 Hannibalem,

64 1892 94 1946 ut
106 1903 125 1946 a
138 1889 243 1963 vobis,
261 1904 390 1964 quorum
406 1887 510 1962 vigent
524 1903 605 1948 nunc
619 1888 711 1962 vires,
728 1887 818 1948 etiam
834 1887 913 1948 vinci
929 1894 1046 1962 posset.

63 1967 132 2030 XLl.
156 1972 235 2034 illud
250 1978 281 2032 te
294 1971 367 2032 mihi
383 1971 556 2046 ignoscere,
570 1971 602 2030 P.
620 1971 754 2046 Corneli,
776 1986 908 2046 aequum
924 1971 988 2045 erit,
1010 1970 1046 2042 si,

63 2069 129 2114 cum
148 2056 181 2116 in
197 2072 249 2116 mc
269 2056 338 2131 ipso
360 2071 526 2130 numquam
546 2055 643 2130 pluris
658 2057 768 2114 laruam
782 2053 941 2115 henricum
955 2070 1047 2129 quam

66 2150 124 2198 rem
145 2140 304 2216 publicam
325 2139 465 2213 fecerim,
492 2154 531 2198 na
551 2146 633 2201 tuam
653 2139 778 2214 quidem
798 2139 927 2214 gloriam
947 2140 1049 2214 pluris

62 2221 193 2293 samam:
222 2241 424 2300 quamquam,
445 2223 472 2283 si
486 2229 540 2284 aut
553 2223 666 2284 bellum
680 2223 796 2283 nullum
808 2222 839 2282 in
853 2222 940 2283 ltalia
954 2228 1007 2282 aut
1020 2221 1048 2282 is

65 2305 160 2369 hostis
183 2316 285 2382 esset,
307 2324 348 2369 ex
365 2323 426 2384 quo
440 2308 522 2369 victo
538 2307 612 2366 nihil
626 2307 743 2382 gloriae
758 2313 974 2383 quaereretur,
996 2305 1049 2382 qui

66 2398 92 2449 te
106 2391 242 2454 initalia
261 2393 419 2467 retineret,
440 2391 498 2452 etsi
519 2391 551 2452 id
565 2391 648 2453 bono
665 2391 789 2468 publico
806 2393 935 2465 laceret,
958 2389 1048 2450 simul

66 2490 130 2534 cunr
148 2477 243 2538 netto
273 2476 429 2538 materiam
455 2476 572 2552 gloriae
600 2482 671 2536 tuae
699 2476 763 2537 isse
788 2483 936 2551 ereptum·
949 2473 1048 2534 videri

68 2569 181 2632 posset.
205 2578 274 2623 cum
287 2577 362 2624 vero
374 2560 525 2622 Hannibal
536 2560 634 2622 hostis
646 2561 791 2622 incolumi
802 2560 939 2620 exercitu
954 2574 1045 2634 quar-

70 2648 129 2704 tum
144 2646 299 2708 deciorum
315 2662 427 2706 annum
447 2645 562 2706 Italiam
583 2645 739 2719 obsideat,
762 2644 929 2721 paenitebit
948 2650 993 2717 tc,
1014 2641 1047 2701 P.

70 2725 197 2806 Corneli,
212 2730 329 2806 gloriae
342 2736 421 2805 tuae,
437 2730 463 2792 si
478 2729 599 2790 hostem
614 2745 693 2804 eum,
711 2730 763 2804 qui
778 2736 822 2791 tot
836 2730 986 2802 lunemm,
1003 2733 1049 2788 tot

67 2812 197 2874 cladium
217 2813 307 2875 nobis
332 2829 426 2875 causa
449 2812 519 2886 luit,
544 2820 577 2874 tu
597 2815 706 2874 consul
720 2814 806 2875 ltalia
827 2813 997 2890 expuleris,
1019 2817 1049 2870 et

69 2893 144 2956 sicut
167 2913 266 2974 penes
288 2899 319 2959 C.
339 2897 492 2958 Lutatium
516 2898 628 2972 prioris
653 2897 760 2959 Punici
785 2897 954 2974 perpetrati
975 2894 1048 2954 belli

69 2977 168 3042 titulus
191 2983 261 3055 luit,
283 2983 325 3042 ita
344 2997 442 3058 penos
461 2987 491 3042 te
506 2983 597 3043 huius
612 2982 723 3043 luerit?
754 2981 815 3042 nisi
830 2989 882 3043 aut
894 2979 1048 3040 Hamilcar

68 3059 226 3128 Hannibali
248 3067 312 3128 dux
333 3071 381 3126 ost
402 3066 641 3141 praeferundus,
668 3072 718 3126 aut
738 3066 813 3128 illud
832 3066 946 3126 bellum
965 3061 1046 3136 huic,

70 3153 118 3206 ant
140 3150 270 3212 victoria
293 3150 346 3210 illa
369 3150 467 3211 maior
490 3151 665 3226 clariorque
690 3166 782 3226 quam
807 3149 884 3208 baec
898 3177 941 3188 -
954 3145 1046 3207 modo

70 3232 220 3309 contingat
230 3240 265 3296 ut
276 3240 308 3295 te
319 3233 447 3296 consule
462 3233 778 3296 vincamus—lutura
791 3240 848 3293 est.
867 3229 1047 3305 aDrepauis

73 3319 157 3390 elque
170 3317 263 3398 Enyci
278 3317 451 3380 detraxisse
464 3318 669 3379 Hamilcarem
684 3334 774 3394 quam
787 3315 875 3377 ltalia
889 3313 1047 3391 expulisse

72 3393 185 3463 Poenos
200 3410 293 3480 atque
307 3401 508 3464 Hannibalem
522 3403 632 3464 malisl
653 3418 693 3461 nc
706 3408 739 3462 tu
754 3400 891 3476 quidem,
913 3398 969 3460 etsi
983 3413 1046 3458 ma·

50 3501 52 3506 ’
74 3480 114 3552 ιῑθ
128 3493 262 3562 pmamm
285 3503 377 3563 quam
393 3493 549 3562 speratam
563 3485 691 3561 gloriam
705 3484 914 3560 amplecteris,
936 3483 1046 3558 Hispa·
