2466 3900
289 184 407 247 LIBER
421 185 528 248 XXIV.
553 186 636 248 CAP-
652 196 679 249 2.
694 197 721 254 3.
744 195 781 265 [ι.
798 195 831 248 0.
846 196 910 266 alb]
1070 193 1090 256 δ

108 338 212 400 urbem
226 343 258 398 et
271 335 460 410 maritimam,
483 336 647 412 plurimum
661 353 860 400 accessurtmr
874 339 995 416 opibus,
1018 342 1044 402 si
1059 342 1089 404 in

105 439 160 484 ora
173 419 268 481 maris
281 419 390 482 urbem
404 435 441 480 ac
453 425 573 496 portum
588 421 750 484 moenibus
760 423 896 484 validum
910 424 1089 501 tenuissent,

103 506 278 568 eredentes.
311 519 349 564 ea
370 519 443 565 cura
463 504 610 581 angebat,
633 505 718 581 quod
731 523 833 583 neque
848 524 911 569 non
928 523 1089 570 accersere

101 592 145 651 ad
160 589 307 650 auxilium
320 587 444 648 Poenos
459 588 536 649 satis
551 588 722 665 audebant,
742 605 783 650 nc
798 591 873 668 quid
887 607 949 654 non
965 609 1023 669 pro
1038 609 1088 654 so·

103 675 162 735 ciis
177 674 281 749 egisse
294 672 479 747 viderentur,
502 680 541 746 et,
562 673 590 734 si
603 671 726 736 Poenus
741 691 848 736 rursus
863 676 962 754 magis
976 676 1089 738 arbiter

101 759 192 836 pacis
214 771 307 832 quam
327 755 451 817 adiutor
461 755 535 816 belli
554 757 679 834 luisset,
701 773 740 818 ne
754 758 785 818 in
799 757 969 820 libertatem
983 759 1088 822 Croto·

101 844 161 916 nis,
177 841 257 902 sieut
270 846 341 902 ante
350 840 528 912 Locrorum,
545 840 658 902 trustra
673 849 869 918 pugnaretur.
890 843 994 920 itaque
1010 846 1086 922 opti-

101 944 185 988 mum
206 925 306 986 visum
328 931 376 986 est
395 925 436 984 ad
450 924 652 985 Hannibalem
670 926 745 986 mitti
766 926 901 1002 legatos,
922 928 1087 1006 caverique

103 1011 142 1072 ab
157 1025 204 1084 eo,
219 1015 254 1070 ιιι
266 1014 409 1085 receptus
425 1008 515 1069 Croto
530 1009 716 1070 Bruttiorum
730 1017 823 1071 esset
851 1011 1003 1074 Hannibal
1018 1028 1087 1074 cum

8 1139 13 1145 .
101 1092 311 1171 praesentium
325 1107 393 1154 eam
408 1093 662 1153 consultationem
683 1109 754 1154 esse
763 1095 987 1172 respondisset
1000 1104 1031 1157 et
1044 1098 1086 1157 ad

99 1179 283 1238 Hannonem
297 1191 352 1237 eos
363 1176 531 1250 reiecisset,
551 1175 589 1236 ab
599 1177 749 1238 Hannone
763 1178 838 1239 nihil
850 1179 924 1240 certi
940 1180 1085 1242 oblatum.

102 1278 161 1323 nec
175 1261 257 1322 enim
267 1260 358 1338 diripi
369 1261 515 1322 volebant
525 1260 659 1321 nobilem
672 1269 765 1338 atque
780 1263 956 1339 opulentam
969 1264 1086 1340 urbem,

107 1353 138 1407 et
150 1347 327 1422 sperabant,
351 1361 420 1405 cum
433 1344 567 1406 Bruttius
582 1353 783 1421 oppugnaret,
804 1345 927 1409 Poenos
942 1361 1000 1408 noc
1014 1363 1081 1423 pro·

106 1431 177 1491 bare
190 1445 248 1491 nec
263 1431 370 1491 iuvare
385 1445 452 1490 eam
467 1429 727 1506 oppugnationem
743 1437 914 1506 appareret,
937 1446 974 1492 eo
989 1437 1085 1491 matu-

102 1514 165 1575 rius
183 1515 224 1574 ad
240 1529 276 1575 se
291 1514 477 1577 defeeturos.
505 1513 637 1575 Crotone
651 1528 709 1574 nec
724 1513 886 1576 consilium
900 1531 992 1576 unum
1007 1514 1086 1576 inter

100 1599 268 1676 populares
280 1597 491 1660 necvoluntas
503 1605 582 1658 erata
603 1615 684 1658 unus
695 1599 780 1660 velut
789 1599 915 1662 morbus
930 1600 1087 1661 invaserat

101 1697 211 1744 omnes
224 1681 329 1745 ltaliae
344 1683 498 1758 civitates,
521 1689 554 1743 ut
567 1681 674 1759 plebes
690 1681 728 1742 ab
751 1683 948 1759 optimatibus
964 1683 1084 1745 dissen-

101 1767 210 1843 tirent,
230 1773 355 1828 senatus
370 1766 517 1828 Romanis
532 1767 657 1838 faveret,
681 1774 712 1828 et
726 1767 814 1842 plebs
829 1767 870 1826 ad
884 1766 1006 1829 Poenos
1020 1783 1085 1828 rem

101 1852 244 1913 traheret.
266 1867 334 1910 eam
349 1849 576 1912 dissensionem
589 1850 620 1910 in
634 1849 712 1910 urbe
723 1851 854 1928 perfuga
869 1852 987 1913 nuntiat
997 1852 1085 1912 Brut·

99 1936 167 1998 tiis=
190 1935 436 1997 Aristomachum
457 1950 528 1996 esse
541 1934 714 2011 prinoipem
732 1934 831 2011 plebis
852 1935 1085 2012 tradendaeque

99 2027 258 2082 auctorem
277 2019 378 2091 urbis;
406 2026 437 2080 et
455 2018 488 2079 in
509 2025 598 2080 vasta
617 2019 693 2079 urbe
713 2021 835 2097 lateque
858 2020 998 2082 omnibus
1021 2020 1084 2080 dis-

99 2105 189 2166 iectis
209 2103 370 2165 moenibus
390 2119 477 2164 raras
499 2103 646 2164 stationes
669 2104 888 2178 custodiasque
909 2109 1085 2164 senatomm

100 2205 191 2258 csse;
217 2203 410 2264 quacumque
430 2187 604 2249 custodiant
617 2186 718 2264 plebis
738 2187 895 2262 homines,
918 2203 957 2247 ea
979 2193 1085 2263 patere

100 2274 226 2334 aditum.
249 2279 374 2332 auctore
388 2288 425 2333 ae
440 2273 518 2332 duee
533 2271 663 2348 permga
672 2271 780 2332 Bruttii
795 2287 911 2332 corona
925 2272 1086 2331 cinxerunt

99 2357 218 2433 urbem,
233 2355 415 2432 acceptique
430 2355 468 2416 ab
480 2356 570 2432 plebe
581 2357 681 2433 primo
696 2356 811 2432 impetu
827 2370 947 2415 omnem
963 2360 1086 2430 praeter

101 2457 204 2503 arcem
221 2455 343 2516 cepere.
375 2455 478 2500 arcem
492 2439 655 2516 optimates
670 2439 814 2501 tenebant
829 2445 1012 2516 praeparato
1024 2438 1084 2498 iam
1201 2447 1210 2464 ’

101 2533 173 2588 ante
185 2523 226 2586 ad
241 2525 332 2586 talem
347 2541 453 2588 casum
469 2524 621 2600 perfugio:
641 2523 751 2585 eodem
765 2523 1000 2585 Aristomachus
1015 2539 1083 2600 per-

101 2611 192 2687 lugit,
215 2624 371 2685 tamquam
384 2607 496 2670 Poenis
517 2623 579 2668 non
594 2608 718 2670 Bruttiis
741 2614 849 2669 auctor
862 2608 947 2670 urbis
962 2608 1084 2669 traden-

101 2695 161 2756 dae
177 2695 295 2755 luisset.

186 2779 237 2840 lll.
265 2778 346 2839 Urbs
362 2777 452 2839 croto
471 2792 590 2836 mumm
603 2774 635 2835 in
656 2775 782 2838 circuitu
796 2782 950 2852 patentem
968 2773 1084 2837 duode-

102 2864 162 2926 cim
173 2863 257 2924 milia
268 2877 417 2938 passuum
427 2859 533 2921 habuit
544 2857 747 2938 antePymhi
740 2861 895 2922 rnltaliam
909 2859 1084 2922 adventum

100 2955 175 3024 post
195 2948 369 3008 vastitatem
391 2960 429 3005 eo
443 2943 525 3005 bello
540 2945 651 3004 laetam
666 2945 719 3005 vix
734 2960 807 3021 pars
823 2943 949 3005 dimidia
968 2943 1084 3005 habita·

100 3032 204 3093 batur:
231 3030 361 3105 flumen,
391 3029 476 3105 quod
495 3027 597 3088 medio
620 3007 736 3104 oppido
757 3027 903 3103 fluxerat,
925 3034 1012 3088 extra
1026 3028 1085 3086 ire-

103 3116 230 3192 quentia
248 3114 337 3175 tectis
358 3115 439 3174 loca
449 3109 700 3190 praeterfluebat,
722 3120 752 3174 et
766 3129 821 3174 arx
837 3120 903 3174 erat
917 3113 1023 3189 procul
1039 3109 1084 3169 eis

102 3215 182 3277 quae
202 3197 425 3259 habitabantur.
459 3212 516 3257 sex
530 3195 613 3257 milia
632 3195 738 3258 aberat
752 3197 791 3258 ab
804 3198 881 3258 urbe
898 3193 993 3256 nobili
1010 3199 1084 3254 tern-

103 3285 195 3362 plum,
212 3279 521 3360 ipsaurbenohilius,
535 3279 819 3354 Laciniaelunonls,
836 3286 975 3340 sanetum
990 3276 1085 3338 omni-

103 3368 159 3430 bus
182 3368 265 3429 cirea
286 3366 420 3443 populis
456 3365 543 3426 lucus
565 3364 607 3425 ibi
627 3364 779 3443 frequenti
799 3363 878 3424 silva
896 3369 927 3422 et
947 3359 1085 3438 proceris

104 3451 211 3514 abietis
231 3450 395 3514 arboribus
416 3454 542 3525 saeptus
564 3448 673 3508 laeta
663 3466 694 3509 m
715 3447 817 3506 madio
837 3460 957 3586 pasena
970 3441 1084 3513 habuit,
