2434 3902
227 238 343 300 LIBER
357 237 477 298 xxvll.
501 239 696 302 camaena.
719 241 873 318 [acam]
973 239 1034 306 lat

37 389 245 466 praelectum,
268 387 356 462 quod·
367 387 434 450 eius
449 388 593 450 socordia
607 389 768 453 Tarentum
783 391 938 468 proditum
952 392 1033 455 lrostl

35 480 140 550 esset,
151 474 220 533 aliis
230 471 366 548 praemia
377 473 621 547 decernentibus,
636 476 718 550 quod
728 491 785 552 per
794 477 1032 553 quinquennium

37 573 149 619 arcem
169 563 282 619 tutatus
305 563 403 632 esset,
426 557 619 634 maximeque
639 559 731 620 unius
751 561 816 621 eius
838 577 933 637 opera
947 577 1032 623 rece-

36 649 131 720 ptum
143 643 307 703 Tarentum
323 642 409 715 soret,
426 643 535 702 mediis
550 643 590 702 ad
603 657 822 705 censoresnon
838 646 878 706 ad
893 653 1031 708 senatum

37 727 204 790 notionem
220 727 260 786 de
281 741 317 786 eo
333 727 487 801 pertinere
501 726 684 789 dicentibus.
717 729 804 790 cuius
819 731 989 792 sentcntiae
1001 739 1033 792 et

37 811 160 873 Fabius
177 811 241 872 luit.
277 810 389 871 adiecit
401 817 502 871 tamen
518 811 605 870 lateri
619 827 655 872 se
670 827 766 888 opera
779 813 856 872 Livii
870 815 1031 876 Tarentum

39 903 215 973 receptmn,
231 895 316 970 quod
326 894 416 956 amici
431 895 497 956 eius
509 897 602 971 vulgo
617 896 648 956 in
659 902 768 957 senatu
783 897 963 960 iactassent:
980 889 1045 960 ne?

43 997 105 1058 que
121 981 203 1040 enim
217 979 429 1057 recipiundum
441 980 550 1053 luisse,
573 979 631 1042 nisi
647 980 795 1041 amissum
810 982 898 1043 ioret.

131 1065 299 1125 Consulum
314 1065 390 1124 alter
402 1066 435 1125 T.
453 1063 609 1138 Quinctius
625 1065 783 1141 crispinus
800 1066 840 1126 ad
855 1065 1041 1141 exercitum.

40 1165 138 1226 quem
155 1148 189 1224 Q.
204 1149 328 1210 Fulvius
343 1149 471 1210 Flaccus
493 1149 654 1223 habuerat,
678 1165 747 1210 cum
766 1151 980 1227 supplemento
1000 1151 1030 1212 in

37 1236 190 1296 Lucanos
212 1241 260 1294 est
279 1236 447 1310 profectus.
479 1233 655 1294 Marcellum
677 1234 755 1295 aliae
770 1241 862 1311 atquc
883 1236 962 1296 aliae
976 1235 1030 1297 ob-

38 1320 144 1380 iectae
166 1318 266 1378 animo
287 1318 451 1394 religiones
472 1317 629 1394 tenebant,
652 1317 683 1378 in
705 1319 817 1396 quibus
840 1321 939 1395 quod,
963 1335 1028 1382 cum

39 1405 128 1464 bello
145 1401 262 1463 Gallico
283 1404 324 1464 ad
339 1402 516 1464 clastidium
538 1403 647 1464 aedem
662 1403 778 1465 Honori
802 1410 833 1464 et
845 1404 955 1466 Virtuti
977 1421 1028 1465 vo·

42 1488 159 1563 visset,
183 1487 335 1549 dedicatio
350 1487 418 1548 eius
434 1487 664 1564 apontillcibus
686 1488 923 1565 impediebatur,
947 1489 1028 1564 quod

41 1572 200 1648 negabant
213 1588 304 1632 unam
320 1573 427 1632 callam
441 1572 564 1633 duobus
579 1579 662 1634 recte
678 1573 822 1647 dedicari,
832 1581 836 1584 ’
846 1574 927 1650 quia,
948 1574 975 1636 si
991 1575 1031 1634 de

42 1658 132 1718 caelo
155 1661 236 1716 lacta
250 1661 303 1717 aut
316 1656 448 1732 prodigii
470 1657 587 1733 aliquid
602 1657 632 1717 in
652 1673 689 1718 ea
704 1658 816 1720 lactum
830 1664 928 1733 esset,
951 1659 1030 1720 dilli-

44 1742 111 1803 cilis
124 1741 302 1819 procuratio
314 1741 402 1816 lorct,
419 1742 504 1818 quod
519 1741 576 1801 utri
589 1743 648 1802 deo
663 1758 714 1803 res
728 1743 832 1803 divina
846 1743 941 1816 lieret,
959 1744 1029 1806 sciri

42 1844 107 1888 non
128 1831 254 1903 possea
275 1826 472 1902 nequeenim
490 1827 611 1887 duobus
628 1827 688 1887 nisi
703 1828 793 1888 certis
816 1827 882 1888 deis
898 1829 955 1889 rite
971 1845 1031 1889 una

41 1912 148 1974 hostia
162 1909 237 1971 fieri.
268 1910 309 1970 ita
323 1910 428 1970 addita
440 1909 569 1971 Virtutis
584 1912 679 1972 aedes
695 1918 901 1988 approperata
918 1927 1028 1988 opere;

41 2012 148 2072 neque
169 2002 269 2055 tamen
285 1997 323 2055 ab
338 1995 408 2071 ipso
424 1995 518 2056 aedas
534 2011 590 2056 eae
605 1994 765 2056 dedicatae
785 2001 864 2056 sunt.
898 2003 961 2057 tum
976 1996 1030 2057 de·

40 2097 127 2142 mum
143 2081 184 2140 ad
205 2079 387 2155 exercitum,
410 2095 500 2155 quem
514 2079 617 2156 priore
632 2096 711 2142 anno
726 2079 885 2141 Venusiae
900 2080 1030 2156 relique-

39 2173 98 2242 rat,
118 2181 189 2226 cum
205 2165 420 2240 supplemento
435 2165 647 2240 proficiscitur.
877 2176 883 2189 ‘

128 2249 247 2320 Locros
262 2250 292 2308 in
303 2247 427 2309 Bruttiis
440 2248 597 2324 Crispinus
614 2264 793 2326 oppugnare
804 2254 941 2322 conatus,
959 2249 1031 2324 quia

40 2350 190 2412 magnam
206 2334 318 2394 lamam
338 2332 477 2393 attulisse
490 2332 585 2395 Fabio
599 2332 760 2394 Tarentum
778 2334 916 2406 rebatur,
940 2349 1030 2393 omne

41 2435 145 2496 genus
156 2425 375 2480 tormentorum
387 2418 657 2492 machinarumque
668 2416 819 2479 exSicilia
830 2418 1029 2487 arcessierat;

42 2513 74 2567 et
89 2517 189 2566 naves
205 2503 340 2565 indidem
356 2503 473 2562 accitae
487 2509 581 2576 erant
606 2518 686 2578 quac
702 2507 877 2578 vergentem
893 2502 933 2564 ad
947 2517 1031 2562 mare

43 2596 165 2665 partem
192 2588 277 2649 urbis
306 2595 527 2664 oppugnarent.
565 2602 604 2647 ea
629 2588 744 2647 omissa
765 2586 953 2663 oppugnatio
973 2593 1030 2661 est,

43 2675 120 2749 quia
141 2671 299 2733 Lacinium
312 2671 464 2732 Hannibal
484 2672 664 2745 admoverat
684 2671 806 2748 copias,
829 2678 860 2732 et
880 2671 1043 2748 collegam¹

42 2756 197 2820 eduxisse
217 2756 277 2816 iam
298 2755 336 2816 ab
351 2755 488 2817 Venusia
508 2755 675 2816 exercitum
691 2755 771 2816 larna
791 2761 870 2831 erat,
894 2757 942 2816 cui
958 2773 1030 2818 eon·

43 2841 132 2918 iungi
147 2840 280 2904 volebat.
314 2841 418 2916 itaque
433 2840 463 2900 in
477 2841 621 2916 Apuliam
640 2855 679 2900 cx
692 2841 817 2902 Bruttiis
833 2841 978 2915 reditum,
1001 2845 1031 2900 et

43 2929 124 2988 inter
138 2928 307 2988 Venusiam
320 2925 521 3000 Bantiamque
535 2924 635 2984 minus
649 2925 738 2986 trium
752 2925 868 2986 milium
882 2932 1030 3003 passuum

45 3012 209 3074 intervallo
226 3013 370 3072 consules
384 3009 465 3070 binis
481 3009 589 3070 castris
605 3010 817 3070 consederant.
847 3010 878 3069 in
900 3010 1030 3070 eandem

44 3096 206 3172 regionem
227 3103 257 3158 et
270 3093 421 3155 Hannibal
442 3094 532 3155 rediit
551 3109 661 3155 averso
682 3093 721 3154 ab
735 3094 841 3155 Locris
863 3094 956 3155 bello.
988 3091 1030 3150 ibi

46 3182 194 3243 consules
205 3179 295 3241 ambo
309 3178 431 3256 ingenio
444 3179 670 3254 leroeesprope
682 3179 817 3254 quotidie
829 3178 858 3237 in
872 3178 939 3238 acie
950 3184 1031 3237 stare

46 3266 130 3326 haud
145 3265 239 3326 dubia
254 3281 325 3342 spe,
348 3263 375 3324 si
389 3263 511 3325 duobus
534 3260 717 3324 exercitibus
732 3261 944 3328 consularibus
965 3258 1031 3320 iun·

48 3353 104 3412 ctis
117 3349 325 3412 commisisset
335 3348 525 3421 scsehostis‚
540 3346 685 3408 debellari
696 3363 801 3423 posse.
827 3345 934 3404 XXVI.
949 3344 1030 3403 Han-

49 3435 129 3496 nibal
145 3434 219 3512 quia
234 3450 303 3495 cum
312 3433 457 3494 Marcello
472 3431 520 3492 bis
535 3433 638 3508 priore
653 3447 733 3490 anno
748 3444 935 3502 congressus
950 3427 1029 3487 vice-

49 3527 93 3581 rat
113 3518 279 3596 victusque
300 3525 379 3592 erat,
402 3523 448 3593 ut,
470 3532 538 3576 cum
553 3515 662 3576 eodem
678 3514 705 3575 si
725 3511 930 3573 dimicandum
944 3509 1028 3582 toret
