<?xml version="1.0" encoding="UTF-8"?>
<!DOCTYPE html PUBLIC "-//W3C//DTD XHTML 1.0 Transitional//EN"
    "http://www.w3.org/TR/xhtml1/DTD/xhtml1-transitional.dtd">
<html xmlns="http://www.w3.org/1999/xhtml" xml:lang="en" lang="en">
 <head>
  <title>
</title>
<meta http-equiv="Content-Type" content="text/html;charset=utf-8" />
  <meta name='ocr-system' content='tesseract 3.04.00' />
  <meta name='ocr-capabilities' content='ocr_page ocr_carea ocr_par ocr_line ocrx_word'/>
</head>
<body>
  <div class='ocr_page' id='page_1' title='image "./titiliviaburbec09livygoog_0160.png"; bbox 0 0 2428 3892; ppageno 0'>
   <div class='ocr_carea' id='block_1_1' title="bbox 221 216 1038 298">
    <p class='ocr_par' dir='ltr' id='par_1_1' title="bbox 221 216 1038 298">
     <span class='ocr_line' id='line_1_1' title="bbox 221 216 1038 298; baseline 0.012 -22"><span class='ocrx_word' id='word_1_1' title='bbox 221 217 460 282; x_wconf 75' lang='lat' dir='ltr'><strong>llsslaRxxvl.</strong></span> <span class='ocrx_word' id='word_1_2' title='bbox 485 216 568 278; x_wconf 77' lang='lat' dir='ltr'><strong>cllP.</strong></span> <span class='ocrx_word' id='word_1_3' title='bbox 584 225 627 280; x_wconf 83' lang='lat' dir='ltr'><strong>ac.</strong></span> <span class='ocrx_word' id='word_1_4' title='bbox 643 225 688 280; x_wconf 83' lang='lat' dir='ltr'><strong>ao.</strong></span> <span class='ocrx_word' id='word_1_5' title='bbox 710 217 790 295; x_wconf 68' lang='lat' dir='ltr'><strong>[ac.</strong></span> <span class='ocrx_word' id='word_1_6' title='bbox 805 220 869 298; x_wconf 80' lang='lat' dir='ltr'><strong>nro]</strong></span> <span class='ocrx_word' id='word_1_7' title='bbox 974 217 1038 286; x_wconf 72' lang='lat'><strong>1³5</strong></span> 
     </span>
    </p>
   </div>
   <div class='ocr_carea' id='block_1_2' title="bbox 53 370 1092 3555">
    <p class='ocr_par' dir='ltr' id='par_1_2' title="bbox 53 370 1092 1948">
     <span class='ocr_line' id='line_1_2' title="bbox 56 370 1036 448; baseline 0.003 -17"><span class='ocrx_word' id='word_1_8' title='bbox 56 372 217 447; x_wconf 67' lang='lat' dir='ltr'><strong>brumaque</strong></span> <span class='ocrx_word' id='word_1_9' title='bbox 232 373 445 448; x_wconf 84' lang='lat' dir='ltr'>sermonibus,</span> <span class='ocrx_word' id='word_1_10' title='bbox 467 385 546 446; x_wconf 87' lang='lat' dir='ltr'><strong>quos</strong></span> <span class='ocrx_word' id='word_1_11' title='bbox 561 370 671 447; x_wconf 88' lang='lat' dir='ltr'><strong>parlim</strong></span> <span class='ocrx_word' id='word_1_12' title='bbox 691 370 903 433; x_wconf 76' lang='lat' dir='ltr'><strong>misericordia</strong></span> <span class='ocrx_word' id='word_1_13' title='bbox 917 371 1036 434; x_wconf 75' lang='lat' dir='ltr'><strong>Siculo</strong></span> 
     </span>
     <span class='ocr_line' id='line_1_3' title="bbox 54 455 1036 533; baseline 0.002 -18"><span class='ocrx_word' id='word_1_14' title='bbox 54 473 115 518; x_wconf 89' lang='lat' dir='ltr'><strong>rum</strong></span> <span class='ocrx_word' id='word_1_15' title='bbox 134 457 245 533; x_wconf 81' lang='lat' dir='ltr'><strong>parlim</strong></span> <span class='ocrx_word' id='word_1_16' title='bbox 266 457 384 518; x_wconf 87' lang='lat' dir='ltr'><strong>invidia</strong></span> <span class='ocrx_word' id='word_1_17' title='bbox 397 457 464 518; x_wconf 88' lang='lat' dir='ltr'><strong>lilar</strong></span> <span class='ocrx_word' id='word_1_18' title='bbox 476 456 535 515; x_wconf 65' lang='lat' dir='ltr'><strong>uelli</strong></span> <span class='ocrx_word' id='word_1_19' title='bbox 550 455 717 530; x_wconf 79' lang='lat' dir='ltr'><strong>excitabat,</strong></span> <span class='ocrx_word' id='word_1_20' title='bbox 738 455 768 515; x_wconf 93' lang='lat' dir='ltr'><strong>in</strong></span> <span class='ocrx_word' id='word_1_21' title='bbox 784 463 924 518; x_wconf 83' lang='lat' dir='ltr'><strong>cenalmn</strong></span> <span class='ocrx_word' id='word_1_22' title='bbox 943 456 1036 517; x_wconf 86' lang='lat' dir='ltr'><strong>ctiam</strong></span> 
     </span>
     <span class='ocr_line' id='line_1_4' title="bbox 55 539 1035 620; baseline 0.003 -22"><span class='ocrx_word' id='word_1_23' title='bbox 55 549 264 615; x_wconf 85' lang='lat' dir='ltr'><strong>pervenerunt.</strong></span> <span class='ocrx_word' id='word_1_24' title='bbox 299 544 487 620; x_wconf 79' lang='lat' dir='ltr'><strong>postulatum</strong></span> <span class='ocrx_word' id='word_1_25' title='bbox 509 556 529 599; x_wconf 92' lang='lat' dir='ltr'><strong>a</strong></span> <span class='ocrx_word' id='word_1_26' title='bbox 543 539 721 600; x_wconf 85' lang='lat' dir='ltr'><strong>consulibus</strong></span> <span class='ocrx_word' id='word_1_27' title='bbox 736 546 792 615; x_wconf 74' lang='lat' dir='ltr'><strong>eso,</strong></span> <span class='ocrx_word' id='word_1_28' title='bbox 813 547 848 600; x_wconf 82' lang='lat' dir='ltr'><strong>nl</strong></span> <span class='ocrx_word' id='word_1_29' title='bbox 861 539 901 601; x_wconf 86' lang='lat' dir='ltr'><strong>dc</strong></span> <span class='ocrx_word' id='word_1_30' title='bbox 915 554 1035 617; x_wconf 87' lang='lat' dir='ltr'><strong>permu-</strong></span> 
     </span>
     <span class='ocr_line' id='line_1_5' title="bbox 54 621 1034 701; baseline 0.001 -18"><span class='ocrx_word' id='word_1_31' title='bbox 54 624 146 685; x_wconf 87' lang='lat' dir='ltr'><strong>landis</strong></span> <span class='ocrx_word' id='word_1_32' title='bbox 160 627 333 701; x_wconf 84' lang='lat' dir='ltr'><strong>provinciis</strong></span> <span class='ocrx_word' id='word_1_33' title='bbox 349 634 489 688; x_wconf 84' lang='lat' dir='ltr'><strong>senatum</strong></span> <span class='ocrx_word' id='word_1_34' title='bbox 505 626 709 685; x_wconf 73' lang='lat' dir='ltr'><strong>consulerem</strong></span> <span class='ocrx_word' id='word_1_35' title='bbox 744 621 917 697; x_wconf 84' lang='lat' dir='ltr'><strong>Marcellus,</strong></span> <span class='ocrx_word' id='word_1_36' title='bbox 933 625 960 684; x_wconf 89' lang='lat' dir='ltr'><strong>si</strong></span> <span class='ocrx_word' id='word_1_37' title='bbox 976 625 1034 685; x_wconf 84' lang='lat' dir='ltr'><strong>iam</strong></span> 
     </span>
     <span class='ocr_line' id='line_1_6' title="bbox 53 708 1092 782; baseline 0.004 -16"><span class='ocrx_word' id='word_1_38' title='bbox 53 709 140 770; x_wconf 82' lang='lat' dir='ltr'><strong>auditi</strong></span> <span class='ocrx_word' id='word_1_39' title='bbox 151 709 190 769; x_wconf 83' lang='lat' dir='ltr'><strong>al&gt;</strong></span> <span class='ocrx_word' id='word_1_40' title='bbox 202 709 417 772; x_wconf 83' lang='lat' dir='ltr'><strong>senatusiculi</strong></span> <span class='ocrx_word' id='word_1_41' title='bbox 427 715 543 782; x_wconf 81' lang='lat' dir='ltr'><strong>esseni,</strong></span> <span class='ocrx_word' id='word_1_42' title='bbox 557 709 647 768; x_wconf 88' lang='lat' dir='ltr'><strong>aliam</strong></span> <span class='ocrx_word' id='word_1_43' title='bbox 659 708 785 769; x_wconf 77' lang='lat' dir='ltr'><strong>forsitan</strong></span> <span class='ocrx_word' id='word_1_44' title='bbox 796 709 926 769; x_wconf 79' lang='lat' dir='ltr'><strong>luituram</strong></span> <span class='ocrx_word' id='word_1_45' title='bbox 939 709 1034 770; x_wconf 81' lang='lat' dir='ltr'><strong>luisse</strong></span> <span class='ocrx_word' id='word_1_46' title='bbox 1089 772 1092 776; x_wconf 77' lang='grc'><em>,</em></span> 
     </span>
     <span class='ocr_line' id='line_1_7' title="bbox 54 792 1034 867; baseline 0.002 -15"><span class='ocrx_word' id='word_1_47' title='bbox 54 794 227 854; x_wconf 71' lang='lat' dir='ltr'><strong>sententiam</strong></span> <span class='ocrx_word' id='word_1_48' title='bbox 243 809 334 856; x_wconf 85' lang='lat' dir='ltr'><strong>suam</strong></span> <span class='ocrx_word' id='word_1_49' title='bbox 349 796 468 855; x_wconf 79' lang='lat' dir='ltr'><strong>dicere:</strong></span> <span class='ocrx_word' id='word_1_50' title='bbox 486 804 576 866; x_wconf 82' lang='lat' dir='ltr'><strong>nunc,</strong></span> <span class='ocrx_word' id='word_1_51' title='bbox 591 807 631 852; x_wconf 89' lang='lat' dir='ltr'><strong>nc</strong></span> <span class='ocrx_word' id='word_1_52' title='bbox 646 792 715 867; x_wconf 85' lang='lat' dir='ltr'><strong>quis</strong></span> <span class='ocrx_word' id='word_1_53' title='bbox 731 792 837 857; x_wconf 74' lang='lat' dir='ltr'><strong>limone</strong></span> <span class='ocrx_word' id='word_1_54' title='bbox 852 793 964 854; x_wconf 86' lang='lat' dir='ltr'><strong>lrcnari</strong></span> <span class='ocrx_word' id='word_1_55' title='bbox 975 809 1034 854; x_wconf 83' lang='lat' dir='ltr'><strong>eoa</strong></span> 
     </span>
     <span class='ocr_line' id='line_1_8' title="bbox 55 876 1033 956; baseline 0.003 -20"><span class='ocrx_word' id='word_1_56' title='bbox 55 877 149 937; x_wconf 81' lang='lat' dir='ltr'><strong>dicere</strong></span> <span class='ocrx_word' id='word_1_57' title='bbox 163 885 286 954; x_wconf 67' lang='lat' dir='ltr'><strong>posset,</strong></span> <span class='ocrx_word' id='word_1_58' title='bbox 304 880 478 956; x_wconf 85' lang='lat' dir='ltr'><strong>quominus</strong></span> <span class='ocrx_word' id='word_1_59' title='bbox 495 877 535 938; x_wconf 87' lang='lat' dir='ltr'><strong>de</strong></span> <span class='ocrx_word' id='word_1_60' title='bbox 550 891 588 936; x_wconf 90' lang='lat' dir='ltr'><strong>eo</strong></span> <span class='ocrx_word' id='word_1_61' title='bbox 600 876 695 936; x_wconf 83' lang='lat' dir='ltr'><strong>libore</strong></span> <span class='ocrx_word' id='word_1_62' title='bbox 711 883 884 952; x_wconf 76' lang='lat' dir='ltr'><strong>queruntur,</strong></span> <span class='ocrx_word' id='word_1_63' title='bbox 900 876 930 936; x_wconf 92' lang='lat' dir='ltr'><strong>in</strong></span> <span class='ocrx_word' id='word_1_64' title='bbox 945 878 1033 939; x_wconf 86' lang='lat' dir='ltr'><strong>cuius</strong></span> 
     </span>
     <span class='ocr_line' id='line_1_9' title="bbox 56 959 1034 1040; baseline 0.004 -22"><span class='ocrx_word' id='word_1_65' title='bbox 56 967 198 1033; x_wconf 73' lang='lat' dir='ltr'><strong>potestate</strong></span> <span class='ocrx_word' id='word_1_66' title='bbox 211 979 291 1024; x_wconf 88' lang='lat' dir='ltr'><strong>mox</strong></span> <span class='ocrx_word' id='word_1_67' title='bbox 305 963 396 1026; x_wconf 86' lang='lat' dir='ltr'><strong>luluri</strong></span> <span class='ocrx_word' id='word_1_68' title='bbox 411 964 479 1040; x_wconf 76' lang='lat' dir='ltr'><strong>sini,</strong></span> <span class='ocrx_word' id='word_1_69' title='bbox 495 961 523 1021; x_wconf 83' lang='lat' dir='ltr'><strong>si</strong></span> <span class='ocrx_word' id='word_1_70' title='bbox 538 961 675 1036; x_wconf 72' lang='lat' dir='ltr'><strong>collegae</strong></span> <span class='ocrx_word' id='word_1_71' title='bbox 687 959 762 1021; x_wconf 84' lang='lat' dir='ltr'><strong>nrlril</strong></span> <span class='ocrx_word' id='word_1_72' title='bbox 776 959 903 1036; x_wconf 73' lang='lat' dir='ltr'><strong>intersit,</strong></span> <span class='ocrx_word' id='word_1_73' title='bbox 918 969 1034 1024; x_wconf 82' lang='lat' dir='ltr'><strong>rnulauc</strong></span> 
     </span>
     <span class='ocr_line' id='line_1_10' title="bbox 57 1045 1033 1125; baseline 0.006 -23"><span class='ocrx_word' id='word_1_74' title='bbox 57 1059 86 1103; x_wconf 86' lang='lat' dir='ltr'><strong>sc</strong></span> <span class='ocrx_word' id='word_1_75' title='bbox 103 1045 296 1121; x_wconf 70' lang='lat' dir='ltr'><strong>prouinciam</strong></span> <span class='ocrx_word' id='word_1_76' title='bbox 317 1054 456 1125; x_wconf 84' lang='lat' dir='ltr'><strong>paralum</strong></span> <span class='ocrx_word' id='word_1_77' title='bbox 479 1059 559 1106; x_wconf 80' lang='lat' dir='ltr'><strong>osse.</strong></span> <span class='ocrx_word' id='word_1_78' title='bbox 592 1046 752 1120; x_wconf 79' lang='lat' dir='ltr'><strong>deprocari</strong></span> <span class='ocrx_word' id='word_1_79' title='bbox 767 1052 892 1105; x_wconf 79' lang='lat' dir='ltr'><strong>concurs</strong></span> <span class='ocrx_word' id='word_1_80' title='bbox 912 1046 1033 1121; x_wconf 75' lang='lat' dir='ltr'><strong>prucio-</strong></span> 
     </span>
     <span class='ocr_line' id='line_1_11' title="bbox 57 1128 1032 1204; baseline 0.004 -18"><span class='ocrx_word' id='word_1_81' title='bbox 57 1128 173 1188; x_wconf 79' lang='lat' dir='ltr'><strong>dicium:</strong></span> <span class='ocrx_word' id='word_1_82' title='bbox 199 1146 275 1192; x_wconf 85' lang='lat' dir='ltr'><strong>nam</strong></span> <span class='ocrx_word' id='word_1_83' title='bbox 298 1145 367 1192; x_wconf 86' lang='lat' dir='ltr'><strong>eum</strong></span> <span class='ocrx_word' id='word_1_84' title='bbox 387 1139 474 1192; x_wconf 79' lang='lat' dir='ltr'><strong>encra</strong></span> <span class='ocrx_word' id='word_1_85' title='bbox 497 1138 613 1192; x_wconf 81' lang='lat' dir='ltr'><strong>sortem</strong></span> <span class='ocrx_word' id='word_1_86' title='bbox 632 1129 770 1204; x_wconf 78' lang='lat' dir='ltr'><strong>collegae</strong></span> <span class='ocrx_word' id='word_1_87' title='bbox 792 1131 947 1204; x_wconf 75' lang='lat' dir='ltr'><strong>optionem</strong></span> <span class='ocrx_word' id='word_1_88' title='bbox 968 1131 1032 1192; x_wconf 63' lang='lat' dir='ltr'><strong>dar*</strong></span> 
     </span>
     <span class='ocr_line' id='line_1_12' title="bbox 59 1212 1032 1297; baseline 0.004 -27"><span class='ocrx_word' id='word_1_89' title='bbox 59 1213 223 1297; x_wconf 88' lang='lat' dir='ltr'><strong>provinciae</strong></span> <span class='ocrx_word' id='word_1_90' title='bbox 238 1217 380 1294; x_wconf 88' lang='lat' dir='ltr'><strong>iniquum</strong></span> <span class='ocrx_word' id='word_1_91' title='bbox 393 1217 490 1289; x_wconf 79' lang='lat' dir='ltr'><strong>liuerll,</strong></span> <span class='ocrx_word' id='word_1_92' title='bbox 507 1219 622 1289; x_wconf 71' lang='lat' dir='ltr'><strong>cuculo</strong></span> <span class='ocrx_word' id='word_1_93' title='bbox 631 1213 779 1274; x_wconf 83' lang='lat' dir='ltr'><strong>maiorem</strong></span> <span class='ocrx_word' id='word_1_94' title='bbox 791 1212 929 1274; x_wconf 85' lang='lat' dir='ltr'><strong>iniuriam</strong></span> <span class='ocrx_word' id='word_1_95' title='bbox 941 1215 1032 1274; x_wconf 87' lang='lat' dir='ltr'><strong>immo</strong></span> 
     </span>
     <span class='ocr_line' id='line_1_13' title="bbox 60 1297 1034 1373; baseline 0.003 -19"><span class='ocrx_word' id='word_1_96' title='bbox 60 1299 262 1360; x_wconf 83' lang='lat' dir='ltr'><strong>conlumeliam</strong></span> <span class='ocrx_word' id='word_1_97' title='bbox 284 1314 372 1373; x_wconf 84' lang='lat' dir='ltr'><strong>esse,</strong></span> <span class='ocrx_word' id='word_1_98' title='bbox 395 1306 510 1361; x_wconf 86' lang='lat' dir='ltr'><strong>scriem</strong></span> <span class='ocrx_word' id='word_1_99' title='bbox 529 1309 617 1358; x_wconf 81' lang='lat' dir='ltr'><strong>suern</strong></span> <span class='ocrx_word' id='word_1_100' title='bbox 640 1297 681 1357; x_wconf 88' lang='lat' dir='ltr'><strong>ad</strong></span> <span class='ocrx_word' id='word_1_101' title='bbox 700 1297 963 1358; x_wconf 76' lang='lat' dir='ltr'><strong>cumiranslerrir</strong></span> <span class='ocrx_word' id='word_1_102' title='bbox 992 1297 1034 1358; x_wconf 82' lang='lat' dir='ltr'><strong>iio</strong></span> 
     </span>
     <span class='ocr_line' id='line_1_14' title="bbox 62 1381 1032 1461; baseline 0.003 -24"><span class='ocrx_word' id='word_1_103' title='bbox 62 1389 186 1460; x_wconf 86' lang='lat' dir='ltr'><strong>senalus,</strong></span> <span class='ocrx_word' id='word_1_104' title='bbox 211 1399 285 1446; x_wconf 88' lang='lat' dir='ltr'><strong>cum</strong></span> <span class='ocrx_word' id='word_1_105' title='bbox 301 1385 374 1459; x_wconf 84' lang='lat' dir='ltr'><strong>quid</strong></span> <span class='ocrx_word' id='word_1_106' title='bbox 396 1385 531 1461; x_wconf 75' lang='lat' dir='ltr'><strong>placeret</strong></span> <span class='ocrx_word' id='word_1_107' title='bbox 551 1382 649 1457; x_wconf 82' lang='lat' dir='ltr'><strong>magis</strong></span> <span class='ocrx_word' id='word_1_108' title='bbox 672 1381 859 1442; x_wconf 78' lang='lat' dir='ltr'><strong>ostendisset</strong></span> <span class='ocrx_word' id='word_1_109' title='bbox 874 1395 965 1457; x_wconf 85' lang='lat' dir='ltr'><strong>quam</strong></span> <span class='ocrx_word' id='word_1_110' title='bbox 980 1381 1032 1441; x_wconf 90' lang='lat' dir='ltr'><strong>de-</strong></span> 
     </span>
     <span class='ocr_line' id='line_1_15' title="bbox 61 1463 1033 1544; baseline 0.005 -25"><span class='ocrx_word' id='word_1_111' title='bbox 61 1473 177 1542; x_wconf 81' lang='lat' dir='ltr'><strong>cresset,</strong></span> <span class='ocrx_word' id='word_1_112' title='bbox 198 1463 368 1530; x_wconf 77' lang='lat' dir='ltr'><strong>dimittitur.</strong></span> <span class='ocrx_word' id='word_1_113' title='bbox 401 1470 480 1529; x_wconf 77' lang='lat' dir='ltr'><strong>incer</strong></span> <span class='ocrx_word' id='word_1_114' title='bbox 499 1470 587 1544; x_wconf 84' lang='lat' dir='ltr'><strong>ipsos</strong></span> <span class='ocrx_word' id='word_1_115' title='bbox 605 1466 749 1527; x_wconf 74' lang='lat' dir='ltr'><strong>consides</strong></span> <span class='ocrx_word' id='word_1_116' title='bbox 764 1465 946 1543; x_wconf 77' lang='lat' dir='ltr'><strong>permutatio</strong></span> <span class='ocrx_word' id='word_1_117' title='bbox 961 1480 1033 1541; x_wconf 90' lang='lat' dir='ltr'><strong>pro·</strong></span> 
     </span>
     <span class='ocr_line' id='line_1_16' title="bbox 60 1546 1033 1630; baseline 0.007 -27"><span class='ocrx_word' id='word_1_118' title='bbox 60 1546 223 1627; x_wconf 78' lang='lat' dir='ltr'><strong>nimiarum,</strong></span> <span class='ocrx_word' id='word_1_119' title='bbox 247 1555 387 1630; x_wconf 79' lang='lat' dir='ltr'><strong>rapiente</strong></span> <span class='ocrx_word' id='word_1_120' title='bbox 402 1555 465 1614; x_wconf 82' lang='lat' dir='ltr'><strong>laco</strong></span> <span class='ocrx_word' id='word_1_121' title='bbox 480 1552 658 1613; x_wconf 79' lang='lat' dir='ltr'><strong>Marcellum</strong></span> <span class='ocrx_word' id='word_1_122' title='bbox 673 1551 713 1611; x_wconf 87' lang='lat' dir='ltr'><strong>ud</strong></span> <span class='ocrx_word' id='word_1_123' title='bbox 727 1549 937 1625; x_wconf 85' lang='lat' dir='ltr'><strong>Hannibalem,</strong></span> <span class='ocrx_word' id='word_1_124' title='bbox 951 1550 1033 1610; x_wconf 81' lang='lat' dir='ltr'><strong>lacta</strong></span> 
     </span>
     <span class='ocr_line' id='line_1_17' title="bbox 58 1635 1033 1715; baseline 0.003 -24"><span class='ocrx_word' id='word_1_125' title='bbox 58 1638 105 1706; x_wconf 80' lang='lat' dir='ltr'><strong>csl,</strong></span> <span class='ocrx_word' id='word_1_126' title='bbox 123 1641 156 1695; x_wconf 82' lang='lat' dir='ltr'><strong>ui</strong></span> <span class='ocrx_word' id='word_1_127' title='bbox 169 1651 209 1696; x_wconf 84' lang='lat' dir='ltr'><strong>ex</strong></span> <span class='ocrx_word' id='word_1_128' title='bbox 226 1653 291 1715; x_wconf 90' lang='lat' dir='ltr'><strong>quo</strong></span> <span class='ocrx_word' id='word_1_129' title='bbox 303 1637 419 1714; x_wconf 86' lang='lat' dir='ltr'><strong>primus</strong></span> <span class='ocrx_word' id='word_1_130' title='bbox 432 1644 562 1713; x_wconf 77' lang='lat' dir='ltr'><strong>postici</strong></span> <span class='ocrx_word' id='word_1_131' title='bbox 577 1637 727 1698; x_wconf 86' lang='lat' dir='ltr'><strong>adversas</strong></span> <span class='ocrx_word' id='word_1_132' title='bbox 742 1635 898 1696; x_wconf 85' lang='lat' dir='ltr'><strong>secundae</strong></span> <span class='ocrx_word' id='word_1_133' title='bbox 912 1649 1033 1711; x_wconf 80' lang='lat' dir='ltr'><strong>pugnae</strong></span> 
     </span>
     <span class='ocr_line' id='line_1_18' title="bbox 59 1716 1031 1798; baseline 0.005 -25"><span class='ocrx_word' id='word_1_134' title='bbox 59 1716 174 1788; x_wconf 78' lang='lat' dir='ltr'><strong>gloriam</strong></span> <span class='ocrx_word' id='word_1_135' title='bbox 193 1723 337 1798; x_wconf 79' lang='lat' dir='ltr'><strong>ceperat,</strong></span> <span class='ocrx_word' id='word_1_136' title='bbox 360 1721 390 1781; x_wconf 85' lang='lat' dir='ltr'><strong>iu</strong></span> <span class='ocrx_word' id='word_1_137' title='bbox 412 1722 478 1782; x_wconf 86' lang='lat' dir='ltr'><strong>eius</strong></span> <span class='ocrx_word' id='word_1_138' title='bbox 493 1722 617 1783; x_wconf 85' lang='lat' dir='ltr'><strong>laudem</strong></span> <span class='ocrx_word' id='word_1_139' title='bbox 637 1727 811 1794; x_wconf 79' lang='lat' dir='ltr'><strong>postremus</strong></span> <span class='ocrx_word' id='word_1_140' title='bbox 825 1720 1031 1781; x_wconf 81' lang='lat' dir='ltr'><strong>chrouoruln</strong></span> 
     </span>
     <span class='ocr_line' id='line_1_19' title="bbox 59 1799 1027 1884; baseline 0.004 -26"><span class='ocrx_word' id='word_1_141' title='bbox 59 1799 279 1884; x_wconf 80' lang='lat' dir='ltr'><strong>imperatorum,</strong></span> <span class='ocrx_word' id='word_1_142' title='bbox 302 1806 462 1883; x_wconf 73' lang='lat' dir='ltr'><strong>prosperis</strong></span> <span class='ocrx_word' id='word_1_143' title='bbox 484 1812 547 1868; x_wconf 84' lang='lat' dir='ltr'><strong>ium</strong></span> <span class='ocrx_word' id='word_1_144' title='bbox 568 1805 700 1864; x_wconf 86' lang='lat' dir='ltr'><strong>maxime</strong></span> <span class='ocrx_word' id='word_1_145' title='bbox 720 1803 837 1864; x_wconf 81' lang='lat' dir='ltr'><strong>bellicis</strong></span> <span class='ocrx_word' id='word_1_146' title='bbox 850 1803 959 1879; x_wconf 80' lang='lat' dir='ltr'><strong>rebus,</strong></span> <span class='ocrx_word' id='word_1_147' title='bbox 983 1817 1027 1864; x_wconf 86' lang='lat' dir='ltr'><strong>ca-</strong></span> 
     </span>
     <span class='ocr_line' id='line_1_20' title="bbox 59 1885 141 1948; baseline 0.098 -8"><span class='ocrx_word' id='word_1_148' title='bbox 59 1885 141 1948; x_wconf 74' lang='lat' dir='ltr'><strong>denec</strong></span> 
     </span>
    </p>

    <p class='ocr_par' dir='ltr' id='par_1_3' title="bbox 60 1969 1033 3555">
     <span class='ocr_line' id='line_1_21' title="bbox 129 1969 1032 2051; baseline -0.004 -17"><span class='ocrx_word' id='word_1_149' title='bbox 129 1969 220 2038; x_wconf 87' lang='lat' dir='ltr'>XXX.</span> <span class='ocrx_word' id='word_1_150' title='bbox 250 1973 432 2036; x_wconf 78' lang='lat' dir='ltr'><strong>Permuoaiis</strong></span> <span class='ocrx_word' id='word_1_151' title='bbox 448 1973 616 2051; x_wconf 85' lang='lat' dir='ltr'><strong>provinciis</strong></span> <span class='ocrx_word' id='word_1_152' title='bbox 632 1972 725 2034; x_wconf 87' lang='lat' dir='ltr'><strong>Siculi</strong></span> <span class='ocrx_word' id='word_1_153' title='bbox 740 1974 770 2032; x_wconf 93' lang='lat' dir='ltr'><strong>in</strong></span> <span class='ocrx_word' id='word_1_154' title='bbox 786 1977 924 2033; x_wconf 83' lang='lat' dir='ltr'><strong>sennium</strong></span> <span class='ocrx_word' id='word_1_155' title='bbox 939 1971 1032 2031; x_wconf 79' lang='lat' dir='ltr'><strong>inico-</strong></span> 
     </span>
     <span class='ocr_line' id='line_1_22' title="bbox 60 2054 1031 2135; baseline 0.003 -25"><span class='ocrx_word' id='word_1_156' title='bbox 60 2054 131 2116; x_wconf 80' lang='lat' dir='ltr'><strong>‹lucli</strong></span> <span class='ocrx_word' id='word_1_157' title='bbox 144 2057 239 2120; x_wconf 80' lang='lat' dir='ltr'><strong>multa</strong></span> <span class='ocrx_word' id='word_1_158' title='bbox 254 2057 445 2121; x_wconf 84' lang='lat' dir='ltr'><strong>deflicronis</strong></span> <span class='ocrx_word' id='word_1_159' title='bbox 460 2060 542 2135; x_wconf 82' lang='lat' dir='ltr'><strong>regis</strong></span> <span class='ocrx_word' id='word_1_160' title='bbox 559 2059 621 2118; x_wconf 87' lang='lat' dir='ltr'><strong>lide</strong></span> <span class='ocrx_word' id='word_1_161' title='bbox 633 2064 781 2132; x_wconf 82' lang='lat' dir='ltr'><strong>perpetua</strong></span> <span class='ocrx_word' id='word_1_162' title='bbox 796 2069 870 2130; x_wconf 81' lang='lat' dir='ltr'><strong>erga</strong></span> <span class='ocrx_word' id='word_1_163' title='bbox 883 2055 1031 2131; x_wconf 90' lang='lat' dir='ltr'><strong>populum</strong></span> 
     </span>
     <span class='ocr_line' id='line_1_23' title="bbox 61 2137 1030 2218; baseline 0.001 -23"><span class='ocrx_word' id='word_1_164' title='bbox 61 2137 217 2202; x_wconf 87' lang='lat' dir='ltr'><strong>llomanum</strong></span> <span class='ocrx_word' id='word_1_165' title='bbox 229 2143 328 2204; x_wconf 81' lang='lat' dir='ltr'><strong>verbo</strong></span> <span class='ocrx_word' id='word_1_166' title='bbox 339 2144 486 2215; x_wconf 74' lang='lat' dir='ltr'><strong>lecerunt,</strong></span> <span class='ocrx_word' id='word_1_167' title='bbox 502 2144 532 2202; x_wconf 92' lang='lat' dir='ltr'><strong>in</strong></span> <span class='ocrx_word' id='word_1_168' title='bbox 544 2143 671 2218; x_wconf 81' lang='lat' dir='ltr'><strong>graiium</strong></span> <span class='ocrx_word' id='word_1_169' title='bbox 685 2139 837 2216; x_wconf 84' lang='lat' dir='ltr'><strong>publicam</strong></span> <span class='ocrx_word' id='word_1_170' title='bbox 846 2146 1030 2200; x_wconf 71' lang='lat' dir='ltr'><strong>avanenses.</strong></span> 
     </span>
     <span class='ocr_line' id='line_1_24' title="bbox 61 2215 1031 2303; baseline 0.004 -27"><span class='ocrx_word' id='word_1_171' title='bbox 61 2219 269 2303; x_wconf 76' lang='lat' dir='ltr'><strong>llicronymuln</strong></span> <span class='ocrx_word' id='word_1_172' title='bbox 287 2237 326 2287; x_wconf 84' lang='lat' dir='ltr'><strong>ac</strong></span> <span class='ocrx_word' id='word_1_173' title='bbox 348 2235 458 2303; x_wconf 84' lang='lat' dir='ltr'><strong>poslco</strong></span> <span class='ocrx_word' id='word_1_174' title='bbox 471 2225 679 2303; x_wconf 86' lang='lat' dir='ltr'><strong>Hippocrolcn</strong></span> <span class='ocrx_word' id='word_1_175' title='bbox 702 2231 795 2300; x_wconf 85' lang='lat' dir='ltr'><strong>alque</strong></span> <span class='ocrx_word' id='word_1_176' title='bbox 807 2215 967 2299; x_wconf 72' lang='lat' dir='ltr'><strong>Epicyden</strong></span> <span class='ocrx_word' id='word_1_177' title='bbox 981 2228 1031 2297; x_wconf 82' lang='lat' dir='ltr'><strong>ly-</strong></span> 
     </span>
     <span class='ocr_line' id='line_1_25' title="bbox 60 2305 1030 2388; baseline 0.002 -26"><span class='ocrx_word' id='word_1_178' title='bbox 60 2318 161 2370; x_wconf 88' lang='lat' dir='ltr'><strong>mnnos</strong></span> <span class='ocrx_word' id='word_1_179' title='bbox 176 2327 246 2373; x_wconf 90' lang='lat' dir='ltr'><strong>cum</strong></span> <span class='ocrx_word' id='word_1_180' title='bbox 263 2311 303 2373; x_wconf 81' lang='lat' dir='ltr'><strong>ob</strong></span> <span class='ocrx_word' id='word_1_181' title='bbox 319 2312 379 2372; x_wconf 87' lang='lat' dir='ltr'><strong>alia</strong></span> <span class='ocrx_word' id='word_1_182' title='bbox 390 2314 455 2374; x_wconf 76' lang='lat' dir='ltr'><strong>ium</strong></span> <span class='ocrx_word' id='word_1_183' title='bbox 470 2318 599 2388; x_wconf 86' lang='lat' dir='ltr'><strong>propter</strong></span> <span class='ocrx_word' id='word_1_184' title='bbox 613 2310 816 2370; x_wconf 80' lang='lat' dir='ltr'><strong>delectionem</strong></span> <span class='ocrx_word' id='word_1_185' title='bbox 831 2306 869 2366; x_wconf 86' lang='lat' dir='ltr'><strong>ab</strong></span> <span class='ocrx_word' id='word_1_186' title='bbox 884 2305 1030 2366; x_wconf 86' lang='lat' dir='ltr'><strong>Romanis</strong></span> 
     </span>
     <span class='ocr_line' id='line_1_26' title="bbox 61 2383 1032 2457; baseline 0.003 -12"><span class='ocrx_word' id='word_1_187' title='bbox 61 2387 296 2457; x_wconf 83' lang='lat' dir='ltr'><strong>udiionnibalem</strong></span> <span class='ocrx_word' id='word_1_188' title='bbox 312 2395 429 2457; x_wconf 89' lang='lat' dir='ltr'><strong>invisos</strong></span> <span class='ocrx_word' id='word_1_189' title='bbox 446 2395 544 2457; x_wconf 87' lang='lat' dir='ltr'><strong>luisse</strong></span> <span class='ocrx_word' id='word_1_190' title='bbox 556 2395 629 2455; x_wconf 85' lang='lat' dir='ltr'><strong>sibi.</strong></span> <span class='ocrx_word' id='word_1_191' title='bbox 650 2394 771 2454; x_wconf 86' lang='lat' dir='ltr'><strong>obeam</strong></span> <span class='ocrx_word' id='word_1_192' title='bbox 787 2401 912 2454; x_wconf 87' lang='lat' dir='ltr'><strong>oausam</strong></span> <span class='ocrx_word' id='word_1_193' title='bbox 925 2383 1032 2450; x_wconf 82' lang='lat' dir='ltr'><strong>elilie·</strong></span> 
     </span>
     <span class='ocr_line' id='line_1_27' title="bbox 61 2473 1030 2558; baseline 0.005 -32"><span class='ocrx_word' id='word_1_194' title='bbox 61 2486 209 2551; x_wconf 70' lang='lat' dir='ltr'><strong>ronymum</strong></span> <span class='ocrx_word' id='word_1_195' title='bbox 226 2496 245 2540; x_wconf 87' lang='lat' dir='ltr'><strong>o</strong></span> <span class='ocrx_word' id='word_1_196' title='bbox 260 2480 452 2558; x_wconf 85' lang='lat' dir='ltr'><strong>principibus</strong></span> <span class='ocrx_word' id='word_1_197' title='bbox 472 2479 638 2540; x_wconf 74' lang='lat' dir='ltr'><strong>iuventutis</strong></span> <span class='ocrx_word' id='word_1_198' title='bbox 650 2493 752 2554; x_wconf 84' lang='lat' dir='ltr'><strong>prope</strong></span> <span class='ocrx_word' id='word_1_199' title='bbox 767 2475 888 2552; x_wconf 89' lang='lat' dir='ltr'><strong>publico</strong></span> <span class='ocrx_word' id='word_1_200' title='bbox 904 2473 1030 2536; x_wconf 90' lang='lat' dir='ltr'><strong>consilio</strong></span> 
     </span>
     <span class='ocr_line' id='line_1_28' title="bbox 62 2554 1032 2644; baseline 0.005 -33"><span class='ocrx_word' id='word_1_201' title='bbox 62 2554 255 2638; x_wconf 75' lang='lat' dir='ltr'><strong>interiectum,</strong></span> <span class='ocrx_word' id='word_1_202' title='bbox 284 2572 316 2626; x_wconf 84' lang='lat' dir='ltr'><strong>el</strong></span> <span class='ocrx_word' id='word_1_203' title='bbox 333 2565 364 2624; x_wconf 87' lang='lat' dir='ltr'><strong>in</strong></span> <span class='ocrx_word' id='word_1_204' title='bbox 385 2565 536 2644; x_wconf 84' lang='lat' dir='ltr'><strong>Epicydis</strong></span> <span class='ocrx_word' id='word_1_205' title='bbox 558 2562 816 2638; x_wconf 82' lang='lat' dir='ltr'><strong>Hippocralisque</strong></span> <span class='ocrx_word' id='word_1_206' title='bbox 837 2559 963 2620; x_wconf 84' lang='lat' dir='ltr'><strong>eoadem</strong></span> <span class='ocrx_word' id='word_1_207' title='bbox 982 2571 1032 2617; x_wconf 87' lang='lat' dir='ltr'><strong>se-</strong></span> 
     </span>
     <span class='ocr_line' id='line_1_29' title="bbox 62 2645 1031 2720; baseline -0.012 -8"><span class='ocrx_word' id='word_1_208' title='bbox 62 2646 204 2720; x_wconf 74' lang='lat' dir='ltr'><strong>lanugine</strong></span> <span class='ocrx_word' id='word_1_209' title='bbox 219 2646 480 2710; x_wconf 85' lang='lat' dir='ltr'><strong>nobilissimorum</strong></span> <span class='ocrx_word' id='word_1_210' title='bbox 494 2649 640 2708; x_wconf 86' lang='lat' dir='ltr'><strong>iuvenum</strong></span> <span class='ocrx_word' id='word_1_211' title='bbox 655 2647 894 2706; x_wconf 80' lang='lat' dir='ltr'><strong>coniurationem</strong></span> <span class='ocrx_word' id='word_1_212' title='bbox 906 2645 1031 2712; x_wconf 69' lang='lat' dir='ltr'><strong>laciom3</strong></span> 
     </span>
     <span class='ocr_line' id='line_1_30' title="bbox 61 2727 1032 2806; baseline -0.012 -9"><span class='ocrx_word' id='word_1_213' title='bbox 61 2741 131 2797; x_wconf 61' lang='lat' dir='ltr'><strong>&lt;illos</strong></span> <span class='ocrx_word' id='word_1_214' title='bbox 144 2727 282 2793; x_wconf 85' lang='lat' dir='ltr'><strong>Marcelli</strong></span> <span class='ocrx_word' id='word_1_215' title='bbox 302 2745 389 2794; x_wconf 86' lang='lat' dir='ltr'><strong>moro</strong></span> <span class='ocrx_word' id='word_1_216' title='bbox 412 2733 590 2805; x_wconf 87' lang='lat' dir='ltr'><strong>deslilulcs,</strong></span> <span class='ocrx_word' id='word_1_217' title='bbox 614 2731 686 2806; x_wconf 88' lang='lat' dir='ltr'><strong>quio</strong></span> <span class='ocrx_word' id='word_1_218' title='bbox 700 2731 739 2790; x_wconf 86' lang='lat' dir='ltr'><strong>ad</strong></span> <span class='ocrx_word' id='word_1_219' title='bbox 758 2727 1032 2804; x_wconf 64' lang='lat' dir='ltr'><strong>praediolum‘lem·</strong></span> 
     </span>
     <span class='ocr_line' id='line_1_31' title="bbox 64 2808 1033 2895; baseline -0.011 -16"><span class='ocrx_word' id='word_1_220' title='bbox 64 2821 113 2879; x_wconf 88' lang='lat' dir='ltr'><strong>pus</strong></span> <span class='ocrx_word' id='word_1_221' title='bbox 137 2819 302 2878; x_wconf 75' lang='lat' dir='ltr'><strong>exercitum</strong></span> <span class='ocrx_word' id='word_1_222' title='bbox 327 2817 367 2878; x_wconf 87' lang='lat' dir='ltr'><strong>ad</strong></span> <span class='ocrx_word' id='word_1_223' title='bbox 394 2817 568 2895; x_wconf 84' lang='lat' dir='ltr'><strong>Syracusas</strong></span> <span class='ocrx_word' id='word_1_224' title='bbox 595 2821 658 2874; x_wconf 86' lang='lat' dir='ltr'><strong>non</strong></span> <span class='ocrx_word' id='word_1_225' title='bbox 685 2815 888 2886; x_wconf 79' lang='lat' dir='ltr'><strong>admovisset,</strong></span> <span class='ocrx_word' id='word_1_226' title='bbox 920 2808 1033 2870; x_wconf 88' lang='lat' dir='ltr'><strong>indicio</strong></span> 
     </span>
     <span class='ocr_line' id='line_1_32' title="bbox 63 2891 1032 2980; baseline 0.006 -35"><span class='ocrx_word' id='word_1_227' title='bbox 63 2891 132 2956; x_wconf 80' lang='lat' dir='ltr'><strong>lucio</strong></span> <span class='ocrx_word' id='word_1_228' title='bbox 149 2912 256 2963; x_wconf 85' lang='lat' dir='ltr'><strong>omncs</strong></span> <span class='ocrx_word' id='word_1_229' title='bbox 271 2902 311 2962; x_wconf 87' lang='lat' dir='ltr'><strong>ab</strong></span> <span class='ocrx_word' id='word_1_230' title='bbox 325 2903 465 2980; x_wconf 79' lang='lat' dir='ltr'><strong>tyrannis</strong></span> <span class='ocrx_word' id='word_1_231' title='bbox 479 2899 668 2962; x_wconf 79' lang='lat' dir='ltr'><strong>interlectos.</strong></span> <span class='ocrx_word' id='word_1_232' title='bbox 695 2909 763 2957; x_wconf 80' lang='lat' dir='ltr'><strong>eam</strong></span> <span class='ocrx_word' id='word_1_233' title='bbox 776 2909 903 2974; x_wconf 59' lang='lat' dir='ltr'><strong>‘quoque</strong></span> <span class='ocrx_word' id='word_1_234' title='bbox 916 2894 1032 2968; x_wconf 87' lang='lat' dir='ltr'><strong>Hippo-</strong></span> 
     </span>
     <span class='ocr_line' id='line_1_33' title="bbox 62 2978 1033 3063; baseline -0.007 -23"><span class='ocrx_word' id='word_1_235' title='bbox 62 2980 142 3042; x_wconf 80' lang='lat' dir='ltr'><strong>cruos</strong></span> <span class='ocrx_word' id='word_1_236' title='bbox 155 2994 186 3046; x_wconf 85' lang='lat' dir='ltr'><strong>el</strong></span> <span class='ocrx_word' id='word_1_237' title='bbox 198 2982 349 3062; x_wconf 80' lang='lat' dir='ltr'><strong>Epicydis</strong></span> <span class='ocrx_word' id='word_1_238' title='bbox 362 2987 556 3063; x_wconf 77' lang='lat' dir='ltr'><strong>tyrannidem</strong></span> <span class='ocrx_word' id='word_1_239' title='bbox 573 2983 748 3042; x_wconf 83' lang='lat' dir='ltr'><strong>Marcellum</strong></span> <span class='ocrx_word' id='word_1_240' title='bbox 767 2981 922 3040; x_wconf 74' lang='lat' dir='ltr'><strong>excitasse</strong></span> <span class='ocrx_word' id='word_1_241' title='bbox 935 2978 1033 3036; x_wconf 85' lang='lat' dir='ltr'><strong>Leon·</strong></span> 
     </span>
     <span class='ocr_line' id='line_1_34' title="bbox 65 3057 1033 3146; baseline 0.002 -32"><span class='ocrx_word' id='word_1_242' title='bbox 65 3059 123 3123; x_wconf 88' lang='lat' dir='ltr'><strong>linis</strong></span> <span class='ocrx_word' id='word_1_243' title='bbox 136 3067 299 3131; x_wconf 71' lang='lat' dir='ltr'><strong>crudeliter</strong></span> <span class='ocrx_word' id='word_1_244' title='bbox 313 3069 452 3146; x_wconf 73' lang='lat' dir='ltr'><strong>direptis.</strong></span> <span class='ocrx_word' id='word_1_245' title='bbox 488 3083 656 3142; x_wconf 82' lang='lat' dir='ltr'><strong>numquam</strong></span> <span class='ocrx_word' id='word_1_246' title='bbox 671 3065 783 3126; x_wconf 89' lang='lat' dir='ltr'><strong>deinde</strong></span> <span class='ocrx_word' id='word_1_247' title='bbox 804 3063 958 3140; x_wconf 88' lang='lat' dir='ltr'><strong>principes</strong></span> <span class='ocrx_word' id='word_1_248' title='bbox 974 3057 1033 3130; x_wconf 82' lang='lat' dir='ltr'><strong>Sy·</strong></span> 
     </span>
     <span class='ocr_line' id='line_1_35' title="bbox 66 3140 1033 3232; baseline -0.008 -26"><span class='ocrx_word' id='word_1_249' title='bbox 66 3157 271 3215; x_wconf 70' lang='lat' dir='ltr'><strong>racusanorum</strong></span> <span class='ocrx_word' id='word_1_250' title='bbox 293 3153 416 3214; x_wconf 85' lang='lat' dir='ltr'><strong>desisse</strong></span> <span class='ocrx_word' id='word_1_251' title='bbox 437 3153 477 3213; x_wconf 83' lang='lat' dir='ltr'><strong>ad</strong></span> <span class='ocrx_word' id='word_1_252' title='bbox 490 3151 669 3212; x_wconf 82' lang='lat' dir='ltr'><strong>Marcellum</strong></span> <span class='ocrx_word' id='word_1_253' title='bbox 683 3149 813 3209; x_wconf 73' lang='lat' dir='ltr'><strong>transire</strong></span> <span class='ocrx_word' id='word_1_254' title='bbox 833 3140 1033 3232; x_wconf 74' lang='lat' dir='ltr'><strong>pollicerique</strong></span> 
     </span>
     <span class='ocr_line' id='line_1_36' title="bbox 67 3225 1033 3322; baseline -0.01 -28"><span class='ocrx_word' id='word_1_255' title='bbox 67 3241 95 3286; x_wconf 75' lang='lat' dir='ltr'><strong>se</strong></span> <span class='ocrx_word' id='word_1_256' title='bbox 110 3235 226 3314; x_wconf 72' lang='lat' dir='ltr'><strong>lubun,</strong></span> <span class='ocrx_word' id='word_1_257' title='bbox 249 3251 318 3298; x_wconf 88' lang='lat' dir='ltr'><strong>cum</strong></span> <span class='ocrx_word' id='word_1_258' title='bbox 338 3235 447 3312; x_wconf 85' lang='lat' dir='ltr'><strong>vellet,</strong></span> <span class='ocrx_word' id='word_1_259' title='bbox 470 3239 498 3298; x_wconf 90' lang='lat' dir='ltr'><strong>ei</strong></span> <span class='ocrx_word' id='word_1_260' title='bbox 517 3235 701 3304; x_wconf 75' lang='lat' dir='ltr'><strong>tradnuros3</strong></span> <span class='ocrx_word' id='word_1_261' title='bbox 724 3232 781 3292; x_wconf 85' lang='lat' dir='ltr'><strong>scd</strong></span> <span class='ocrx_word' id='word_1_262' title='bbox 797 3243 869 3290; x_wconf 83' lang='lat' dir='ltr'><strong>cum</strong></span> <span class='ocrx_word' id='word_1_263' title='bbox 889 3225 986 3322; x_wconf 84' lang='lat' dir='ltr'><strong>primo</strong></span> <span class='ocrx_word' id='word_1_264' title='bbox 1002 3235 1033 3318; x_wconf 62' lang='grc' dir='ltr'><strong>γι</strong></span> 
     </span>
     <span class='ocr_line' id='line_1_37' title="bbox 67 3319 1033 3397; baseline -0.012 -21"><span class='ocrx_word' id='word_1_265' title='bbox 67 3325 162 3388; x_wconf 74' lang='lat' dir='ltr'><strong>capere</strong></span> <span class='ocrx_word' id='word_1_266' title='bbox 181 3322 346 3392; x_wconf 85' lang='lat' dir='ltr'><strong>maluisse;</strong></span> <span class='ocrx_word' id='word_1_267' title='bbox 369 3319 456 3397; x_wconf 87' lang='lat' dir='ltr'><strong>dein,</strong></span> <span class='ocrx_word' id='word_1_268' title='bbox 480 3329 549 3382; x_wconf 83' lang='lat' dir='ltr'><strong>cu&#39;m</strong></span> <span class='ocrx_word' id='word_1_269' title='bbox 573 3319 604 3378; x_wconf 93' lang='lat' dir='ltr'><strong>id</strong></span> <span class='ocrx_word' id='word_1_270' title='bbox 626 3331 727 3391; x_wconf 88' lang='lat' dir='ltr'><strong>noque</strong></span> <span class='ocrx_word' id='word_1_271' title='bbox 741 3322 822 3374; x_wconf 84' lang='lat' dir='ltr'><strong>lerna</strong></span> <span class='ocrx_word' id='word_1_272' title='bbox 834 3325 910 3369; x_wconf 89' lang='lat' dir='ltr'><strong>marr</strong></span> <span class='ocrx_word' id='word_1_273' title='bbox 931 3319 1033 3366; x_wconf 87' lang='lat' dir='ltr'><strong>omma</strong></span> 
     </span>
     <span class='ocr_line' id='line_1_38' title="bbox 68 3386 1031 3484; baseline -0.006 -20"><span class='ocrx_word' id='word_1_274' title='bbox 68 3408 193 3473; x_wconf 72' lang='lat' dir='ltr'><strong>llatinus</strong></span> <span class='ocrx_word' id='word_1_275' title='bbox 209 3406 377 3484; x_wconf 85' lang='lat' dir='ltr'><strong>potuisset,</strong></span> <span class='ocrx_word' id='word_1_276' title='bbox 401 3411 543 3466; x_wconf 75' lang='lat' dir='ltr'><strong>auctores</strong></span> <span class='ocrx_word' id='word_1_277' title='bbox 560 3401 736 3462; x_wconf 81' lang='lat' dir='ltr'><strong>traditarum</strong></span> <span class='ocrx_word' id='word_1_278' title='bbox 751 3396 974 3472; x_wconf 79' lang='lat' dir='ltr'><strong>Syracusarum</strong></span> <span class='ocrx_word' id='word_1_279' title='bbox 987 3386 1031 3482; x_wconf 64' lang='lat' dir='ltr'><strong>sil·</strong></span> 
     </span>
     <span class='ocr_line' id='line_1_39' title="bbox 69 3473 1016 3555; baseline 0.001 -22"><span class='ocrx_word' id='word_1_280' title='bbox 69 3473 138 3545; x_wconf 84' lang='lat' dir='ltr'><strong>brum</strong></span> <span class='ocrx_word' id='word_1_281' title='bbox 150 3491 302 3552; x_wconf 83' lang='lat' dir='ltr'><strong>aerarium</strong></span> <span class='ocrx_word' id='word_1_282' title='bbox 318 3487 421 3550; x_wconf 89' lang='lat' dir='ltr'><strong>Sosim</strong></span> <span class='ocrx_word' id='word_1_283' title='bbox 436 3495 467 3549; x_wconf 87' lang='lat' dir='ltr'><strong>el</strong></span> <span class='ocrx_word' id='word_1_284' title='bbox 478 3487 648 3548; x_wconf 86' lang='lat' dir='ltr'><strong>Moericum</strong></span> <span class='ocrx_word' id='word_1_285' title='bbox 662 3482 832 3555; x_wconf 89' lang='lat' dir='ltr'><strong>Hispanum</strong></span> <span class='ocrx_word' id='word_1_286' title='bbox 848 3489 939 3552; x_wconf 87' lang='lat' dir='ltr'><strong>quam</strong></span> <span class='ocrx_word' id='word_1_287' title='bbox 953 3485 1016 3547; x_wconf 54' lang='lat' dir='ltr'><strong>pl*</strong></span> 
     </span>
    </p>
   </div>
   <div class='ocr_carea' id='block_1_3' title="bbox 0 0 1218 3892">
    <p class='ocr_par' dir='ltr' id='par_1_4' title="bbox 0 0 1218 3892">
     <span class='ocr_line' id='line_1_40' title="bbox 0 0 1218 3892; baseline 0 0"><span class='ocrx_word' id='word_1_288' title='bbox 0 0 1218 3892; x_wconf 95' lang='lat' dir='ltr'><strong> </strong></span> 
     </span>
    </p>
   </div>
  </div>
 </body>
</html>
