2428 3892
236 193 350 254 LIBER
364 194 458 258 XXV.
482 195 680 262 Olmii-27.
703 204 739 272 [a.
756 203 868 272 stili]
997 197 1039 262 83
1118 251 1121 256 .

75 357 142 424 erat,
161 349 291 426 appulsa
311 357 372 425 est,
394 365 434 410 ne
455 351 530 427 quid
551 351 696 427 praesidii
711 351 852 428 crispino
872 351 1039 416 submittia

74 432 202 494 llarcello
223 439 342 510 posset.
377 435 536 496 tumultum
551 442 651 495 tamen
666 436 813 498 maiorem
826 437 934 498 hostes
949 454 1038 514 prae·

72 517 187 576 buerunt
207 533 300 593 quam
321 524 485 580 certamen.
517 533 589 580 nam
609 527 639 582 ct
658 519 816 598 crispinus
830 521 1038 598 Hippocraten

70 616 122 661 norr
140 601 271 677 reppulit
291 608 406 663 tanturn
425 603 620 664 munimentis
642 605 699 664 sed
712 605 871 667 insecutus
886 607 976 667 etiam
991 613 1039 667 est

68 683 174 760 trepide
187 684 369 762 lugienteme
392 695 422 747 et
434 687 597 767 Epicyden
610 687 774 750 Marcellus
789 690 820 749 in
833 691 941 751 urbem
956 705 1040 750 com·

67 767 141 842 pulit
163 768 302 847 satisque
314 771 374 831 iarn
385 771 476 832 etium
488 771 517 831 in
529 777 687 848 posterum
697 772 859 835 videbatur
870 775 1037 850 provisum.

66 851 181 928 nequid
194 852 232 913 ab
247 854 418 931 repentinis
432 871 538 917 eorum
554 855 791 918 excursionibus
806 857 933 934 periculi
949 859 1036 919 loret.

67 935 183 998 accessit
203 943 235 998 et
254 937 296 1000 ab
318 936 491 1015 pestilentia
511 956 672 1003 commune
692 943 820 1017 malum,
842 942 927 1018 quod
949 942 1038 1002 lacilc

66 1025 249 1098 utrorumque
269 1023 391 1085 animos
414 1031 566 1085 averteret
579 1042 599 1085 a
612 1025 683 1085 belli
698 1025 844 1087 consiliis.
877 1042 948 1086 nam
963 1031 1033 1086 tem-

65 1119 130 1177 pore
142 1106 278 1168 autumni
294 1114 326 1169 ct
338 1108 416 1169 locis
431 1115 539 1169 natum
549 1109 706 1185 gravibus,
720 1111 815 1170 multo
828 1116 927 1170 tamen
938 1109 1037 1184 rengis

66 1195 138 1248 extra
159 1190 268 1250 urbem
292 1207 385 1267 quam
405 1191 436 1252 in
456 1192 548 1267 urbe,
573 1192 765 1254 intoleranda
786 1193 833 1254 vis
855 1200 959 1254 aestus
982 1207 1038 1268 per

70 1277 178 1349 utruque
199 1281 305 1336 castra
326 1275 461 1338 omnium
481 1277 578 1337 lermc
597 1292 730 1353 corpora
749 1276 852 1338 movit
886 1292 922 1336 ac
938 1276 1036 1352 primo

71 1357 195 1432 temporis
210 1375 249 1420 ac
264 1359 328 1420 loci
341 1359 415 1421 vitio
430 1366 462 1421 et
472 1361 555 1436 aegri
570 1367 658 1422 erant
670 1367 701 1422 et
713 1359 936 1430 moriebantur;
951 1366 1025 1436 post

70 1454 99 1500 ca
116 1443 224 1505 curatio
246 1444 321 1520 ipsa
339 1449 369 1504 et
389 1450 549 1507 contactus
564 1460 727 1521 aegromm
740 1445 886 1520 vulgabat
899 1444 1034 1516 morbos,

66 1529 91 1583 ut
103 1531 150 1586 aut
161 1528 294 1604 neglecti
310 1528 487 1605 desertique
503 1529 556 1605 qui
570 1529 752 1591 incidissent
765 1534 963 1604 morerentur,
982 1533 1038 1591 »uui

66 1607 226 1672 adsidentes
250 1618 462 1689 curantesque
482 1613 590 1674 eadem
611 1614 643 1674 vi
662 1613 760 1675 morbi
780 1614 916 1690 repletos
930 1628 1036 1675 secum

31 1705 33 1716 ’
66 1691 216 1771 traherent,
239 1697 486 1774 quotidianaque
500 1697 608 1758 lunera
622 1704 653 1759 et
666 1714 749 1759 mors
766 1698 805 1758 ob
820 1699 928 1760 oculos
944 1704 1036 1769 esset,

66 1775 186 1854 undique
211 1779 283 1840 dies
305 1786 477 1857 noctesque
497 1783 637 1856 ploratus
658 1781 851 1843 audirentur·
880 1788 1036 1857 postremo

66 1863 98 1918 ta
114 1863 410 1926 adsuetudinemali
430 1863 636 1927 efferaverant
657 1866 791 1941 unisone,
813 1871 846 1926 ut
866 1881 927 1927 non
942 1864 1035 1925 modo

65 1943 180 2007 lacunis
209 1949 358 2025 iustoque
383 1948 576 2025 comploratu
601 1955 863 2026 prosequerentur
888 1954 1034 2017 mortuos,

65 2027 111 2088 sed
124 2045 159 2090 ne
174 2031 323 2095 efferrent
337 2033 462 2109 quidem
477 2038 530 2093 eut
543 2033 718 2109 sepelirent,
732 2034 929 2107 iacerentque
941 2035 1037 2090 strata

64 2113 189 2175 exanima
215 2131 350 2193 corpora
375 2117 407 2177 in
429 2123 601 2193 conspectu
624 2118 754 2178 similem
774 2123 902 2176 mortem
923 2129 1033 2188 exspe-

65 2197 206 2276 ctantium,
228 2200 406 2276 mortuique
425 2215 538 2278 aegros
559 2201 643 2276 aegri
657 2200 777 2262 validos
793 2215 862 2260 cum
876 2205 957 2259 metu
973 2202 1036 2257 tum

64 2279 120 2342 tabe
133 2299 169 2344 ac
182 2285 335 2360 pestifero
351 2285 450 2347 odore
465 2300 631 2361 corporum
647 2284 842 2347 conficerent.
864 2287 894 2343 et
907 2288 940 2341 ut
953 2282 1034 2340 lerro

64 2365 152 2436 potius
171 2375 383 2443 morerentur,
406 2369 532 2445 quidam
551 2369 739 2430 invadebant
753 2367 811 2429 soli
825 2365 958 2427 hostium
973 2371 1036 2424 sta-

35 2521 39 2533 ·
64 2447 159 2511 tiones.
189 2455 287 2514 multo
315 2459 416 2514 tumen
436 2451 485 2514 vis
503 2452 604 2528 vmaior
625 2453 721 2528 pestis
741 2451 914 2513 Poenorum
934 2455 1035 2510 castra

63 2547 140 2605 quam
163 2536 363 2598 Romana-
377 2537 430 2598 diu
460 2536 715 2598 circumsedendo
744 2535 918 2614 Syracusas
948 2532 1033 2593 caelo

36 2656 39 2666 .
64 2617 201 2695 aquisque
222 2618 393 2684 adsuerant
412 2620 567 2696 magis-
582 2619 704 2682 invasit.
740 2633 779 2678 ex
793 2618 927 2680 hostiurn
947 2632 1033 2678 exer·

62 2698 112 2761 citu
132 2701 241 2780 Siculi,
267 2710 302 2765 ut
321 2705 456 2783 primum
481 2704 588 2764 videre
608 2719 648 2764 ex
668 2702 815 2779 gravitate
836 2702 897 2763 loci
917 2699 1034 2776 vulgari
1075 2746 1077 2750 .

62 2785 189 2864 morbos,
210 2788 243 2850 iu
265 2805 341 2851 suas
357 2789 493 2866 quisque
507 2787 699 2864 propinquas
712 2785 806 2847 urbes
822 2785 933 2861 dilapsi
948 2787 1033 2843 sunt=

62 2869 380 2948 atcarthuginienses,
403 2873 517 2950 quibus
532 2887 686 2946 nusquam
706 2876 850 2946 receptus
866 2875 944 2942 erat,
966 2882 1033 2962 curn

62 2949 126 3026 ipsis
147 2955 280 3019 ducibus
294 2957 486 3034 Hippocrate
507 2961 600 3031 atque
612 2953 784 3016 Himilcone
797 2953 837 3013 ud
851 2952 1032 3012 internecio·

63 3050 120 3099 nem
140 3055 248 3102 omnes
269 3041 437 3118 perierunt.
468 3039 649 3113 Marcellus,
670 3042 704 3098 ut
717 3042 801 3098 tanta
813 3035 860 3096 vis
875 3031 1034 3108 ingruebat

62 3121 135 3198 mali,
155 3125 336 3188 traduxerat
355 3125 387 3186 in
401 3124 510 3186 urbem
523 3138 598 3184 suos
612 3121 794 3196 intimusque
807 3130 939 3193 corpora
952 3117 1033 3208 tecta

64 3210 87 3264 ct
97 3207 220 3271 unbrae
232 3214 462 3271 recreaverunt.
484 3206 569 3269 multi
582 3213 682 3268 tumen
697 3220 736 3265 ex
747 3205 884 3263 Romano
897 3199 1032 3256 exercitu

65 3290 159 3354 eaden
173 3301 263 3370 peste
278 3291 436 3369 absumpti
450 3297 531 3354 sunt.

133 3376 252 3440 XXVII.
275 3377 385 3438 Deleto
407 3374 544 3438 terrestri
560 3371 674 3433 Punico
695 3367 831 3430 exercitu
847 3359 955 3430 Siculi,
978 3358 1031 3430 qui
1123 3413 1133 3420 .

66 3453 247 3536 Hippocratis
265 3461 378 3522 milites
395 3461 515 3522 lucrant
529 3453 562 3496 **
579 3454 659 3515 baud
675 3441 928 3586 magna‘oppida²
951 3445 1030 3498 cete·
