2448 3900
192 253 256 319 336
352 253 468 316 LIBER
481 252 571 314 XXX.
595 250 677 314 CAP.
693 260 735 315 lt.
748 259 791 312 15.
814 257 851 325 [a.
867 255 903 308 U.
919 273 943 308 c.
958 255 1023 322 549]

193 423 273 487 quas
286 405 341 469 tibi
356 403 549 483 appetendus
565 403 651 465 visus
666 403 732 480 sim,
748 419 811 480 qua
824 417 882 480 ego
899 418 999 478 aeque
1011 417 1050 463 ac
1062 412 1178 480 tempe

191 493 291 556 rantio
305 497 337 551 et
351 487 537 552 continentia
556 487 715 549 libidinum
735 487 883 562 gloriatus
898 485 1019 547 luerim.
1054 487 1139 548 hano
1153 496 1180 550 tc

193 590 318 654 quoque
332 574 373 635 od
388 581 507 635 ceteras
521 579 590 634 tuas
606 571 735 632 eximias
752 571 894 648 virtutes,
915 569 1109 646 Masinissa,
1131 573 1179 632 ad·

101 687 103 690 ·
191 661 304 722 iecisse
323 658 424 719 velini.
461 674 523 720 non
538 663 600 732 est,
621 673 683 718 non
697 690 740 702 -
754 655 826 716 milii
841 656 934 717 crede
947 689 992 701 —
1006 661 1133 716 tantum
1147 656 1180 716 ab

190 744 333 806 hostibus
354 741 479 804 armatis
499 741 608 804 aetatis
623 749 748 803 nostrae
762 741 948 816 periculum,
972 747 1133 816 quantum
1147 740 1180 800 ab

191 827 385 890 circumltisls
411 825 547 903 undique
571 825 789 902 voluptatibus.
827 826 878 902 qui
898 840 952 885 eas
972 824 1180 901 temperantia

128 937 132 944 ⁴
191 929 249 976 sua
269 912 399 996 benedt
418 926 455 972 ac
470 910 601 985 domuit,
624 911 718 972 multo
739 909 838 970 andus
853 910 949 970 decus
964 911 1181 986 maioremque

189 995 348 1058 uictoriam
363 994 422 1058 sibi
437 995 565 1070 peperit,
582 1011 674 1071 quam
692 1011 750 1056 nos
763 993 909 1073 Syphace
919 993 1002 1055 ricto
1015 995 1180 1055 habemus.

191 1096 272 1157 quae
294 1096 344 1141 me
364 1080 492 1142 absente
516 1084 640 1141 suenus
662 1095 699 1141 ac
719 1079 835 1140 fortiter
855 1077 969 1153 iecisti,
996 1079 1140 1140 libenter
1158 1086 1182 1138 et

191 1163 428 1228 commemoravi
443 1169 473 1224 et
486 1163 624 1224 memini=
646 1169 748 1224 cetera
762 1171 792 1225 te
805 1163 907 1239 ipsum
917 1170 1074 1239 reputare
1087 1170 1181 1225 tecum

191 1265 283 1325 quam
305 1265 354 1310 me
375 1248 497 1309 dicente
517 1247 701 1309 erubescere
715 1249 806 1308 malo.
844 1247 973 1326 Syphax
989 1249 1111 1324 populi
1126 1249 1178 1309 Ro

189 1333 271 1394 mani
286 1332 545 1410 auspiciis·victus
559 1338 732 1408 captusque
744 1339 800 1393 est.
820 1332 924 1410 itaque
934 1332 1017 1409 ipse,
1034 1333 1180 1406 coniunx,

189 1433 332 1493 regnum,
347 1431 421 1492 ager
435 1421 467 1477 et
481 1416 611 1493 oppida,
626 1416 768 1479 homines
784 1417 836 1493 qui
849 1416 1005 1490 incolunt,
1026 1418 1180 1494 quidquid

190 1500 323 1576 denique
338 1499 493 1580 Syphacis
509 1500 577 1574 luit,
599 1501 716 1576 praeda
731 1500 838 1579 populi
851 1500 983 1563 Romani
1000 1510 1071 1577 est,
1095 1510 1127 1564 et
1139 1518 1179 1562 re·

188 1599 258 1660 gem
273 1583 497 1661 coniugemque
511 1583 588 1658 eius,
609 1585 806 1647 etiamsinon
821 1585 897 1646 civis
912 1583 1178 1662 Carthaginiensis

189 1674 282 1742 esset,
298 1667 417 1728 etamsi
431 1684 494 1730 non
505 1676 622 1744 patrem
635 1669 702 1730 eius
714 1670 929 1746 imperatorem
940 1667 1087 1732 hostium
1099 1670 1176 1731 vide

187 1767 301 1827 remus,
316 1751 445 1818 Romam
462 1759 619 1827 oporteret
631 1753 715 1828 niitti,
733 1770 770 1814 ae
784 1761 911 1814 senatus
926 1756 1109 1831 populique
1122 1757 1174 1815 Ro·

187 1835 269 1896 mani
290 1834 330 1895 de
350 1850 387 1895 ea
407 1834 553 1898 iudicium
573 1841 665 1912 atque
685 1838 842 1899 arbitrium
863 1853 950 1912 esse,
973 1855 1062 1914 quae
1077 1855 1173 1916 regen

188 1919 308 1982 soeiurn
328 1919 419 1982 nobis
434 1920 589 1981 alienasse
602 1929 695 1997 atque
710 1922 740 1982 in
756 1938 841 1983 arma
856 1921 958 1998 egisse
972 1924 1174 2000 praecipitem

188 2003 315 2066 dicatur.
348 2003 439 2066 vince
460 2005 609 2076 animum
638 2021 714 2066 cave
729 2007 884 2068 deformes
905 2007 1001 2068 multa
1015 2008 1105 2069 bona
1120 2023 1174 2069 uno

187 2088 270 2164 vitio,
284 2096 316 2151 et
328 2095 373 2150 tot
386 2090 562 2152 meritomio
576 2088 705 2165 gratiam
720 2092 836 2151 maiore
851 2091 951 2166 culpa,
968 2107 1067 2167 quam
1085 2108 1175 2154 causa

187 2173 381 2248 culpasset,
402 2177 613 2249 corrumpas“.
649 2173 716 2234 XV.
738 2173 923 2236 Masinissae
944 2175 1023 2236 haec
1040 2177 1175 2238 audienti

186 2274 248 2319 non
272 2256 369 2319 rubor
388 2260 488 2320 solmn
511 2255 650 2319 suffusus
671 2260 729 2319 sed
749 2259 893 2320 lacrimae
914 2259 1006 2320 ctiam
1028 2260 1174 2329 obortam

187 2350 218 2404 et
233 2357 302 2404 cum
317 2358 353 2403 se
369 2343 492 2418 quidem
507 2343 537 2403 in
552 2349 705 2418 potestate
719 2343 852 2404 loturum
867 2342 1065 2419 imperatoris
1081 2344 1175 2405 dixis·

185 2433 248 2502 set,
271 2433 453 2503 orassetque
475 2443 543 2488 euin
558 2433 607 2501 ut,
629 2434 774 2503 quantum
788 2444 840 2488 res
856 2427 986 2500 sineret,
1008 2427 1086 2490 fidei
1103 2443 1175 2489 suae

185 2518 301 2572 temere
322 2510 488 2573 obstrictae
502 2511 692 2582 consulerem
716 2511 897 2588 promisisse
912 2511 994 2572 enim
1009 2526 1049 2572 se
1062 2513 1095 2572 iii
1112 2513 1174 2572 nul·

186 2593 244 2655 lius
260 2601 443 2669 potestatem
458 2611 525 2655 cain
539 2593 733 2665 auditurum
761 2611 800 2656 ex
815 2595 970 2671 praetorio
985 2595 1016 2655 in
1032 2595 1173 2658 taberna·

184 2680 288 2739 culum
303 2694 393 2738 suuni
409 2679 557 2740 contusus
574 2677 737 2742 concessit.
763 2679 804 2740 lbi
821 2677 943 2740 arbitris
958 2681 1089 2740 remotis
1108 2696 1173 2742 cum

185 2761 295 2823 crebro
310 2761 459 2835 suspiritu
470 2770 500 2823 et
514 2762 637 2839 gemitu,
654 2764 739 2840 quod
750 2763 839 2824 facile
851 2763 890 2823 ab
903 2764 1173 2825 circumstantibus

186 2843 415 2906 tabernaculum
430 2847 569 2908 exaudiri
583 2855 707 2923 posset,
730 2847 918 2924 aliquantum
932 2847 1085 2923 temporis
1104 2865 1172 2908 con·

186 2929 387 3006 sumpsisset,
409 2929 523 3005 ingenti
545 2931 585 2992 ad
606 2939 797 3007 postremum
811 2932 893 2992 edito
913 2933 1027 3008 gemitu
1044 2931 1173 2993 lidume
1214 2968 1215 2985 i

185 3013 285 3075 servis
306 3021 413 3090 vocat,
436 3014 494 3075 sub
514 3015 602 3076 cuius
624 3016 767 3078 custodia
780 3015 865 3091 regio
887 3032 973 3078 more
994 3017 1036 3076 ad
1057 3017 1172 3077 incerta

185 3099 327 3160 romonae
341 3115 493 3160 venenum
508 3105 581 3173 erat
603 3107 634 3160 ct
647 3100 774 3161 mixtum
788 3099 818 3160 in
833 3101 946 3174 poculo
961 3100 1045 3160 lerre
1059 3101 1102 3161 ad
1118 3100 1170 3161 So·
1213 3147 1214 3180 3

186 3182 353 3256 phonibam
373 3183 472 3255 iubet,
498 3199 535 3243 ao
555 3183 644 3244 simul
665 3185 804 3245 nuntiare
822 3183 1020 3246 Masinissam
1042 3184 1170 3246 libenter
1213 3182 1214 3246 l

186 3265 312 3338 primam
329 3265 357 3325 ei
372 3266 465 3326 tidem
480 3273 706 3342 praestaturum
721 3269 828 3344 luisse,
844 3284 935 3345 quam
951 3270 999 3329 vir
1012 3269 1106 3330 uxori
1121 3269 1168 3329 de·
1212 3309 1213 3322 i

185 3347 301 3408 buerit=
328 3349 473 3423 quoniam
489 3349 555 3410 eius
571 3350 727 3412 arbitrium
743 3353 796 3427 qui
810 3352 934 3429 possint
948 3353 1101 3426 adimant,
1125 3368 1157 3412 se

187 3431 318 3490 condam
339 3431 431 3492 iidem
452 3441 625 3508 praestare,
651 3450 690 3494 nc
710 3435 781 3497 viva
801 3435 832 3497 in
852 3443 1038 3512 potestatem
1059 3438 1167 3499 Roma·
1212 3421 1213 3508 l

155 3555 156 3558 ,
188 3525 294 3572 nomm
320 3513 432 3575 veniat.
467 3531 583 3578 memor
606 3517 702 3592 patris
724 3519 918 3595 imperatoris
939 3521 1124 3598 patriaeque
1142 3523 1168 3576 et
1211 3541 1212 3630 q

1208 3801 1211 3879 l
