2448 3900
216 263 332 323 urana
346 263 450 324 xxix.
474 265 556 324 cnr.
571 225 615 330 aa.
629 275 673 330 aa.
697 271 731 347 [a.
748 275 780 327 c.
796 279 860 345 aaa]
966 273 1029 336 soa

24 419 150 476 faetus.
180 423 303 476 noctem
324 417 535 490 insequentem
551 419 660 478 eadem
675 421 773 496 caligo
796 423 939 484 obtinuit:
962 429 1028 488 sole

22 509 105 561 orto
122 507 171 560 est
185 501 339 573 discussa,
362 506 392 560 et
406 500 511 560 addita
526 502 573 560 vis
589 511 691 564 vento.
722 505 782 565 iam
796 513 907 567 terram
923 525 1027 572 eerne-

24 586 120 645 bant.
144 585 226 644 haud
241 585 282 644 ita
291 587 385 644 multo
396 592 468 659 post
481 585 668 661 gubernator
677 589 813 665 Scipioni
828 592 870 651 ait
883 609 944 653 non
957 596 1027 670 plus

24 670 178 744 quinque
189 669 273 728 milla
283 685 432 744 passuum
443 670 579 729 Africam
590 672 711 747 abesse,
728 674 870 736 Mercurii
883 693 1026 753 promon-

22 755 151 814 torium
172 770 207 814 se
229 768 369 824 cernere;
393 754 421 813 si
434 754 539 814 iubeat
553 770 590 814 eo
606 756 711 832 dirigi,
733 759 793 818 iam
809 761 839 819 in
854 769 946 836 portu
960 765 1026 825 sore

25 854 163 898 omnem
178 839 321 898 classem.
356 837 477 913 Scipio,
497 839 575 898 utin
591 850 760 916 conspectu
773 851 854 904 terra
869 846 933 922 luit,
955 865 1024 923 pre·

23 931 125 982 catus
140 923 183 984 uti
196 923 280 984 bono
295 923 340 982 rei
355 923 496 998 publicae
512 939 632 1000 suoque
646 927 781 986 Africam
803 929 927 1007 viderit,
951 933 1025 994 dare

23 1008 107 1066 vela
123 1014 153 1066 et
167 1007 259 1068 aliurn
273 1008 353 1066 inira
366 1007 498 1068 navibus
514 1023 676 1070 accessum
690 1020 795 1086 petere
809 1012 902 1074 iubet.
931 1024 1024 1076 vento

24 1092 148 1151 eodem
169 1091 359 1152 serebantum
381 1099 515 1152 ceterum
539 1092 650 1154 nebula
665 1095 723 1156 sub
738 1097 820 1158 idern
839 1099 934 1159 ferme
948 1107 1023 1160 tem-

26 1191 95 1254 pus
114 1191 176 1251 quo
193 1177 291 1252 pridie
306 1184 414 1237 exorta
428 1184 630 1252 conspectum
644 1187 744 1240 terrae
759 1182 880 1257 ademit,
904 1191 934 1244 et
949 1201 1022 1245 ven·

22 1267 83 1320 tus
100 1268 258 1336 premente
269 1260 382 1321 nebula
397 1263 516 1323 cecidit.
538 1279 601 1322 nox
616 1264 729 1324 deinde
743 1265 906 1326 incertiora
921 1271 1023 1330 omnia

22 1345 117 1405 fecit.
148 1346 251 1422 itaque
266 1360 406 1419 ancoras,
422 1363 461 1406 ne
476 1355 529 1407 aut
542 1347 620 1408 inter
635 1363 670 1408 se
684 1351 903 1411 concurrerent
914 1369 1021 1427 naves,

24 1437 89 1490 aut
109 1437 210 1490 terrae
232 1431 430 1505 inferrentur,
453 1430 563 1492 lacere.
599 1434 652 1494 ubi
673 1433 784 1510 illuxit,
806 1444 917 1497 ventus
939 1438 1021 1497 idem

24 1521 177 1590 coortae,
211 1514 322 1575 nebula
347 1514 477 1576 disiecta
501 1517 622 1592 aperuit
646 1519 749 1579 omnia
773 1519 897 1581 Africae
922 1522 1021 1582 litora.

23 1598 155 1674 Scipio,
176 1600 261 1676 quod
277 1607 361 1660 esset
374 1600 547 1675 proximum
562 1605 819 1677 promontorium,
842 1615 1019 1679 percuncta-

24 1691 94 1756 tus,
119 1699 187 1744 cum
201 1683 320 1743 Pulchri
335 1686 578 1759 promontorium
592 1687 623 1747 id
638 1689 744 1750 vocari
759 1689 914 1764 audisset,
934 1690 1019 1766 „pla-

24 1776 83 1827 cet
105 1771 215 1828 omen“
237 1769 350 1844 inquit;
372 1769 453 1842 „huc
474 1770 593 1846 dirigite
613 1779 742 1832 naves“.
774 1789 812 1833 eo
834 1775 944 1835 classis
966 1776 1018 1836 de-

25 1853 137 1928 currit,
156 1853 327 1929 copiaeque
342 1869 450 1914 omnes
465 1854 496 1913 in
510 1857 797 1932 terram‘expositae
812 1866 891 1918 sunt.

118 1935 303 2013 Prosperam
318 1938 544 2013 navigationem
560 1940 627 1998 sine
647 1948 764 2000 terrore
780 1955 816 2000 ac
831 1943 958 2002 tumultu
973 1943 1017 2002 lu-

25 2023 97 2081 tsse
125 2021 284 2097 permultis
317 2021 442 2082 Graecis
473 2022 652 2098 Latinisque
683 2024 859 2085 auctoribus
891 2027 1017 2088 credidi.

26 2107 171 2181 Coelius,
193 2114 406 2183 praeterquam
429 2107 514 2181 quod
535 2123 597 2167 non
612 2123 731 2169 mersas
745 2107 889 2170 fluctibus
910 2126 1017 2187 naves,

26 2199 154 2251 ceteros
169 2205 276 2251 omnes
291 2192 441 2252 caelestes
456 2193 686 2268 maritimosque
701 2202 844 2267 terrores,
860 2202 1016 2271 postremo

26 2275 191 2352 abreptam
206 2282 389 2351 tempestate
404 2276 442 2336 ab
457 2277 563 2336 Africa
577 2277 710 2338 classem
724 2278 765 2338 ad
779 2279 911 2339 insulam
925 2280 1016 2354 Aegi·

26 2375 166 2434 murum,
189 2361 261 2421 inde
277 2375 369 2436 aegre
383 2368 553 2422 correctum
570 2375 693 2422 cursum
709 2365 850 2438 exponit,
874 2371 904 2423 et
918 2380 1016 2441 prope

28 2445 150 2505 obrutIs
165 2443 298 2506 navibus
312 2445 433 2506 iniussu
455 2445 647 2522 imperatoris
662 2447 803 2523 scaphis,
826 2447 908 2508 haud
924 2464 1014 2530 secus

27 2547 124 2605 quam
145 2529 328 2604 naufragos,
350 2529 460 2592 milites
476 2531 543 2591 sine
558 2529 651 2591 armIs
667 2547 735 2592 cum
756 2532 869 2606 ingenti
888 2534 1015 2594 tumultu

27 2616 56 2674 In
72 2623 186 2675 terram
204 2615 354 2675 evasisse.

112 2698 247 2759 XXVIII.
272 2699 431 2775 Expositis
446 2701 545 2775 copiis
557 2697 689 2761 Romani
705 2707 806 2761 eastra
820 2702 853 2761 in.
864 2702 1014 2778 proximis

25 2785 153 2844 tumulis
168 2791 327 2844 metantur.
350 2785 409 2844 iam
424 2801 486 2846 non
502 2786 709 2846 inmaritImos
725 2787 817 2846 modo
833 2803 925 2862 agros
942 2801 1013 2847 con-

25 2876 137 2944 spectu
158 2869 288 2944 primum
309 2869 420 2929 classis
436 2870 507 2929 dein
527 2871 656 2931 tumultu
677 2871 895 2946 egredientium
910 2872 940 2930 in
955 2879 1014 2931 ter-

24 2969 93 3012 ram
110 2969 209 3028 pavor
222 2960 383 3029 terrorque
397 2961 588 3030 pervenerat,
611 2956 667 3016 sed
683 2957 712 3014 in
728 2956 814 3030 ipsas
829 2956 931 3017 urbes.
961 2971 1013 3016 ne·

26 3053 89 3112 que
112 3037 192 3097 enim
206 3037 362 3098 hominum
377 3039 470 3100 modo
486 3037 588 3112 turba,
608 3041 764 3099 mulierum
787 3055 1013 3115 puerorumque

25 3121 201 3198 agminibus
217 3121 361 3198 immixta,
384 3139 492 3183 omnes
510 3125 626 3198 passim
642 3125 849 3200 compleverat
863 3125 939 3196 vias,
956 3125 1013 3183 sed

26 3223 143 3284 pecora
164 3223 290 3283 quoque
305 3224 381 3284 prae
397 3221 432 3268 se
446 3215 585 3282 agrestes
606 3207 747 3283 agebant,
769 3214 801 3266 ut
816 3207 945 3283 relinqui
962 3224 1011 3266 su-

23 3293 89 3352 bito
105 3292 241 3352 Africam
262 3293 392 3354 diceres.
421 3291 549 3352 urbibus
564 3307 639 3353 vero
661 3292 738 3367 ipsis
753 3292 899 3350 maiorem
921 3307 1011 3366 quam
1094 3314 1098 3320 ’

27 3393 121 3452 quem
142 3392 248 3438 secum
273 3378 435 3438 attulerant
454 3385 602 3436 terrorem
627 3375 812 3451 inserebant,
846 3376 1012 3451 praecipue

26 3461 218 3536 Carthaginis
244 3478 343 3538 prope
368 3469 401 3522 ut
426 3469 535 3536 captae
560 3463 706 3521 tumultus
731 3459 796 3520 luit.
845 3475 915 3519 nam
941 3472 1012 3535 post

24 3547 68 3605 M.
82 3547 206 3606 Atilium
220 3547 370 3622 Regulum
384 3550 415 3604 et
428 3543 462 3603 L.
477 3545 622 3605 Manlium
637 3547 791 3619 consules,
810 3545 898 3604 annis
913 3559 1012 3621 prope
