<?xml version="1.0" encoding="UTF-8"?>
<!DOCTYPE html PUBLIC "-//W3C//DTD XHTML 1.0 Transitional//EN"
    "http://www.w3.org/TR/xhtml1/DTD/xhtml1-transitional.dtd">
<html xmlns="http://www.w3.org/1999/xhtml" xml:lang="en" lang="en">
 <head>
  <title>
</title>
<meta http-equiv="Content-Type" content="text/html;charset=utf-8" />
  <meta name='ocr-system' content='tesseract 3.04.00' />
  <meta name='ocr-capabilities' content='ocr_page ocr_carea ocr_par ocr_line ocrx_word'/>
</head>
<body>
  <div class='ocr_page' id='page_1' title='image "./titiliviaburbec09livygoog_0133.png"; bbox 0 0 2428 3892; ppageno 0'>
   <div class='ocr_carea' id='block_1_1' title="bbox 164 181 962 262">
    <p class='ocr_par' dir='ltr' id='par_1_1' title="bbox 164 181 962 262">
     <span class='ocr_line' id='line_1_1' title="bbox 164 181 962 262; baseline -0.004 -15"><span class='ocrx_word' id='word_1_1' title='bbox 164 181 226 247; x_wconf 81' lang='lat' dir='ltr'><strong>noe</strong></span> <span class='ocrx_word' id='word_1_2' title='bbox 353 183 589 246; x_wconf 79' lang='lat' dir='ltr'><strong>nunnxxvr.</strong></span> <span class='ocrx_word' id='word_1_3' title='bbox 613 182 695 244; x_wconf 81' lang='lat' dir='ltr'><strong>cnr.</strong></span> <span class='ocrx_word' id='word_1_4' title='bbox 711 191 737 247; x_wconf 81' lang='lat' dir='ltr'><strong>a.</strong></span> <span class='ocrx_word' id='word_1_5' title='bbox 759 182 843 260; x_wconf 61' lang='lat' dir='ltr'><strong>[au.</strong></span> <span class='ocrx_word' id='word_1_6' title='bbox 860 205 883 241; x_wconf 58' lang='grc' dir='ltr'><strong>ο.</strong></span> <span class='ocrx_word' id='word_1_7' title='bbox 897 186 962 262; x_wconf 76' lang='lat' dir='ltr'><strong>nn</strong></span> 
     </span>
    </p>
   </div>
   <div class='ocr_carea' id='block_1_2' title="bbox 163 331 1151 665">
    <p class='ocr_par' dir='ltr' id='par_1_2' title="bbox 163 331 1151 665">
     <span class='ocr_line' id='line_1_2' title="bbox 163 331 1151 410; baseline -0.004 -16"><span class='ocrx_word' id='word_1_8' title='bbox 163 335 215 395; x_wconf 87' lang='lat' dir='ltr'><strong>vl.</strong></span> <span class='ocrx_word' id='word_1_9' title='bbox 236 334 312 396; x_wconf 81' lang='lat' dir='ltr'><strong>ethi.</strong></span> <span class='ocrx_word' id='word_1_10' title='bbox 320 335 431 397; x_wconf 83' lang='lat' dir='ltr'><strong>Atilius</strong></span> <span class='ocrx_word' id='word_1_11' title='bbox 446 336 564 410; x_wconf 84' lang='lat' dir='ltr'><strong>legatus</strong></span> <span class='ocrx_word' id='word_1_12' title='bbox 580 333 668 409; x_wconf 88' lang='lat' dir='ltr'><strong>primi</strong></span> <span class='ocrx_word' id='word_1_13' title='bbox 684 331 832 410; x_wconf 88' lang='lat' dir='ltr'><strong>principis</strong></span> <span class='ocrx_word' id='word_1_14' title='bbox 847 349 887 392; x_wconf 86' lang='lat' dir='ltr'><strong>ex</strong></span> <span class='ocrx_word' id='word_1_15' title='bbox 901 331 1012 394; x_wconf 89' lang='lat' dir='ltr'><strong>eadem</strong></span> <span class='ocrx_word' id='word_1_16' title='bbox 1027 331 1151 406; x_wconf 75' lang='lat' dir='ltr'>legione</span> 
     </span>
     <span class='ocr_line' id='line_1_3' title="bbox 163 415 1150 496; baseline -0.006 -16"><span class='ocrx_word' id='word_1_17' title='bbox 163 421 284 496; x_wconf 91' lang='lat' dir='ltr'><strong>signum</strong></span> <span class='ocrx_word' id='word_1_18' title='bbox 310 420 413 480; x_wconf 81' lang='lat' dir='ltr'><strong>inferri</strong></span> <span class='ocrx_word' id='word_1_19' title='bbox 434 419 466 478; x_wconf 92' lang='lat' dir='ltr'><strong>in</strong></span> <span class='ocrx_word' id='word_1_20' title='bbox 488 418 645 478; x_wconf 86' lang='lat' dir='ltr'><strong>cohortem</strong></span> <span class='ocrx_word' id='word_1_21' title='bbox 665 419 874 494; x_wconf 83' lang='lat' dir='ltr'>Hispanorum</span> <span class='ocrx_word' id='word_1_22' title='bbox 895 417 1011 492; x_wconf 78' lang='lat' dir='ltr'><strong>coegit=</strong></span> <span class='ocrx_word' id='word_1_23' title='bbox 1044 423 1080 476; x_wconf 89' lang='lat' dir='ltr'><strong>et</strong></span> <span class='ocrx_word' id='word_1_24' title='bbox 1101 415 1150 490; x_wconf 90' lang='lat' dir='ltr'><strong>qui</strong></span> 
     </span>
     <span class='ocr_line' id='line_1_4' title="bbox 164 500 1148 579; baseline -0.008 -14"><span class='ocrx_word' id='word_1_25' title='bbox 164 505 273 565; x_wconf 89' lang='lat' dir='ltr'><strong>castris</strong></span> <span class='ocrx_word' id='word_1_26' title='bbox 289 509 460 579; x_wconf 77' lang='lat' dir='ltr'>praeerant,</span> <span class='ocrx_word' id='word_1_27' title='bbox 474 502 508 561; x_wconf 85' lang='lat' dir='ltr'><strong>L.</strong></span> <span class='ocrx_word' id='word_1_28' title='bbox 519 501 645 563; x_wconf 90' lang='lat' dir='ltr'><strong>Porcius</strong></span> <span class='ocrx_word' id='word_1_29' title='bbox 656 502 780 562; x_wconf 85' lang='lat' dir='ltr'><strong>Licinus</strong></span> <span class='ocrx_word' id='word_1_30' title='bbox 794 508 827 561; x_wconf 88' lang='lat' dir='ltr'><strong>et</strong></span> <span class='ocrx_word' id='word_1_31' title='bbox 839 501 871 560; x_wconf 88' lang='lat' dir='ltr'><strong>T.</strong></span> <span class='ocrx_word' id='word_1_32' title='bbox 883 500 1033 576; x_wconf 83' lang='lat' dir='ltr'>Popillius</span> <span class='ocrx_word' id='word_1_33' title='bbox 1050 500 1148 574; x_wconf 90' lang='lat' dir='ltr'><strong>legati,</strong></span> 
     </span>
     <span class='ocr_line' id='line_1_5' title="bbox 163 584 1148 665; baseline -0.005 -18"><span class='ocrx_word' id='word_1_34' title='bbox 163 604 220 665; x_wconf 92' lang='lat' dir='ltr'><strong>pro</strong></span> <span class='ocrx_word' id='word_1_35' title='bbox 230 588 313 647; x_wconf 90' lang='lat' dir='ltr'><strong>vello</strong></span> <span class='ocrx_word' id='word_1_36' title='bbox 326 587 436 646; x_wconf 89' lang='lat' dir='ltr'><strong>acriter</strong></span> <span class='ocrx_word' id='word_1_37' title='bbox 446 593 651 663; x_wconf 68' lang='lat' dir='ltr'><strong>propugnant,</strong></span> <span class='ocrx_word' id='word_1_38' title='bbox 663 584 908 662; x_wconf 76' lang='lat' dir='ltr'><strong>elephantosque</strong></span> <span class='ocrx_word' id='word_1_39' title='bbox 919 584 1148 660; x_wconf 85' lang='lat' dir='ltr'><strong>transgredien-</strong></span> 
     </span>
    </p>
   </div>
   <div class='ocr_carea' id='block_1_3' title="bbox 162 668 1146 748">
    <p class='ocr_par' dir='ltr' id='par_1_3' title="bbox 162 668 1146 748">
     <span class='ocr_line' id='line_1_6' title="bbox 162 668 1146 748; baseline -0.005 -16"><span class='ocrx_word' id='word_1_40' title='bbox 162 679 210 732; x_wconf 90' lang='lat' dir='ltr'><strong>tes</strong></span> <span class='ocrx_word' id='word_1_41' title='bbox 224 670 255 731; x_wconf 94' lang='lat' dir='ltr'><strong>in</strong></span> <span class='ocrx_word' id='word_1_42' title='bbox 270 672 339 748; x_wconf 90' lang='lat' dir='ltr'><strong>ipso</strong></span> <span class='ocrx_word' id='word_1_43' title='bbox 352 671 436 730; x_wconf 82' lang='lat' dir='ltr'><strong>vallo</strong></span> <span class='ocrx_word' id='word_1_44' title='bbox 453 670 629 731; x_wconf 87' lang='lat' dir='ltr'><strong>conficiunt.</strong></span> <span class='ocrx_word' id='word_1_45' title='bbox 663 685 793 745; x_wconf 90' lang='lat' dir='ltr'><strong>quorum</strong></span> <span class='ocrx_word' id='word_1_46' title='bbox 809 668 993 745; x_wconf 89' lang='lat' dir='ltr'><strong>corporibus</strong></span> <span class='ocrx_word' id='word_1_47' title='bbox 1009 684 1082 728; x_wconf 89' lang='lat' dir='ltr'><strong>eum</strong></span> <span class='ocrx_word' id='word_1_48' title='bbox 1097 685 1146 742; x_wconf 87' lang='lat' dir='ltr'><strong>op</strong></span> 
     </span>
    </p>
   </div>
   <div class='ocr_carea' id='block_1_4' title="bbox 41 753 1146 832">
    <p class='ocr_par' dir='ltr' id='par_1_4' title="bbox 41 753 1146 832">
     <span class='ocr_line' id='line_1_7' title="bbox 41 753 1146 832; baseline -0.006 -15"><span class='ocrx_word' id='word_1_49' title='bbox 41 797 43 802; x_wconf 79' lang='lat'><em>·</em></span> <span class='ocrx_word' id='word_1_50' title='bbox 77 813 79 817; x_wconf 87' lang='grc'>,</span> <span class='ocrx_word' id='word_1_51' title='bbox 163 757 245 832; x_wconf 89' lang='lat' dir='ltr'><strong>pieta</strong></span> <span class='ocrx_word' id='word_1_52' title='bbox 257 756 344 816; x_wconf 88' lang='lat' dir='ltr'><strong>lossa</strong></span> <span class='ocrx_word' id='word_1_53' title='bbox 358 761 450 830; x_wconf 84' lang='lat' dir='ltr'><strong>esset,</strong></span> <span class='ocrx_word' id='word_1_54' title='bbox 464 755 549 816; x_wconf 89' lang='lat' dir='ltr'><strong>velut</strong></span> <span class='ocrx_word' id='word_1_55' title='bbox 562 769 676 830; x_wconf 88' lang='lat' dir='ltr'><strong>aggere</strong></span> <span class='ocrx_word' id='word_1_56' title='bbox 689 760 741 815; x_wconf 89' lang='lat' dir='ltr'><strong>eut</strong></span> <span class='ocrx_word' id='word_1_57' title='bbox 752 760 847 830; x_wconf 86' lang='lat' dir='ltr'><strong>ponte</strong></span> <span class='ocrx_word' id='word_1_58' title='bbox 860 753 972 814; x_wconf 90' lang='lat' dir='ltr'><strong>iniecto</strong></span> <span class='ocrx_word' id='word_1_59' title='bbox 987 753 1146 813; x_wconf 77' lang='lat' dir='ltr'><strong>transitum</strong></span> 
     </span>
    </p>
   </div>
   <div class='ocr_carea' id='block_1_5' title="bbox 78 837 1188 3523">
    <p class='ocr_par' dir='ltr' id='par_1_5' title="bbox 78 837 1188 3523">
     <span class='ocr_line' id='line_1_8' title="bbox 163 837 1144 914; baseline -0.004 -16"><span class='ocrx_word' id='word_1_60' title='bbox 163 839 306 900; x_wconf 77' lang='lat' dir='ltr'><strong>hostibus</strong></span> <span class='ocrx_word' id='word_1_61' title='bbox 329 839 422 898; x_wconf 88' lang='lat' dir='ltr'><strong>dedit.</strong></span> <span class='ocrx_word' id='word_1_62' title='bbox 455 837 498 898; x_wconf 89' lang='lat' dir='ltr'><strong>ibi</strong></span> <span class='ocrx_word' id='word_1_63' title='bbox 512 854 570 914; x_wconf 91' lang='lat' dir='ltr'><strong>per</strong></span> <span class='ocrx_word' id='word_1_64' title='bbox 582 844 716 913; x_wconf 85' lang='lat' dir='ltr'><strong>stragem</strong></span> <span class='ocrx_word' id='word_1_65' title='bbox 736 837 900 898; x_wconf 89' lang='lat' dir='ltr'><strong>iacentium</strong></span> <span class='ocrx_word' id='word_1_66' title='bbox 915 837 1144 914; x_wconf 85' lang='lat' dir='ltr'><strong>elephantorum</strong></span> 
     </span>
     <span class='ocr_line' id='line_1_9' title="bbox 164 921 1145 999; baseline -0.006 -15"><span class='ocrx_word' id='word_1_67' title='bbox 164 929 252 984; x_wconf 89' lang='lat' dir='ltr'><strong>atrox</strong></span> <span class='ocrx_word' id='word_1_68' title='bbox 266 921 348 983; x_wconf 89' lang='lat' dir='ltr'><strong>edita</strong></span> <span class='ocrx_word' id='word_1_69' title='bbox 360 923 484 982; x_wconf 91' lang='lat' dir='ltr'><strong>caedes.</strong></span> <span class='ocrx_word' id='word_1_70' title='bbox 506 923 601 982; x_wconf 88' lang='lat' dir='ltr'><strong>altera</strong></span> <span class='ocrx_word' id='word_1_71' title='bbox 613 922 646 981; x_wconf 89' lang='lat' dir='ltr'><strong>in</strong></span> <span class='ocrx_word' id='word_1_72' title='bbox 661 929 748 999; x_wconf 91' lang='lat' dir='ltr'><strong>parte</strong></span> <span class='ocrx_word' id='word_1_73' title='bbox 763 930 933 983; x_wconf 90' lang='lat' dir='ltr'><strong>castrorum</strong></span> <span class='ocrx_word' id='word_1_74' title='bbox 947 923 1009 982; x_wconf 88' lang='lat' dir='ltr'><strong>iarn</strong></span> <span class='ocrx_word' id='word_1_75' title='bbox 1024 921 1145 997; x_wconf 92' lang='lat' dir='ltr'><strong>impulsi</strong></span> 
     </span>
     <span class='ocr_line' id='line_1_10' title="bbox 164 1005 1145 1084; baseline -0.005 -16"><span class='ocrx_word' id='word_1_76' title='bbox 164 1014 250 1068; x_wconf 89' lang='lat' dir='ltr'><strong>erant</strong></span> <span class='ocrx_word' id='word_1_77' title='bbox 262 1006 407 1084; x_wconf 82' lang='lat' dir='ltr'><strong>Campani</strong></span> <span class='ocrx_word' id='word_1_78' title='bbox 421 1006 629 1082; x_wconf 86' lang='lat' dir='ltr'><strong>Punicumque</strong></span> <span class='ocrx_word' id='word_1_79' title='bbox 643 1005 841 1082; x_wconf 84' lang='lat' dir='ltr'><strong>praesidium,</strong></span> <span class='ocrx_word' id='word_1_80' title='bbox 856 1012 887 1066; x_wconf 89' lang='lat' dir='ltr'><strong>et</strong></span> <span class='ocrx_word' id='word_1_81' title='bbox 900 1005 959 1066; x_wconf 91' lang='lat' dir='ltr'><strong>sub</strong></span> <span class='ocrx_word' id='word_1_82' title='bbox 973 1005 1046 1081; x_wconf 91' lang='lat' dir='ltr'><strong>ipsa</strong></span> <span class='ocrx_word' id='word_1_83' title='bbox 1062 1012 1145 1081; x_wconf 83' lang='lat' dir='ltr'><strong>porta</strong></span> 
     </span>
     <span class='ocr_line' id='line_1_11' title="bbox 163 1080 1144 1168; baseline -0.006 -16"><span class='ocrx_word' id='word_1_84' title='bbox 163 1091 304 1167; x_wconf 78' lang='lat' dir='ltr'><strong>Capuae,</strong></span> <span class='ocrx_word' id='word_1_85' title='bbox 327 1107 407 1168; x_wconf 90' lang='lat' dir='ltr'><strong>quae</strong></span> <span class='ocrx_word' id='word_1_86' title='bbox 424 1090 606 1150; x_wconf 90' lang='lat' dir='ltr'><strong>Vulturnum</strong></span> <span class='ocrx_word' id='word_1_87' title='bbox 627 1089 699 1164; x_wconf 84' lang='lat' dir='ltr'><strong>sert,</strong></span> <span class='ocrx_word' id='word_1_88' title='bbox 729 1090 935 1166; x_wconf 78' lang='lat' dir='ltr'><strong>pugnabatur:</strong></span> <span class='ocrx_word' id='word_1_89' title='bbox 963 1080 1144 1165; x_wconf 77' lang='lat' dir='ltr'><strong>nequeam</strong></span> 
     </span>
     <span class='ocr_line' id='line_1_12' title="bbox 163 1173 1143 1250; baseline -0.003 -15"><span class='ocrx_word' id='word_1_90' title='bbox 163 1176 269 1235; x_wconf 88' lang='lat' dir='ltr'><strong>armati</strong></span> <span class='ocrx_word' id='word_1_91' title='bbox 295 1174 532 1250; x_wconf 83' lang='lat' dir='ltr'><strong>irnnmpentibus</strong></span> <span class='ocrx_word' id='word_1_92' title='bbox 553 1174 700 1234; x_wconf 85' lang='lat' dir='ltr'><strong>Romanis</strong></span> <span class='ocrx_word' id='word_1_93' title='bbox 721 1173 920 1250; x_wconf 88' lang='lat' dir='ltr'><strong>resistebant,</strong></span> <span class='ocrx_word' id='word_1_94' title='bbox 950 1191 1043 1249; x_wconf 85' lang='lat' dir='ltr'><strong>quarn</strong></span> <span class='ocrx_word' id='word_1_95' title='bbox 1065 1175 1143 1248; x_wconf 92' lang='lat' dir='ltr'><strong>quod</strong></span> 
     </span>
     <span class='ocr_line' id='line_1_13' title="bbox 163 1257 1143 1336; baseline -0.006 -16"><span class='ocrx_word' id='word_1_96' title='bbox 163 1267 252 1336; x_wconf 89' lang='lat' dir='ltr'><strong>porta</strong></span> <span class='ocrx_word' id='word_1_97' title='bbox 262 1259 392 1320; x_wconf 88' lang='lat' dir='ltr'><strong>ballistis</strong></span> <span class='ocrx_word' id='word_1_98' title='bbox 407 1257 687 1334; x_wconf 87' lang='lat' dir='ltr'><strong>scorpionibusque</strong></span> <span class='ocrx_word' id='word_1_99' title='bbox 701 1258 848 1318; x_wconf 88' lang='lat' dir='ltr'><strong>instructa</strong></span> <span class='ocrx_word' id='word_1_100' title='bbox 858 1257 1028 1319; x_wconf 88' lang='lat' dir='ltr'><strong>missilibus</strong></span> <span class='ocrx_word' id='word_1_101' title='bbox 1041 1259 1143 1334; x_wconf 87' lang='lat' dir='ltr'><strong>procul</strong></span> 
     </span>
     <span class='ocr_line' id='line_1_14' title="bbox 163 1342 1144 1419; baseline -0.003 -16"><span class='ocrx_word' id='word_1_102' title='bbox 163 1345 270 1406; x_wconf 88' lang='lat' dir='ltr'><strong>hostes</strong></span> <span class='ocrx_word' id='word_1_103' title='bbox 292 1343 424 1404; x_wconf 90' lang='lat' dir='ltr'><strong>arcebat.</strong></span> <span class='ocrx_word' id='word_1_104' title='bbox 457 1349 487 1403; x_wconf 90' lang='lat' dir='ltr'><strong>et</strong></span> <span class='ocrx_word' id='word_1_105' title='bbox 501 1343 678 1419; x_wconf 87' lang='lat' dir='ltr'><strong>suppressit</strong></span> <span class='ocrx_word' id='word_1_106' title='bbox 697 1342 843 1419; x_wconf 83' lang='lat' dir='ltr'><strong>impetum</strong></span> <span class='ocrx_word' id='word_1_107' title='bbox 856 1345 1068 1405; x_wconf 83' lang='lat' dir='ltr'><strong>Romanorum</strong></span> <span class='ocrx_word' id='word_1_108' title='bbox 1082 1343 1144 1402; x_wconf 90' lang='lat' dir='ltr'><strong>vul·</strong></span> 
     </span>
     <span class='ocr_line' id='line_1_15' title="bbox 161 1426 1144 1504; baseline -0.002 -17"><span class='ocrx_word' id='word_1_109' title='bbox 161 1444 221 1489; x_wconf 92' lang='lat' dir='ltr'><strong>nus</strong></span> <span class='ocrx_word' id='word_1_110' title='bbox 242 1427 435 1504; x_wconf 90' lang='lat' dir='ltr'><strong>imperatoris</strong></span> <span class='ocrx_word' id='word_1_111' title='bbox 456 1428 516 1502; x_wconf 85' lang='lat' dir='ltr'><strong>Ap.</strong></span> <span class='ocrx_word' id='word_1_112' title='bbox 531 1426 663 1502; x_wconf 84' lang='lat' dir='ltr'><strong>claudii,</strong></span> <span class='ocrx_word' id='word_1_113' title='bbox 685 1427 734 1486; x_wconf 88' lang='lat' dir='ltr'><strong>eui</strong></span> <span class='ocrx_word' id='word_1_114' title='bbox 754 1443 830 1488; x_wconf 91' lang='lat' dir='ltr'><strong>suos</strong></span> <span class='ocrx_word' id='word_1_115' title='bbox 851 1435 922 1488; x_wconf 89' lang='lat' dir='ltr'><strong>ante</strong></span> <span class='ocrx_word' id='word_1_116' title='bbox 943 1427 1044 1504; x_wconf 87' lang='lat' dir='ltr'><strong>prime</strong></span> <span class='ocrx_word' id='word_1_117' title='bbox 1060 1427 1144 1501; x_wconf 88' lang='lat' dir='ltr'><strong>signa</strong></span> 
     </span>
     <span class='ocr_line' id='line_1_16' title="bbox 162 1509 1188 1589; baseline -0.005 -17"><span class='ocrx_word' id='word_1_118' title='bbox 162 1512 334 1572; x_wconf 88' lang='lat' dir='ltr'><strong>adhortanti</strong></span> <span class='ocrx_word' id='word_1_119' title='bbox 349 1510 406 1572; x_wconf 92' lang='lat' dir='ltr'><strong>sub</strong></span> <span class='ocrx_word' id='word_1_120' title='bbox 417 1512 506 1572; x_wconf 90' lang='lat' dir='ltr'><strong>laevo</strong></span> <span class='ocrx_word' id='word_1_121' title='bbox 517 1509 645 1571; x_wconf 89' lang='lat' dir='ltr'><strong>humero</strong></span> <span class='ocrx_word' id='word_1_122' title='bbox 657 1527 808 1572; x_wconf 87' lang='lat' dir='ltr'><strong>summum</strong></span> <span class='ocrx_word' id='word_1_123' title='bbox 819 1519 928 1589; x_wconf 85' lang='lat' dir='ltr'><strong>peetus</strong></span> <span class='ocrx_word' id='word_1_124' title='bbox 941 1527 1039 1587; x_wconf 87' lang='lat' dir='ltr'><strong>gaeso</strong></span> <span class='ocrx_word' id='word_1_125' title='bbox 1057 1511 1144 1571; x_wconf 88' lang='lat' dir='ltr'><strong>ictum</strong></span> <span class='ocrx_word' id='word_1_126' title='bbox 1184 1553 1188 1566; x_wconf 79' lang='grc'>.</span> 
     </span>
     <span class='ocr_line' id='line_1_17' title="bbox 163 1594 1143 1676; baseline 0.001 -21"><span class='ocrx_word' id='word_1_127' title='bbox 163 1602 220 1657; x_wconf 89' lang='lat' dir='ltr'><strong>est.</strong></span> <span class='ocrx_word' id='word_1_128' title='bbox 243 1611 354 1670; x_wconf 89' lang='lat' dir='ltr'><strong>magna</strong></span> <span class='ocrx_word' id='word_1_129' title='bbox 369 1595 417 1676; x_wconf 86' lang='lat' dir='ltr'><strong>¹vis</strong></span> <span class='ocrx_word' id='word_1_130' title='bbox 431 1601 531 1656; x_wconf 69' lang='lat' dir='ltr'><strong>amen</strong></span> <span class='ocrx_word' id='word_1_131' title='bbox 546 1594 679 1656; x_wconf 90' lang='lat' dir='ltr'><strong>hostium</strong></span> <span class='ocrx_word' id='word_1_132' title='bbox 694 1603 765 1656; x_wconf 89' lang='lat' dir='ltr'><strong>ante</strong></span> <span class='ocrx_word' id='word_1_133' title='bbox 781 1603 899 1672; x_wconf 89' lang='lat' dir='ltr'><strong>portam</strong></span> <span class='ocrx_word' id='word_1_134' title='bbox 915 1603 963 1656; x_wconf 87' lang='lat' dir='ltr'><strong>est</strong></span> <span class='ocrx_word' id='word_1_135' title='bbox 978 1611 1082 1670; x_wconf 91' lang='lat' dir='ltr'><strong>caesa,</strong></span> <span class='ocrx_word' id='word_1_136' title='bbox 1098 1611 1143 1656; x_wconf 91' lang='lat' dir='ltr'><strong>ce·</strong></span> 
     </span>
     <span class='ocr_line' id='line_1_18' title="bbox 161 1678 1144 1756; baseline 0.001 -17"><span class='ocrx_word' id='word_1_137' title='bbox 161 1679 218 1739; x_wconf 90' lang='lat' dir='ltr'><strong>teri</strong></span> <span class='ocrx_word' id='word_1_138' title='bbox 237 1679 348 1754; x_wconf 88' lang='lat' dir='ltr'><strong>trepidi</strong></span> <span class='ocrx_word' id='word_1_139' title='bbox 369 1678 399 1738; x_wconf 90' lang='lat' dir='ltr'><strong>in</strong></span> <span class='ocrx_word' id='word_1_140' title='bbox 419 1679 526 1739; x_wconf 90' lang='lat' dir='ltr'><strong>urbem</strong></span> <span class='ocrx_word' id='word_1_141' title='bbox 548 1680 708 1756; x_wconf 89' lang='lat' dir='ltr'><strong>compulsi.</strong></span> <span class='ocrx_word' id='word_1_142' title='bbox 742 1687 772 1740; x_wconf 88' lang='lat' dir='ltr'><strong>et</strong></span> <span class='ocrx_word' id='word_1_143' title='bbox 785 1680 952 1752; x_wconf 86' lang='lat' dir='ltr'><strong>Hannibal,</strong></span> <span class='ocrx_word' id='word_1_144' title='bbox 978 1687 1144 1756; x_wconf 87' lang='lat' dir='ltr'><strong>postquam</strong></span> 
     </span>
     <span class='ocr_line' id='line_1_19' title="bbox 162 1762 1144 1841; baseline 0.003 -19"><span class='ocrx_word' id='word_1_145' title='bbox 162 1762 299 1823; x_wconf 85' lang='lat' dir='ltr'><strong>cohortis</strong></span> <span class='ocrx_word' id='word_1_146' title='bbox 312 1764 519 1840; x_wconf 86' lang='lat' dir='ltr'><strong>Hispanorum</strong></span> <span class='ocrx_word' id='word_1_147' title='bbox 539 1769 672 1839; x_wconf 86' lang='lat' dir='ltr'><strong>stragem</strong></span> <span class='ocrx_word' id='word_1_148' title='bbox 690 1764 767 1824; x_wconf 90' lang='lat' dir='ltr'><strong>vidit</strong></span> <span class='ocrx_word' id='word_1_149' title='bbox 788 1781 971 1841; x_wconf 87' lang='lat' dir='ltr'><strong>summaque</strong></span> <span class='ocrx_word' id='word_1_150' title='bbox 990 1765 1022 1825; x_wconf 91' lang='lat' dir='ltr'><strong>vi</strong></span> <span class='ocrx_word' id='word_1_151' title='bbox 1046 1771 1144 1825; x_wconf 86' lang='lat' dir='ltr'><strong>castro</strong></span> 
     </span>
     <span class='ocr_line' id='line_1_20' title="bbox 78 1846 1144 1927; baseline 0.002 -21"><span class='ocrx_word' id='word_1_152' title='bbox 78 1865 81 1874; x_wconf 91' lang='grc'>·</span> <span class='ocrx_word' id='word_1_153' title='bbox 161 1846 296 1907; x_wconf 90' lang='lat' dir='ltr'><strong>hostium</strong></span> <span class='ocrx_word' id='word_1_154' title='bbox 311 1848 450 1922; x_wconf 89' lang='lat' dir='ltr'><strong>delendi,</strong></span> <span class='ocrx_word' id='word_1_155' title='bbox 472 1847 589 1908; x_wconf 89' lang='lat' dir='ltr'><strong>omissa</strong></span> <span class='ocrx_word' id='word_1_156' title='bbox 609 1848 841 1924; x_wconf 85' lang='lat' dir='ltr'><strong>oppugnatione</strong></span> <span class='ocrx_word' id='word_1_157' title='bbox 855 1849 997 1927; x_wconf 90' lang='lat' dir='ltr'><strong>recipere</strong></span> <span class='ocrx_word' id='word_1_158' title='bbox 1012 1849 1103 1924; x_wconf 87' lang='lat' dir='ltr'><strong>signa</strong></span> <span class='ocrx_word' id='word_1_159' title='bbox 1117 1857 1144 1908; x_wconf 87' lang='lat' dir='ltr'><strong>et</strong></span> 
     </span>
     <span class='ocr_line' id='line_1_21' title="bbox 161 1932 1143 2010; baseline 0 -18"><span class='ocrx_word' id='word_1_160' title='bbox 161 1938 341 1993; x_wconf 87' lang='lat' dir='ltr'><strong>convertere</strong></span> <span class='ocrx_word' id='word_1_161' title='bbox 356 1948 465 2008; x_wconf 85' lang='lat' dir='ltr'><strong>agmen</strong></span> <span class='ocrx_word' id='word_1_162' title='bbox 481 1932 617 2009; x_wconf 88' lang='lat' dir='ltr'><strong>peditum</strong></span> <span class='ocrx_word' id='word_1_163' title='bbox 632 1932 752 1994; x_wconf 90' lang='lat' dir='ltr'><strong>obiecto</strong></span> <span class='ocrx_word' id='word_1_164' title='bbox 767 1933 807 1993; x_wconf 94' lang='lat' dir='ltr'><strong>ab</strong></span> <span class='ocrx_word' id='word_1_165' title='bbox 821 1939 908 2010; x_wconf 87' lang='lat' dir='ltr'><strong>tergo</strong></span> <span class='ocrx_word' id='word_1_166' title='bbox 930 1933 1085 2010; x_wconf 90' lang='lat' dir='ltr'><strong>equitatu,</strong></span> <span class='ocrx_word' id='word_1_167' title='bbox 1107 1949 1143 1993; x_wconf 89' lang='lat' dir='ltr'><strong>ne</strong></span> 
     </span>
     <span class='ocr_line' id='line_1_22' title="bbox 161 2015 1143 2094; baseline 0.001 -19"><span class='ocrx_word' id='word_1_168' title='bbox 161 2015 261 2078; x_wconf 84' lang='lat' dir='ltr'><strong>hostis</strong></span> <span class='ocrx_word' id='word_1_169' title='bbox 275 2017 411 2090; x_wconf 85' lang='lat' dir='ltr'><strong>instaret,</strong></span> <span class='ocrx_word' id='word_1_170' title='bbox 427 2017 538 2093; x_wconf 86' lang='lat' dir='ltr'><strong>coepit</strong></span> <span class='ocrx_word' id='word_1_171' title='bbox 571 2016 722 2092; x_wconf 89' lang='lat' dir='ltr'><strong>legionum</strong></span> <span class='ocrx_word' id='word_1_172' title='bbox 738 2018 832 2078; x_wconf 89' lang='lat' dir='ltr'><strong>ardor</strong></span> <span class='ocrx_word' id='word_1_173' title='bbox 845 2017 953 2094; x_wconf 88' lang='lat' dir='ltr'><strong>ingens</strong></span> <span class='ocrx_word' id='word_1_174' title='bbox 969 2020 1010 2079; x_wconf 92' lang='lat' dir='ltr'><strong>ad</strong></span> <span class='ocrx_word' id='word_1_175' title='bbox 1024 2019 1143 2078; x_wconf 90' lang='lat' dir='ltr'><strong>hostem</strong></span> 
     </span>
     <span class='ocr_line' id='line_1_23' title="bbox 162 2098 1142 2178; baseline 0.001 -19"><span class='ocrx_word' id='word_1_176' title='bbox 162 2098 387 2177; x_wconf 88' lang='lat' dir='ltr'><strong>insequendum</strong></span> <span class='ocrx_word' id='word_1_177' title='bbox 403 2101 473 2164; x_wconf 71' lang='lat' dir='ltr'><strong>luitr</strong></span> <span class='ocrx_word' id='word_1_178' title='bbox 494 2101 623 2163; x_wconf 87' lang='lat' dir='ltr'><strong>Flaccus</strong></span> <span class='ocrx_word' id='word_1_179' title='bbox 644 2102 782 2178; x_wconf 85' lang='lat' dir='ltr'><strong>receptui</strong></span> <span class='ocrx_word' id='word_1_180' title='bbox 797 2103 865 2162; x_wconf 90' lang='lat' dir='ltr'><strong>cani</strong></span> <span class='ocrx_word' id='word_1_181' title='bbox 887 2103 991 2175; x_wconf 88' lang='lat' dir='ltr'><strong>iussit,</strong></span> <span class='ocrx_word' id='word_1_182' title='bbox 1014 2103 1091 2164; x_wconf 86' lang='lat' dir='ltr'><strong>satis</strong></span> <span class='ocrx_word' id='word_1_183' title='bbox 1105 2103 1142 2162; x_wconf 88' lang='lat' dir='ltr'><strong>ad</strong></span> 
     </span>
     <span class='ocr_line' id='line_1_24' title="bbox 159 2185 1142 2262; baseline 0 -17"><span class='ocrx_word' id='word_1_184' title='bbox 159 2192 323 2262; x_wconf 86' lang='lat' dir='ltr'><strong>unumque</strong></span> <span class='ocrx_word' id='word_1_185' title='bbox 334 2187 504 2261; x_wconf 82' lang='lat' dir='ltr'><strong>proiectum</strong></span> <span class='ocrx_word' id='word_1_186' title='bbox 515 2191 608 2258; x_wconf 89' lang='lat' dir='ltr'><strong>ratus,</strong></span> <span class='ocrx_word' id='word_1_187' title='bbox 620 2191 653 2246; x_wconf 91' lang='lat' dir='ltr'><strong>ut</strong></span> <span class='ocrx_word' id='word_1_188' title='bbox 663 2193 694 2246; x_wconf 88' lang='lat' dir='ltr'><strong>et</strong></span> <span class='ocrx_word' id='word_1_189' title='bbox 703 2185 858 2262; x_wconf 84' lang='lat' dir='ltr'><strong>Campani,</strong></span> <span class='ocrx_word' id='word_1_190' title='bbox 871 2203 962 2262; x_wconf 87' lang='lat' dir='ltr'><strong>quarn</strong></span> <span class='ocrx_word' id='word_1_191' title='bbox 975 2187 1059 2246; x_wconf 91' lang='lat' dir='ltr'><strong>haud</strong></span> <span class='ocrx_word' id='word_1_192' title='bbox 1070 2188 1142 2246; x_wconf 87' lang='lat' dir='ltr'><strong>mul-</strong></span> 
     </span>
     <span class='ocr_line' id='line_1_25' title="bbox 161 2268 1143 2346; baseline 0 -17"><span class='ocrx_word' id='word_1_193' title='bbox 161 2276 223 2329; x_wconf 88' lang='lat' dir='ltr'><strong>tum</strong></span> <span class='ocrx_word' id='word_1_194' title='bbox 236 2270 268 2330; x_wconf 92' lang='lat' dir='ltr'><strong>in</strong></span> <span class='ocrx_word' id='word_1_195' title='bbox 283 2269 453 2331; x_wconf 88' lang='lat' dir='ltr'><strong>Hannibale</strong></span> <span class='ocrx_word' id='word_1_196' title='bbox 467 2268 614 2346; x_wconf 90' lang='lat' dir='ltr'><strong>praesidii</strong></span> <span class='ocrx_word' id='word_1_197' title='bbox 635 2277 732 2343; x_wconf 89' lang='lat' dir='ltr'><strong>esset,</strong></span> <span class='ocrx_word' id='word_1_198' title='bbox 753 2277 785 2331; x_wconf 88' lang='lat' dir='ltr'><strong>et</strong></span> <span class='ocrx_word' id='word_1_199' title='bbox 800 2271 870 2346; x_wconf 91' lang='lat' dir='ltr'><strong>ipse</strong></span> <span class='ocrx_word' id='word_1_200' title='bbox 884 2270 1037 2331; x_wconf 88' lang='lat' dir='ltr'><strong>Hannibal</strong></span> <span class='ocrx_word' id='word_1_201' title='bbox 1053 2271 1143 2332; x_wconf 87' lang='lat' dir='ltr'><strong>senti-</strong></span> 
     </span>
     <span class='ocr_line' id='line_1_26' title="bbox 160 2353 1142 2430; baseline 0.003 -18"><span class='ocrx_word' id='word_1_202' title='bbox 160 2359 216 2412; x_wconf 91' lang='lat' dir='ltr'><strong>ret.</strong></span> <span class='ocrx_word' id='word_1_203' title='bbox 248 2369 341 2414; x_wconf 88' lang='lat' dir='ltr'><strong>caesu</strong></span> <span class='ocrx_word' id='word_1_204' title='bbox 360 2369 397 2415; x_wconf 93' lang='lat' dir='ltr'><strong>eo</strong></span> <span class='ocrx_word' id='word_1_205' title='bbox 421 2354 472 2415; x_wconf 91' lang='lat' dir='ltr'><strong>die</strong></span> <span class='ocrx_word' id='word_1_206' title='bbox 494 2353 546 2429; x_wconf 91' lang='lat' dir='ltr'><strong>qui</strong></span> <span class='ocrx_word' id='word_1_207' title='bbox 566 2353 657 2414; x_wconf 90' lang='lat' dir='ltr'><strong>huius</strong></span> <span class='ocrx_word' id='word_1_208' title='bbox 679 2367 801 2430; x_wconf 88' lang='lat' dir='ltr'><strong>pugnae</strong></span> <span class='ocrx_word' id='word_1_209' title='bbox 822 2362 964 2418; x_wconf 89' lang='lat' dir='ltr'><strong>auctores</strong></span> <span class='ocrx_word' id='word_1_210' title='bbox 979 2362 1055 2416; x_wconf 90' lang='lat' dir='ltr'><strong>sunt</strong></span> <span class='ocrx_word' id='word_1_211' title='bbox 1075 2363 1142 2416; x_wconf 84' lang='lat' dir='ltr'><strong>octo</strong></span> 
     </span>
     <span class='ocr_line' id='line_1_27' title="bbox 160 2435 1141 2516; baseline 0.003 -21"><span class='ocrx_word' id='word_1_212' title='bbox 160 2435 243 2496; x_wconf 89' lang='lat' dir='ltr'><strong>milia</strong></span> <span class='ocrx_word' id='word_1_213' title='bbox 264 2437 419 2498; x_wconf 89' lang='lat' dir='ltr'><strong>hominurn</strong></span> <span class='ocrx_word' id='word_1_214' title='bbox 441 2438 480 2497; x_wconf 92' lang='lat' dir='ltr'><strong>de</strong></span> <span class='ocrx_word' id='word_1_215' title='bbox 493 2437 672 2498; x_wconf 89' lang='lat' dir='ltr'><strong>Hannibalis</strong></span> <span class='ocrx_word' id='word_1_216' title='bbox 694 2438 832 2500; x_wconf 77' lang='lat' dir='ltr'><strong>exercitu</strong></span> <span class='ocrx_word' id='word_1_217' title='bbox 850 2439 909 2500; x_wconf 88' lang='lat' dir='ltr'><strong>tria</strong></span> <span class='ocrx_word' id='word_1_218' title='bbox 923 2455 963 2500; x_wconf 90' lang='lat' dir='ltr'><strong>ex</strong></span> <span class='ocrx_word' id='word_1_219' title='bbox 979 2440 1141 2516; x_wconf 82' lang='lat' dir='ltr'><strong>Campanis</strong></span> 
     </span>
     <span class='ocr_line' id='line_1_28' title="bbox 162 2521 1140 2600; baseline 0.001 -19"><span class='ocrx_word' id='word_1_220' title='bbox 162 2522 297 2594; x_wconf 86' lang='lat' dir='ltr'><strong>tradunt,</strong></span> <span class='ocrx_word' id='word_1_221' title='bbox 318 2521 468 2597; x_wconf 89' lang='lat' dir='ltr'><strong>signaque</strong></span> <span class='ocrx_word' id='word_1_222' title='bbox 482 2521 783 2597; x_wconf 80' lang='lat' dir='ltr'><strong>Carthaginiensibus</strong></span> <span class='ocrx_word' id='word_1_223' title='bbox 799 2522 974 2599; x_wconf 87' lang='lat' dir='ltr'><strong>quindecim</strong></span> <span class='ocrx_word' id='word_1_224' title='bbox 989 2525 1140 2600; x_wconf 86' lang='lat' dir='ltr'><strong>adempta,</strong></span> 
     </span>
     <span class='ocr_line' id='line_1_29' title="bbox 161 2605 1139 2683; baseline 0.004 -19"><span class='ocrx_word' id='word_1_225' title='bbox 161 2605 370 2680; x_wconf 88' lang='lat' dir='ltr'><strong>duodeviginti</strong></span> <span class='ocrx_word' id='word_1_226' title='bbox 393 2605 565 2681; x_wconf 82' lang='lat' dir='ltr'><strong>campanis.</strong></span> <span class='ocrx_word' id='word_1_227' title='bbox 605 2606 690 2680; x_wconf 88' lang='lat' dir='ltr'><strong>apud</strong></span> <span class='ocrx_word' id='word_1_228' title='bbox 710 2606 789 2666; x_wconf 91' lang='lat' dir='ltr'><strong>alios</strong></span> <span class='ocrx_word' id='word_1_229' title='bbox 811 2623 1008 2683; x_wconf 90' lang='lat' dir='ltr'><strong>nequaquam</strong></span> <span class='ocrx_word' id='word_1_230' title='bbox 1029 2616 1139 2668; x_wconf 88' lang='lat' dir='ltr'><strong>tantam</strong></span> 
     </span>
     <span class='ocr_line' id='line_1_30' title="bbox 160 2689 1140 2767; baseline 0 -17"><span class='ocrx_word' id='word_1_231' title='bbox 160 2690 270 2750; x_wconf 89' lang='lat' dir='ltr'><strong>molem</strong></span> <span class='ocrx_word' id='word_1_232' title='bbox 286 2705 408 2765; x_wconf 90' lang='lat' dir='ltr'><strong>pugnae</strong></span> <span class='ocrx_word' id='word_1_233' title='bbox 429 2689 545 2764; x_wconf 87' lang='lat' dir='ltr'><strong>inveni,</strong></span> <span class='ocrx_word' id='word_1_234' title='bbox 569 2692 701 2765; x_wconf 90' lang='lat' dir='ltr'><strong>plusque</strong></span> <span class='ocrx_word' id='word_1_235' title='bbox 716 2691 842 2764; x_wconf 88' lang='lat' dir='ltr'><strong>pavoris</strong></span> <span class='ocrx_word' id='word_1_236' title='bbox 859 2709 951 2767; x_wconf 90' lang='lat' dir='ltr'><strong>quam</strong></span> <span class='ocrx_word' id='word_1_237' title='bbox 967 2693 1140 2753; x_wconf 84' lang='lat' dir='ltr'><strong>certaminis</strong></span> 
     </span>
     <span class='ocr_line' id='line_1_31' title="bbox 160 2772 1140 2852; baseline 0.004 -21"><span class='ocrx_word' id='word_1_238' title='bbox 160 2772 266 2846; x_wconf 84' lang='lat' dir='ltr'><strong>luisse,</strong></span> <span class='ocrx_word' id='word_1_239' title='bbox 283 2788 350 2833; x_wconf 90' lang='lat' dir='ltr'><strong>cum</strong></span> <span class='ocrx_word' id='word_1_240' title='bbox 365 2772 521 2849; x_wconf 91' lang='lat' dir='ltr'><strong>inopinato</strong></span> <span class='ocrx_word' id='word_1_241' title='bbox 536 2775 782 2834; x_wconf 81' lang='lat' dir='ltr'><strong>castraltomana</strong></span> <span class='ocrx_word' id='word_1_242' title='bbox 795 2775 943 2836; x_wconf 86' lang='lat' dir='ltr'><strong>Numidae</strong></span> <span class='ocrx_word' id='word_1_243' title='bbox 950 2777 1140 2852; x_wconf 88' lang='lat' dir='ltr'><strong>Hispanique</strong></span> 
     </span>
     <span class='ocr_line' id='line_1_32' title="bbox 151 2857 1140 2936; baseline 0.001 -20"><span class='ocrx_word' id='word_1_244' title='bbox 151 2873 231 2918; x_wconf 50' lang='lat' dir='ltr'><strong>,eum</strong></span> <span class='ocrx_word' id='word_1_245' title='bbox 250 2857 422 2933; x_wconf 83' lang='lat' dir='ltr'><strong>elephantis</strong></span> <span class='ocrx_word' id='word_1_246' title='bbox 443 2857 641 2935; x_wconf 88' lang='lat' dir='ltr'><strong>irrupissent,</strong></span> <span class='ocrx_word' id='word_1_247' title='bbox 663 2858 816 2934; x_wconf 87' lang='lat' dir='ltr'><strong>elephanti</strong></span> <span class='ocrx_word' id='word_1_248' title='bbox 840 2861 1021 2936; x_wconf 85' lang='lat' dir='ltr'><strong>permedia</strong></span> <span class='ocrx_word' id='word_1_249' title='bbox 1042 2868 1140 2921; x_wconf 86' lang='lat' dir='ltr'><strong>eastra</strong></span> 
     </span>
     <span class='ocr_line' id='line_1_33' title="bbox 158 2941 1139 3021; baseline 0.004 -22"><span class='ocrx_word' id='word_1_250' title='bbox 158 2941 309 3001; x_wconf 88' lang='lat' dir='ltr'><strong>vadentes</strong></span> <span class='ocrx_word' id='word_1_251' title='bbox 322 2948 455 3018; x_wconf 89' lang='lat' dir='ltr'><strong>stragem</strong></span> <span class='ocrx_word' id='word_1_252' title='bbox 465 2941 730 3003; x_wconf 89' lang='lat' dir='ltr'><strong>tabernaculorum</strong></span> <span class='ocrx_word' id='word_1_253' title='bbox 745 2943 859 3018; x_wconf 88' lang='lat' dir='ltr'><strong>ingenti</strong></span> <span class='ocrx_word' id='word_1_254' title='bbox 874 2947 975 3008; x_wconf 91' lang='lat' dir='ltr'><strong>sonitu</strong></span> <span class='ocrx_word' id='word_1_255' title='bbox 991 2960 1028 3005; x_wconf 89' lang='lat' dir='ltr'><strong>ac</strong></span> <span class='ocrx_word' id='word_1_256' title='bbox 1042 2945 1139 3021; x_wconf 86' lang='lat' dir='ltr'><strong>lugam</strong></span> 
     </span>
     <span class='ocr_line' id='line_1_34' title="bbox 159 3025 1138 3106; baseline 0.004 -22"><span class='ocrx_word' id='word_1_257' title='bbox 159 3025 401 3102; x_wconf 89' lang='lat' dir='ltr'><strong>abrumpentium</strong></span> <span class='ocrx_word' id='word_1_258' title='bbox 413 3027 536 3088; x_wconf 89' lang='lat' dir='ltr'><strong>vincula</strong></span> <span class='ocrx_word' id='word_1_259' title='bbox 546 3027 746 3087; x_wconf 88' lang='lat' dir='ltr'><strong>iumentorum</strong></span> <span class='ocrx_word' id='word_1_260' title='bbox 758 3028 902 3088; x_wconf 86' lang='lat' dir='ltr'><strong>lacerent.</strong></span> <span class='ocrx_word' id='word_1_261' title='bbox 918 3029 1058 3090; x_wconf 79' lang='lat' dir='ltr'><strong>fraudem</strong></span> <span class='ocrx_word' id='word_1_262' title='bbox 1067 3045 1138 3106; x_wconf 91' lang='lat' dir='ltr'><strong>quo·</strong></span> 
     </span>
     <span class='ocr_line' id='line_1_35' title="bbox 161 3111 1138 3189; baseline 0.001 -19"><span class='ocrx_word' id='word_1_263' title='bbox 161 3127 220 3184; x_wconf 88' lang='lat' dir='ltr'><strong>que</strong></span> <span class='ocrx_word' id='word_1_264' title='bbox 235 3126 330 3187; x_wconf 92' lang='lat' dir='ltr'><strong>super</strong></span> <span class='ocrx_word' id='word_1_265' title='bbox 343 3113 502 3172; x_wconf 89' lang='lat' dir='ltr'><strong>tumultum</strong></span> <span class='ocrx_word' id='word_1_266' title='bbox 520 3111 668 3171; x_wconf 89' lang='lat' dir='ltr'><strong>adiectam</strong></span> <span class='ocrx_word' id='word_1_267' title='bbox 684 3111 829 3172; x_wconf 87' lang='lat' dir='ltr'><strong>immissis</strong></span> <span class='ocrx_word' id='word_1_268' title='bbox 844 3111 882 3171; x_wconf 91' lang='lat' dir='ltr'><strong>ab</strong></span> <span class='ocrx_word' id='word_1_269' title='bbox 894 3113 1076 3189; x_wconf 87' lang='lat' dir='ltr'><strong>Hannibale,</strong></span> <span class='ocrx_word' id='word_1_270' title='bbox 1092 3113 1138 3189; x_wconf 91' lang='lat' dir='ltr'><strong>qni</strong></span> 
     </span>
     <span class='ocr_line' id='line_1_36' title="bbox 161 3193 1138 3271; baseline 0.001 -16"><span class='ocrx_word' id='word_1_271' title='bbox 161 3227 199 3240; x_wconf 93' lang='lat'><em>-</em></span> <span class='ocrx_word' id='word_1_272' title='bbox 214 3194 320 3256; x_wconf 88' lang='lat' dir='ltr'><strong>habuit</strong></span> <span class='ocrx_word' id='word_1_273' title='bbox 334 3196 452 3271; x_wconf 88' lang='lat' dir='ltr'><strong>aliquot</strong></span> <span class='ocrx_word' id='word_1_274' title='bbox 467 3229 505 3240; x_wconf 93' lang='lat'><em>-</em></span> <span class='ocrx_word' id='word_1_275' title='bbox 527 3195 613 3271; x_wconf 89' lang='lat' dir='ltr'><strong>gnari</strong></span> <span class='ocrx_word' id='word_1_276' title='bbox 629 3193 753 3255; x_wconf 87' lang='lat' dir='ltr'><strong>Latinae</strong></span> <span class='ocrx_word' id='word_1_277' title='bbox 768 3196 891 3271; x_wconf 85' lang='lat' dir='ltr'><strong>linguae</strong></span> <span class='ocrx_word' id='word_1_278' title='bbox 913 3195 1056 3258; x_wconf 88' lang='lat' dir='ltr'><strong>iuberent</strong></span> <span class='ocrx_word' id='word_1_279' title='bbox 1070 3213 1138 3258; x_wconf 87' lang='lat' dir='ltr'><strong>con-</strong></span> 
     </span>
     <span class='ocr_line' id='line_1_37' title="bbox 159 3279 1139 3358; baseline 0.002 -20"><span class='ocrx_word' id='word_1_280' title='bbox 159 3280 259 3340; x_wconf 90' lang='lat' dir='ltr'><strong>sulum</strong></span> <span class='ocrx_word' id='word_1_281' title='bbox 270 3279 374 3352; x_wconf 82' lang='lat' dir='ltr'><strong>verbis</strong></span> <span class='ocrx_word' id='word_1_282' title='bbox 387 3281 532 3354; x_wconf 91' lang='lat' dir='ltr'><strong>quoniam</strong></span> <span class='ocrx_word' id='word_1_283' title='bbox 547 3279 662 3340; x_wconf 88' lang='lat' dir='ltr'><strong>amissa</strong></span> <span class='ocrx_word' id='word_1_284' title='bbox 673 3285 773 3339; x_wconf 88' lang='lat' dir='ltr'><strong>castra</strong></span> <span class='ocrx_word' id='word_1_285' title='bbox 788 3286 903 3355; x_wconf 88' lang='lat' dir='ltr'><strong>essent,</strong></span> <span class='ocrx_word' id='word_1_286' title='bbox 918 3297 975 3356; x_wconf 93' lang='lat' dir='ltr'><strong>pro</strong></span> <span class='ocrx_word' id='word_1_287' title='bbox 989 3296 1025 3341; x_wconf 91' lang='lat' dir='ltr'><strong>se</strong></span> <span class='ocrx_word' id='word_1_288' title='bbox 1038 3298 1139 3358; x_wconf 87' lang='lat' dir='ltr'><strong>quem·</strong></span> 
     </span>
     <span class='ocr_line' id='line_1_38' title="bbox 159 3363 1138 3439; baseline 0 -17"><span class='ocrx_word' id='word_1_289' title='bbox 159 3379 220 3436; x_wconf 91' lang='lat' dir='ltr'><strong>que</strong></span> <span class='ocrx_word' id='word_1_290' title='bbox 232 3363 359 3424; x_wconf 86' lang='lat' dir='ltr'><strong>militum</strong></span> <span class='ocrx_word' id='word_1_291' title='bbox 371 3363 401 3422; x_wconf 93' lang='lat' dir='ltr'><strong>in</strong></span> <span class='ocrx_word' id='word_1_292' title='bbox 414 3363 573 3439; x_wconf 88' lang='lat' dir='ltr'><strong>proximos</strong></span> <span class='ocrx_word' id='word_1_293' title='bbox 584 3369 704 3423; x_wconf 89' lang='lat' dir='ltr'><strong>montes</strong></span> <span class='ocrx_word' id='word_1_294' title='bbox 716 3363 837 3438; x_wconf 79' lang='lat' dir='ltr'><strong>lugere:</strong></span> <span class='ocrx_word' id='word_1_295' title='bbox 854 3365 990 3425; x_wconf 90' lang='lat' dir='ltr'><strong>sedeam</strong></span> <span class='ocrx_word' id='word_1_296' title='bbox 1005 3367 1138 3426; x_wconf 85' lang='lat' dir='ltr'><strong>celeriter</strong></span> 
     </span>
     <span class='ocr_line' id='line_1_39' title="bbox 158 3446 1135 3523; baseline 0.011 -20"><span class='ocrx_word' id='word_1_297' title='bbox 158 3446 310 3520; x_wconf 85' lang='lat' dir='ltr'><strong>cognitam</strong></span> <span class='ocrx_word' id='word_1_298' title='bbox 326 3447 474 3511; x_wconf 82' lang='lat' dir='ltr'><strong>trondem.</strong></span> <span class='ocrx_word' id='word_1_299' title='bbox 495 3461 739 3523; x_wconf 88' lang='lat' dir='ltr'><strong>oppressamque</strong></span> <span class='ocrx_word' id='word_1_300' title='bbox 753 3461 865 3522; x_wconf 75' lang='lat' dir='ltr'><strong>magm</strong></span> <span class='ocrx_word' id='word_1_301' title='bbox 879 3447 977 3509; x_wconf 90' lang='lat' dir='ltr'><strong>caede</strong></span> <span class='ocrx_word' id='word_1_302' title='bbox 990 3447 1135 3514; x_wconf 77' lang='lat' dir='ltr'><strong>hostiuma</strong></span> 
     </span>
    </p>
   </div>
   <div class='ocr_carea' id='block_1_6' title="bbox 0 0 1218 3892">
    <p class='ocr_par' dir='ltr' id='par_1_6' title="bbox 0 0 1218 3892">
     <span class='ocr_line' id='line_1_40' title="bbox 0 0 1218 3892; baseline 0 2"><span class='ocrx_word' id='word_1_303' title='bbox 0 0 1218 3892; x_wconf 95' lang='lat' dir='ltr'><strong> </strong></span> 
     </span>
    </p>
   </div>
  </div>
 </body>
</html>
