2428 3892
171 235 233 300 tm
316 235 433 298 urana
449 223 557 295 xxvr.
582 231 762 295 canoro.
791 185 997 306 anam]

172 398 294 466 temque
315 393 345 447 et
365 385 559 460 Anagninum
581 399 686 459 agrum
704 383 734 443 in
749 381 939 442 Labicanum
959 381 1057 442 venit.
1070 413 1073 418 ·
1086 379 1157 440 iude

171 473 283 550 Algido
297 471 464 532 Tusculum
480 469 574 546 petiit
593 483 651 528 uec
666 474 811 543 receptus
826 465 991 528 moenibus
1006 465 1087 525 inira
1099 465 1157 524 Tu·
1203 476 1204 548 l

170 558 288 618 sculum
309 555 490 614 dextrorsus
512 552 627 614 Gabios
649 552 818 612 descendit
850 551 925 611 inde
945 550 979 610 in
997 547 1157 626 Pupiniam
1203 561 1204 586 l

171 639 306 701 exercitu
321 637 457 698 demisso
474 643 545 698 octo
559 636 644 696 milia
656 651 806 712 passuum
821 635 860 695 ab
871 635 972 695 Roma
986 633 1095 710 posuit
1109 647 1152 692 ca-

170 733 243 786 stra.
259 737 321 798 quo
334 721 462 799 propius
473 721 572 782 hostis
585 719 762 794 accedebat,
774 735 811 779 eo
824 719 923 779 maior
934 718 1052 779 caedes
1064 716 1158 776 liebat

170 806 347 884 fugientium
369 804 624 883 praecedentibus
644 803 799 879 Numidis,
828 805 998 880 pluresque
1021 802 1158 862 omnium

170 907 316 969 generum
331 897 424 967 atque
439 890 582 950 aetatium
596 888 804 964 capiebantur.

254 976 291 1036 X.
312 976 346 1035 ln
361 972 421 1035 hoc
435 971 830 1034 tumultuFulviusFlaccus
844 977 935 1048 porta
946 971 1076 1047 Capena
1091 985 1158 1030 cum

170 1060 307 1121 exercitu
316 1061 445 1120 Romam
460 1058 619 1134 ingressus
632 1056 734 1116 media
747 1055 824 1116 urbe
838 1073 895 1134 per
907 1055 1036 1116 carinas
1048 1053 1158 1130 Esqui·

171 1146 229 1206 lias
244 1143 417 1212 contendit;
435 1143 511 1202 ‘inde
531 1156 678 1217 egressus
692 1140 771 1200 inter
783 1140 978 1216 Esquilinam
994 1139 1158 1201 Collinam·
1205 1209 1206 1214 ἵ

172 1244 232 1306 que
246 1235 365 1306 portam
380 1231 484 1303 posuit
497 1233 607 1286 castra.
636 1223 754 1300 aediles
770 1225 870 1302 plebis
892 1231 1103 1285 commeatum
1123 1240 1158 1286 eo

171 1317 408 1390 comportarunt
443 1311 588 1373 consules
609 1317 798 1386 senatusque
818 1311 850 1370 in
874 1314 976 1370 castra
997 1315 1159 1369 venerant

171 1398 213 1459 ibi
235 1398 285 1457 de·
297 1412 416 1458 summa
430 1411 463 1454 re
477 1395 599 1471 publica
620 1395 834 1455 consultatum.
872 1393 990 1471 placuit
1009 1394 1159 1454 consules

171 1483 253 1542 circa
278 1487 384 1556 portus
412 1479 558 1539 collinam
582 1478 836 1556 Esquilinamque
867 1483 1021 1554 ponerent
1047 1485 1158 1549 castra

172 1567 204 1626 c.
226 1564 421 1640 Calpurnium
442 1569 613 1639 praetorem
633 1563 784 1623 urbanum
807 1563 957 1639 Capitolio
979 1569 1075 1640 alque
1098 1564 1159 1623 arci

171 1663 327 1724 praeesse,
343 1653 373 1708 et
384 1654 522 1708 senatum
534 1647 726 1722 frequentem
739 1647 771 1708 in
782 1647 850 1709 loro
866 1647 1025 1722 contineri,
1044 1648 1159 1725 siquid

171 1734 200 1792 in
216 1738 277 1791 tam
292 1731 400 1792 subitis
415 1733 507 1793 rebus
523 1731 664 1792 consulto
680 1747 760 1808 opus
776 1739 869 1794 esset.
898 1733 977 1792 inter
990 1731 1159 1792 haecHan-
1207 1797 1208 1826 ¹

172 1815 255 1875 nibal
269 1817 309 1876 ad
319 1816 469 1876 Anienem
484 1815 610 1876 fluvium
625 1815 683 1876 tria
697 1817 779 1877 milia
794 1832 944 1894 passuum
959 1816 1000 1876 ab
1014 1816 1096 1876 urbe
1112 1833 1157 1878 ca·
1207 1829 1208 1832 ’

171 1906 235 1961 stra
248 1899 392 1961 admovit.
415 1900 457 1961 ibi
472 1900 590 1960 stativis
603 1899 713 1978 positis
729 1901 877 1977 ipserum
893 1897 1016 1963 duobus
1032 1901 1160 1961 milibus

173 1984 307 2060 equitum
324 1985 364 2045 ad
378 1991 497 2060 portam
514 1983 659 2046 collinam
679 1999 782 2060 usque
797 1985 837 2045 ad
851 1984 993 2047 Herculis
1008 1988 1159 2061 templum

171 2075 220 2129 est
229 2085 424 2146 progressus,
440 2078 531 2144 atque
543 2069 623 2128 uude
634 2070 775 2144 proxime
786 2076 907 2146 poterat
916 2069 1042 2130 moenia
1053 2070 1161 2130 situm·
1208 2129 1209 2136 ,

172 2168 233 2229 que
247 2153 331 2214 urbis
341 2152 529 2230 obequitans
544 2152 815 2229 contemplabatur.
848 2154 880 2213 id
896 2169 964 2214 eum
980 2159 1042 2214 tam
1063 2153 1160 2213 licen-

171 2245 217 2296 ter
231 2244 322 2314 atqne
337 2238 436 2299 otiose
451 2236 669 2297 lacereFlaoco
685 2237 842 2311 indignum
853 2237 955 2298 visum
971 2245 1037 2298 est=
1054 2238 1160 2314 itaque

171 2318 294 2382 immisit
314 2322 433 2398 equites
449 2321 697 2396 summoverique
718 2328 810 2396 atque
825 2321 854 2381 in
871 2329 973 2382 castra
988 2322 1091 2398 redigi
1106 2323 1160 2382 ho·

171 2405 262 2465 stium
282 2407 449 2482 equitatum
464 2405 562 2466 iussit.
596 2421 665 2465 cum
681 2406 879 2467 commissum
894 2405 1047 2482 proelium
1062 2415 1160 2476 esset,

172 2489 317 2550 consules
332 2490 506 2564 transfugas
521 2489 727 2564 Numidarum,
751 2489 879 2566 quitum
895 2491 925 2550 in
941 2491 1103 2552 Aventino
1119 2491 1160 2550 ad

172 2571 254 2631 mille
268 2579 298 2633 et
312 2573 434 2634 ducenti
450 2579 550 2644 erant,
572 2573 673 2633 media
686 2572 762 2632 urbe
777 2574 907 2634 transire
919 2574 1082 2650 Esquilias
1098 2575 1160 2636 ins-

171 2663 292 2732 serunt,
312 2657 414 2717 nullos
429 2656 562 2731 aptiores
576 2658 654 2720 inter
667 2657 825 2719 convalles
839 2663 984 2734 lectaque
998 2659 1160 2720 hortorum

172 2746 202 2799 et
213 2741 356 2816 sepulcra
370 2747 420 2800 aut
431 2755 524 2801 cavas
538 2741 673 2817 undique
685 2741 752 2801 vias
768 2742 807 2801 ad
819 2743 1021 2819 pugnandum
1039 2745 1160 2805 futuros

171 2823 238 2883 rati.
279 2840 357 2899 quos
383 2840 450 2885 cum
472 2841 510 2884 ex
533 2839 603 2884 arce
625 2824 835 2901 Capitolioque
862 2827 943 2887 clivo
964 2827 1106 2889 Publicio
1128 2829 1159 2889 in

172 2907 261 2981 equis
284 2909 480 2970 decurrentes
503 2909 625 2985 quidam
643 2908 808 2984 vidissent,
831 2917 956 2986 captum
969 2912 1159 2974 Aventinum

172 2992 447 3053 conclamaverunt.
475 3009 576 3053 eures
591 2999 705 3053 tantum
720 2994 881 3055 tramultum
896 3011 933 3055 ac
948 2996 1054 3072 lugam
1070 3011 1159 3073 prae-

171 3075 245 3150 buit,
269 3083 300 3137 ut
314 3076 372 3138 nisi
388 3084 487 3138 castra
501 3077 615 3138 Punica
629 3081 714 3136 extra
729 3077 835 3138 urbem
850 3079 998 3156 luissent,
1018 3079 1158 3142 effusura

172 3175 207 3220 se
222 3161 320 3222 omnis
332 3161 446 3237 pavida
460 3161 617 3222 multitudo
630 3162 735 3222 luerit:
754 3166 827 3222 tunc
841 3162 872 3222 in
889 3164 1001 3225 domos
1016 3172 1112 3241 atque
1127 3181 1156 3223 nn

171 3249 250 3305 meta
264 3245 468 3321 refugiebant,
492 3261 651 3321 vagosque
669 3245 773 3306 inviis
788 3262 865 3309 suos
880 3263 937 3325 pro
953 3248 1099 3311 hostibus
1113 3248 1155 3308 la-

171 3327 295 3403 pidibus
306 3329 438 3406 telisque
452 3329 655 3391 incessebant.
676 3345 733 3390 nec
749 3332 909 3408 comprimi
920 3334 1067 3396 tumultus
1083 3349 1155 3410 ape-

171 3412 284 3489 ririque
305 3428 392 3474 error
411 3419 531 3490 poterat
550 3413 670 3474 relertis
697 3413 856 3477 itineribus
878 3418 1048 3494 agrestium
1067 3417 1155 3480 turba

172 3509 388 3574 pecorumque,
405 3513 483 3575 quaa
494 3497 670 3574 repentinus
682 3512 781 3574 pavor
790 3498 820 3558 in
833 3501 942 3562 urbem
954 3503 1154 3582 compulerat.
