2448 3900
190 165 253 234 est
347 166 464 229 LIBER
476 166 610 228 xxvlll.
634 164 830 230 cubasse.
852 173 890 240 [ι.
904 172 937 224 υ.
950 190 976 228 0.
989 173 1051 242 set]

189 342 258 388 eum
284 331 405 386 centurn
430 318 530 384 bobus
552 322 632 383 votis
658 321 688 380 in
709 319 859 396 Hispania
880 321 944 383 lovi
967 321 1167 392 sacrificum

188 408 446 486 spondebantque
461 406 583 480 animis,
605 405 685 466 sieut
699 404 731 465 C.
745 405 885 466 Lutatius
900 405 1047 481 superius
1060 404 1168 468 bellum

187 491 333 555 Punicum
348 491 476 566 linisset,
497 490 539 550 ita
552 489 584 550 id
598 488 684 565 quod
698 489 825 550 instaret
837 485 870 548 P.
887 490 1061 552 Cornelium
1076 491 1157 551 linita

187 595 264 652 runi,
281 582 372 652 utque
387 574 430 636 uti
439 573 589 651 Hispania
603 573 686 635 omni
697 571 820 634 Poenos
835 574 1017 650 expulisset,
1033 575 1080 634 sie
1090 576 1170 636 ltalia

188 663 347 737 pulsurum
369 673 457 726 esse;
479 658 678 733 Africamque
691 657 729 730 ei,
746 657 874 733 perinde
888 674 926 718 ae
942 657 1130 720 debellatum
1141 661 1170 718 in

189 745 274 806 ltalia
287 744 374 817 leret,
391 741 580 818 provinciam
594 741 799 802 destinabant„
820 743 976 818 praeteria
990 743 1067 803 iude
1083 746 1169 806 eomi-

188 830 230 892 tia
250 827 361 888 habitu.
398 825 490 887 creati
512 827 573 887 duo
595 825 648 902 qui
668 833 730 888 tam
745 825 862 887 aediles
877 826 978 902 plebis
992 835 1100 903 erant,
1122 827 1171 903 Sp.

188 911 345 974 Lueretius
362 911 415 972 Gn.
433 910 592 985 Octavius,
614 917 699 970 etex
718 909 846 986 privatis
862 911 914 972 cn.
931 910 1087 973 Servilius
1104 912 1170 972 Cae-

190 998 241 1074 pio
257 1004 288 1058 et
300 997 334 1056 L.
348 995 498 1057 Aemilius
512 991 627 1070 Papus.

273 1081 384 1156 Quarto
401 1079 520 1140 decimo
535 1095 615 1139 mine
630 1077 735 1139 Punici
750 1079 821 1140 belli
836 1078 867 1138 Ρ.
884 1079 1047 1141 Cornelius
1064 1079 1168 1156 Scipio

189 1173 219 1227 et
233 1165 265 1224 P.
280 1164 414 1226 Licinius
430 1163 561 1224 Crassus
576 1169 610 1224 ut
624 1164 816 1225 consulatum
830 1163 978 1239 inierunt,
999 1165 1172 1226 nominatae

189 1249 367 1312 consulibus
382 1247 561 1326 provinciae
575 1254 655 1323 sunt,
671 1246 776 1310 Sicilia
789 1247 927 1324 Scipioni
941 1257 1033 1312 extra
1048 1257 1169 1313 sortem

189 1335 378 1396 eoncedente
395 1334 522 1408 collega,
538 1331 611 1408 quia
625 1347 785 1393 sacrorum
797 1348 871 1394 cara
885 1334 1067 1408 pontificem
1081 1336 1171 1395 maxi-

188 1436 270 1480 mum
291 1419 322 1479 in
343 1417 428 1479 ltalia
447 1417 610 1490 retinebat,
630 1415 738 1478 Bruttii
754 1416 876 1478 Crasso.
911 1426 975 1479 tum
997 1421 1173 1494 praetoriae

189 1503 368 1578 provinciae
388 1503 419 1562 in
434 1509 550 1565 sortem
564 1500 732 1562 coniectae.
766 1502 886 1563 urbana
900 1501 1108 1564 Cu.·Seriili0
1123 1505 1172 1565 ob-

188 1587 262 1662 tigit,
283 1585 452 1648 Ariminum
466 1617 510 1630 -
523 1586 564 1646 ita
580 1585 706 1648 Galliam
721 1587 973 1662 appellabunt-
987 1587 1043 1664 Sp.
1059 1588 1168 1648 Luere

188 1671 240 1744 uo,
256 1669 359 1731 Sicilia
372 1670 406 1730 L.
424 1669 564 1745 Aemilio,
580 1669 634 1730 Cn.
651 1669 776 1732 Octauio
792 1670 943 1732 Sardinia.

274 1753 406 1814 XXXlX.
429 1753 561 1816 Senatus
582 1755 614 1814 iu
631 1754 778 1831 Capitolio
793 1755 926 1817 babitus.
961 1755 1004 1816 ibi
1019 1757 1171 1816 referente

188 1839 220 1899 P.
237 1837 382 1914 Scipione
398 1846 522 1900 senatus
538 1841 712 1901 consultam
728 1843 911 1915 factumest,
932 1846 966 1902 ut
980 1857 1065 1915 ques
1082 1841 1171 1902 ludos
1208 1833 1209 1919 i

189 1925 267 1986 inter
281 1923 463 1985 seditionem
478 1923 636 1986 militarem
651 1924 682 1985 ln
693 1923 843 2000 Hispania
852 1925 1000 1999 vovisset,
1017 1940 1059 1984 ex
1071 1941 1112 1985 ea
1123 1942 1171 2002 pe·

188 2009 279 2070 cunia
300 2026 392 2085 quam
406 2007 519 2085 ipsein
534 2008 686 2070 aerarium
701 2008 861 2070 detulisset
875 2009 999 2069 laceret.
1039 2015 1107 2070 tum
1122 2009 1172 2070 Sa-

187 2093 382 2170 guntinorum
393 2093 511 2169 legates
523 2093 553 2153 in
566 2100 705 2156 sertatum
716 2092 892 2154 introduxit.
909 2092 1005 2153 exeis
1019 2093 1173 2154 maximus
1207 2131 1208 2181 a

187 2187 274 2240 natm
306 2177 385 2253 „etsi
407 2176 481 2238 nihil
501 2179 579 2238 ultra
603 2177 752 2238 malorum
774 2184 835 2251 est,
861 2184 966 2252 patres
992 2180 1171 2254 conscripti,

188 2279 278 2338 quam
297 2262 381 2338 qued
395 2261 482 2338 passi
496 2278 613 2335 suiuus,
627 2269 660 2322 ut
674 2262 715 2322 ad
728 2261 865 2322 ultimum
876 2261 969 2322 fldem
979 2260 1074 2322 vobis
1086 2279 1171 2338 prae-

188 2353 349 2422 staremus
365 2353 466 2408 tannen
480 2360 518 2406 eo
528 2353 632 2408 vestra
642 2345 749 2406 merita
759 2345 1041 2422 imperatorumque
1052 2355 1170 2408 vestro—
1206 2377 1207 2443 ί

147 2471 150 2478 ·
186 2447 254 2492 rum
278 2446 352 2505 erga
377 2447 435 2492 taos
460 2432 597 2505 luerunt,
621 2437 656 2490 ut
680 2445 739 2490 nos
761 2429 891 2490 cladium
912 2437 1095 2492 tausinanum
1115 2449 1170 2492 nou

187 2514 349 2589 paeniteat
383 2513 497 2574 bellum
524 2522 650 2590 propter
678 2531 736 2575 nos
764 2513 965 2590 suscepistis,
990 2526 1170 2592 susceptum

188 2604 328 2673 quartum
357 2599 509 2658 decimum
537 2615 650 2659 annum
677 2606 739 2659 tarn
763 2598 958 2675 pertinaciter
983 2600 1111 2677 geritis,
1141 2610 1168 2660 ut
1205 2639 1206 2705 1

187 2697 283 2756 saepe
304 2682 344 2742 ad
364 2682 501 2742 ultimum
521 2682 685 2744 discrimen
700 2690 729 2744 et
743 2684 802 2760 ipsi
817 2682 963 2744 veneritis
977 2691 1009 2743 et
1023 2687 1168 2761 populum

187 2764 468 2840 Carthaginiensem
482 2765 681 2829 adduxeritis.
704 2785 774 2829 cum
787 2768 818 2828 iu
828 2768 914 2828 ltalia
928 2775 990 2828 mm
1004 2776 1099 2830 atrox
1113 2769 1168 2830 bel·

186 2851 250 2911 lum
264 2855 294 2909 et
303 2849 503 2913 Hannibalem
517 2851 639 2914 hostem
649 2851 813 2924 haberetis,
830 2853 989 2914 consulem
1001 2867 1077 2914 eum
1087 2869 1166 2914 exer-

187 2934 249 2996 oitn
263 2934 294 2994 in
308 2935 487 3011 Hispaniam
501 2938 585 2998 velut
599 2937 639 2998 ad
655 2937 843 3014 colligendas
857 2937 1006 3014 reliquias
1020 2936 1167 3012 naufragii

187 3019 285 3082 nostri
306 3019 442 3081 misistis.
475 3019 507 3078 P.
523 3029 554 3082 et
569 3021 622 3083 Cn.
638 3022 769 3084 Cornelii
790 3037 830 3082 cx
851 3037 913 3098 quc
928 3021 958 3080 in
979 3021 1165 3097 prouinciam

186 3113 350 3177 venerunt,
373 3107 457 3166 nullo
478 3113 617 3181 tempore
636 3107 818 3167 destiterunt
832 3122 912 3182 quac
926 3106 1018 3168 nobis
1033 3106 1165 3168 secunda

186 3204 329 3265 quaeque
357 3190 490 3250 adversa
517 3189 657 3250 hostibus
686 3191 801 3251 nostris
830 3199 937 3250 essent
964 3191 1080 3252 faeere.
1112 3191 1164 3250 iam

187 3272 322 3332 omnium
337 3273 466 3345 primum
482 3273 631 3347 oppidum
644 3274 734 3334 nobis
749 3273 954 3348 restituerunt,
975 3291 1036 3348 per
1049 3289 1162 3336 ornnem

187 3351 366 3429 Hispaniam
382 3353 466 3415 eives
480 3363 604 3417 nosnos
619 3374 731 3418 venum
746 3358 852 3431 datos,
874 3357 1012 3418 dimissis
1029 3359 1083 3434 qui
1098 3374 1162 3418 con·

190 3435 352 3512 eniterent,
366 3452 407 3496 ex
420 3438 565 3500 servitute
580 3441 610 3498 in
624 3440 793 3502 libertatem
806 3442 1011 3504 restituerunt.
1030 3441 1161 3504 numiam
