2466 3900
281 243 398 304 LIBER
410 243 517 306 xlllv.
540 245 624 308 cni).
639 257 665 310 l.
680 260 706 310 s.
730 255 888 325 [bears]
1058 256 1078 320 5

178 392 230 452 lV.
252 393 287 452 ln
299 391 403 454 Sicilia
413 395 561 457 Romanis
577 397 679 459 omnia
693 407 862 463 mutaverat
876 420 960 467 mors
973 405 1079 469 Hiero·

93 477 142 538 nis
156 491 347 554 regnumque
362 477 404 538 ad
413 477 635 560 Hieronymum
649 491 792 560 nepotem
808 485 875 550 eius
890 491 1078 566 translatum,

92 577 223 639 puerum
239 561 364 623 vixdum
386 562 554 626 libertatem
569 567 684 628 nedum
698 567 937 634 dominationem
957 575 1079 636 modice

92 649 233 706 laturum.
266 661 304 705 ea
324 655 425 722 aetas,
449 648 482 709 id
501 650 672 727 ingenium:
694 659 725 714 et
737 660 856 716 tutores
876 663 969 733 alque
989 659 1079 720 amici

93 733 134 791 ad
156 729 423 806 praecipitandum
443 732 473 794 in
495 734 598 796 omnia
615 737 687 797 vilia
707 747 903 816 acceperunt.
936 757 1016 816 quae
1037 744 1078 805 ita

94 817 194 876 lutura
208 829 337 876 cernens
351 815 444 877 Hiero
467 817 570 879 ultima
584 827 709 882 senecta
723 823 861 884 voluisse
876 824 985 886 dicitur
1005 826 1078 888 libe-

92 916 144 960 ras
165 897 340 976 Syracusas
360 901 548 980 relinquere,
575 920 614 964 ne
636 906 694 966 sub
716 906 872 969 dominatu
892 910 1003 986 puerili
1022 926 1079 988 per

93 983 258 1046 ludibrium
271 983 362 1045 bonis
383 986 499 1048 artibus
514 995 635 1064 partum
648 991 861 1066 firmatumque
882 993 1018 1056 interiret
1032 1011 1077 1055 re-

92 1085 196 1145 gnum.
228 1067 300 1128 huic
316 1071 445 1134 consilio
461 1073 527 1133 eius
542 1090 661 1135 summa
675 1090 736 1152 ope
751 1075 897 1137 obstitere
912 1078 1003 1154 filiae,
1023 1095 1074 1139 no

91 1171 161 1215 men
176 1154 294 1230 regium
309 1171 407 1230 penes
421 1173 549 1233 puemm
564 1159 696 1221 loturum
709 1168 808 1236 ratae,
827 1160 962 1239 regimen
977 1178 1078 1224 rerum

93 1240 1076 1324 omniumpenessevirosquesuosAndranodorumetZoippum,

98 1324 150 1400 qui
163 1323 428 1400 Syracusanorum
443 1327 533 1402 primi
547 1326 804 1404 relinquebantur.
830 1345 891 1389 non
908 1329 997 1390 lacile
1012 1340 1076 1390 erat

96 1409 325 1484 nonagesimum
336 1411 397 1472 iarn
408 1411 510 1487 agenti
522 1427 643 1486 annum,
659 1412 865 1474 circumsesso
878 1413 945 1474 dies
957 1421 1076 1474 noctes-

94 1509 153 1569 que
165 1494 365 1557 muliebribus
379 1495 543 1570 blanditiis,
559 1497 690 1558 liberare
704 1497 837 1558 animmn
852 1504 887 1576 et·
897 1504 1077 1559 convertere

91 1580 132 1641 ud
150 1579 307 1656 publicam
326 1580 447 1656 privata
467 1598 582 1643 curam.
614 1582 718 1657 imque
739 1589 855 1644 tutores
876 1583 969 1643 modo
991 1583 1074 1659 quirn-

91 1664 192 1725 dccim
203 1681 301 1742 puero
312 1665 465 1742 relinquit,
479 1683 558 1742 quos
568 1674 711 1744 precatus
724 1675 772 1729 est
784 1668 927 1742 moriens,
942 1674 975 1728 ut
984 1669 1075 1734 fldem

91 1766 166 1826 erga
184 1751 334 1827 populum
347 1751 520 1812 Romanum
541 1752 762 1827 quinquaginta
781 1768 881 1814 annos
903 1751 941 1811 ab
957 1768 993 1812 se
1014 1754 1075 1813 cul-

90 1843 152 1898 tum
172 1834 350 1898 inviolatam
372 1846 545 1913 servarent,
573 1837 776 1914 iuvenemque
797 1839 862 1898 suis
882 1836 1075 1913 potissimum

90 1919 231 1996 vestigiis
246 1921 389 1983 insistere
403 1922 524 1995 veHent,
546 1921 738 1998 disciplinae,
760 1922 790 1981 in
806 1939 869 1999 qua
883 1921 1011 1983 eductus
1027 1937 1075 1981 es·

90 2013 147 2068 set.
184 2006 262 2066 haec
282 2007 434 2067 mandata.
470 2023 539 2068 cum
560 2006 751 2083 exspirasset
769 2022 826 2081 per
846 2011 963 2065 tutores
984 2013 1075 2065 lesta-

89 2097 194 2151 mento
216 2091 337 2167 prolato
358 2106 518 2168 pueroque
535 2091 568 2151 in‘
588 2091 762 2153 contionem
781 2091 933 2168 producto
954 2097 1076 2148 —erat

89 2172 191 2236 autem
208 2175 383 2251 quindecim
397 2184 461 2238 tum
475 2176 571 2236 ferme
585 2191 735 2237 annorum
752 2209 790 2219 -
805 2173 929 2251 paucis,
954 2173 1007 2249 qui
1020 2189 1076 2247 per

89 2260 266 2321 contionem
280 2261 321 2320 ad
335 2261 516 2321 excitandos
528 2260 679 2320 clamores
694 2258 837 2335 dispositi
853 2263 947 2332 erant,
962 2272 1075 2332 appro-

88 2344 234 2404 bantibus
249 2351 477 2420 testamentum,
498 2344 608 2405 ceteris
623 2345 707 2405 velut
721 2349 808 2420 patre
822 2341 938 2403 amisso
953 2341 984 2401 in
1000 2338 1076 2402 orba

89 2428 213 2489 civitate
235 2428 337 2488 omnia
357 2429 530 2490 timentibus
545 2430 636 2490 lunus
651 2430 686 2490 llt
703 2428 835 2504 regium,
857 2426 955 2501 magis
971 2441 1076 2485 amore

88 2513 202 2574 civium
214 2519 245 2572 et
256 2511 381 2573 caritate
393 2530 483 2588 quam
496 2529 569 2589 cura
580 2523 706 2573 suorum
718 2510 848 2574 celebre.
863 2510 951 2570 brevi
964 2510 1076 2570 deinde

88 2603 211 2659 ceteros
233 2604 351 2658 tutores
374 2604 547 2658 summovet
565 2597 827 2658 Andranodorus=
853 2594 994 2655 iuvenem
1015 2594 1076 2654 iarn

88 2697 160 2742 esse
177 2680 320 2741 dictitans
327 2681 550 2761 Hieronymum
564 2697 601 2742 ac
615 2681 702 2757 regni
716 2687 873 2757 potentem
888 2679 1074 2755 deponendo

86 2767 213 2827 tutelam
234 2765 317 2841 ipse,
348 2781 517 2840 quaecum
538 2765 677 2842 pluribus
699 2765 869 2825 communis
892 2770 971 2848 erat,
995 2763 1076 2846 inse

87 2867 183 2911 unum
199 2850 335 2910 omnium
349 2850 431 2909 vires
447 2849 605 2911 convertit.

173 2934 214 2994 V.
241 2934 305 2994 Vix
326 2934 450 3009 quidem
471 2935 523 2994 ulli
544 2935 627 2995 bono
649 2934 870 3009 moderatoque
890 2932 956 3006 regi
976 2931 1075 2991 facilis

75 3016 154 3079 'erat
174 3019 264 3078 lavor
288 3019 373 3094 apud
395 3017 611 3095 Syracusanos
638 3017 816 3078 succedenti
835 3022 937 3077 tantae
959 3015 1075 3076 caritati

86 3101 243 3164 Hieronis.
275 3118 384 3163 verum
399 3102 479 3163 enim
493 3118 566 3164 vero
581 3103 798 3179 Hieronymus,
814 3103 898 3162 velut
912 3099 978 3160 suis
995 3099 1075 3158 vitiis

88 3186 328 3247 desiderabilem
340 3186 463 3247 allicere
470 3188 562 3248 vellet
573 3204 672 3258 avum,
686 3186 784 3262 primo
797 3185 1076 3257 statimconspectu

88 3272 192 3331 omnia
204 3287 297 3346 quam
309 3270 446 3346 disparia
461 3279 566 3332 essent
581 3270 724 3332 ostendit.
747 3287 817 3331 nam
830 3268 882 3345 qui
893 3282 950 3342 per
963 3272 1008 3324 lot
1020 3281 1073 3322 an-

88 3371 146 3416 nos
160 3355 328 3415 Hieronem
349 3355 507 3432 filiumque
528 3355 596 3417 eius
612 3355 758 3417 Gelonem
778 3368 836 3414 nec
852 3349 947 3410 vestis
968 3345 1074 3406 habitu

88 3455 146 3498 nec
161 3438 222 3499 alio
233 3440 297 3500 ullo
312 3437 425 3514 insigni
437 3438 613 3500 differentes
629 3438 769 3498 aceleris
781 3433 900 3494 civibus
912 3430 1072 3502 vidissent,

89 3537 284 3600 conspexere
304 3523 473 3600 purpuram
493 3537 530 3582 ac
546 3522 688 3583 diadema
702 3535 739 3579 ac
760 3515 905 3578 satelltes
926 3519 1069 3598 armatos.
