2434 3902
206 219 453 280 umnnxxvn.
478 219 560 278 one.
575 227 619 281 41.
634 227 677 281 o.
701 222 736 298 p.
751 226 783 277 c.
799 228 863 294 noni
958 223 1022 292 aaa

53 379 93 435 sul
107 371 225 448 ingenio
236 371 334 432 hostis
349 387 435 446 usus,
450 387 511 448 quo
527 371 627 430 minus
642 370 671 428 in
687 377 748 430 tam
762 372 877 446 apertis
892 373 1021 436 collibus

51 457 138 518 timeri
148 456 278 517 insidiae
288 461 438 532 poterant,
456 455 592 530 quinque
603 454 747 514 cohortes
759 454 872 516 additis
885 457 1021 534 quinque

50 541 202 618 manipulis
214 547 305 601 nocte
316 541 417 615 iugum
429 554 576 615 superare
586 544 618 599 et
628 539 658 596 in
677 540 795 598 aversis
808 540 936 601 collibus
949 556 1020 602 oon·

51 625 142 686 sidere
153 624 244 686 iubet.
268 621 387 699 tempus
399 622 585 698 exsurgendi
597 638 637 682 ex
647 622 768 684 insidiis
780 629 810 683 et
819 624 1020 700 adgrediendi
1111 655 1124 664 ·-

50 709 158 770 hostem
164 709 228 768 Tib.
237 708 395 769 Claudium
401 707 539 768 Asellum
550 705 702 768 tribunum
717 707 843 768 militum
857 714 887 768 et
893 708 925 768 P.
934 709 1020 769 Clau-

25 858 31 864 ,
53 794 124 853 dium
143 793 331 868 praelectum
353 791 471 852 socium
493 790 615 865 edocet,
640 806 803 868 quoscum
825 792 862 852 iis
876 792 1020 854 mittebat

52 877 109 952 ipse
126 879 192 938 luce
217 876 317 952 prima
341 876 448 954 copias
473 882 580 936 omnes
607 875 742 950 peditum
767 876 965 954 equitumque
990 878 1021 938 in

53 961 135 1021 aciem
149 961 264 1022 eduxit.
290 963 383 1037 paulo
398 968 470 1037 post
483 968 513 1021 et
527 959 565 1019 ab
577 960 748 1020 Hannibale
763 959 883 1035 signum
898 977 1021 1037 pugnae

53 1046 228 1122 propositum
247 1053 310 1119 est,
334 1047 510 1120 clamorque
524 1045 555 1104 in
570 1044 678 1104 castris
694 1045 734 1104 ad
749 1059 834 1104 arma
848 1044 1020 1106 discurren-

53 1131 114 1190 tium
133 1131 179 1191 e'st
197 1131 348 1199 sublatus.
381 1130 453 1190 inde
474 1145 570 1206 eques
585 1129 745 1204 pedesque
766 1128 902 1189 certatim
922 1130 1020 1206 portis

53 1229 143 1287 ruere,
164 1230 200 1274 ao
215 1214 310 1291 palati
324 1229 381 1290 per
395 1230 535 1291 eampum
552 1228 721 1290 properare
734 1214 775 1274 ad
789 1214 907 1274 hostes.
941 1230 1020 1290 quos

54 1296 99 1356 ubi
117 1297 228 1361 effusos
244 1300 353 1360 oonsul
368 1297 465 1372 videt,
486 1297 608 1360 tribuno
622 1297 749 1358 militum
763 1297 870 1358 tertiae
890 1297 1020 1372 legionis
1128 1345 1131 1350 .

54 1381 292 1445 C.Aurunouleio
314 1384 456 1459 imperat,
477 1391 511 1444 ut
529 1383 647 1459 equites
670 1381 800 1458 legionis
822 1387 935 1459 quanto
957 1399 1019 1442 ma·

54 1464 127 1524 ximo.
137 1467 249 1544 impetu
265 1467 365 1544 possit
379 1468 409 1526 in
421 1467 542 1528 hostem
556 1467 685 1528 emittat:
707 1467 748 1527 ita
762 1483 910 1544 pecorum
925 1468 1017 1528 modo

55 1547 261 1627 incompositos
276 1559 340 1613 toto
355 1553 473 1628 passim
488 1568 523 1612 se
538 1567 648 1632 eatnpo
663 1551 791 1626 fudisse,
810 1558 842 1611 ut
857 1552 950 1612 sterni
966 1551 1019 1612 ob-

55 1633 157 1709 terique
175 1638 360 1714 priusquam
380 1637 567 1698 instruantur
585 1635 716 1713 possint.
766 1635 854 1696 XLII.
883 1638 1018 1698 nondum

55 1715 186 1781 Hannibal
206 1737 224 1782 e
246 1721 355 1782 eastris
381 1721 510 1796 exierat,
540 1737 607 1781 cum
633 1720 831 1797 pugnantium
856 1721 1018 1784 clamorem

57 1803 163 1865 audivit.
195 1807 300 1883 itaque
315 1805 434 1867 excitus
448 1807 577 1867 tumultu
590 1806 700 1881 raptim
720 1806 761 1866 ad
775 1805 895 1866 bostem
911 1806 1019 1882 copias

58 1887 113 1959 agit.
141 1890 200 1950 iam
220 1891 338 1967 primos
361 1897 567 1967 occupaverat
587 1896 730 1966 equester
749 1897 862 1961 terram
885 1891 1020 1974 peditum

58 1971 131 2032 etiam
149 1973 247 2050 prima
262 1974 342 2051 legio
364 1982 394 2036 et
409 1975 526 2036 dexlra-
538 1976 586 2034 ala
602 1974 753 2051 proelium
774 1973 883 2034 inibatz
905 1975 1020 2035 incom-

57 2055 132 2127 positi
145 2057 266 2135 hostes,
288 2066 322 2121 ut
336 2075 488 2137 quemque
502 2066 554 2120 aut
568 2059 664 2135 pediti
679 2065 730 2118 aut
750 2058 844 2134 equiti
859 2073 950 2119 casus
966 2059 1020 2119 ob·

56 2137 123 2213 tulit,
142 2141 181 2202 ita
202 2149 368 2206 sonnerunt
387 2160 506 2205 manus.
550 2143 661 2205 oresoit
681 2158 785 2219 pugna
806 2142 967 2217 subsidiis,
991 2151 1021 2204 et

58 2229 282 2294 procurrentium
304 2229 344 2289 ad
360 2235 511 2289 certamen
527 2243 653 2288 numero
669 2233 812 2302 augetum
835 2233 1015 2302 pugnantes·

58 2319 114 2384 iub
128 2313 278 2386 quodnisi
294 2312 324 2373 in
337 2318 440 2373 vetere
455 2312 589 2374 exercitu
604 2319 634 2372 et
649 2311 719 2372 duoi
730 2310 826 2372 veteri
837 2311 919 2372 haud
931 2312 1020 2373 facile

58 2397 102 2464 est
121 2391 195 2456 inter
209 2398 367 2460 tumultum
382 2413 419 2458 ae
434 2404 581 2459 terrorem
595 2396 793 2457 instruxisset
805 2394 966 2472 Hannibal,
988 2397 1018 2456 ni

59 2473 210 2542 cohortium
217 2498 261 2547 ,aa
282 2483 505 2558 manipulorum
521 2482 653 2542 decursu
667 2497 724 2557 per
739 2480 834 2540 eolles
851 2481 966 2540 clamor
980 2481 1019 2541 ab

57 2559 128 2633 tergo
142 2566 261 2627 auditus
276 2573 397 2644 metum,
418 2583 457 2627 ne
470 2566 743 2629 intereluderentur
757 2565 875 2638 eastris,
899 2564 1019 2626 iniecis-

58 2649 103 2738 tet.
132 2645 198 2710 inde
212 2667 313 2728 pavor
332 2651 476 2712 incussus
492 2658 523 2712 et
536 2652 608 2727 luga
622 2651 738 2728 passim
754 2649 820 2712 fleri
839 2657 949 2727 coepta
964 2656 1019 2710 est.

59 2737 201 2808 minorque
222 2735 335 2796 caedes
357 2735 427 2808 ibit,
451 2735 523 2811 qnia
538 2736 752 2812 propinquitas
768 2742 939 2796 castrorum
952 2734 1019 2795 bre-

59 2808 156 2876 viorem
175 2819 276 2895 mgnm
298 2819 448 2896 perculsis
463 2820 544 2880 lecit.
578 2819 698 2896 equites
713 2819 793 2880 enim
808 2826 895 2895 tergo
916 2819 1020 2880 inhae-

59 2893 164 2972 relano
178 2903 207 2962 in
222 2909 400 2965 transversa
416 2904 510 2964 latera
524 2905 702 2966 invaserant
715 2903 859 2966 cohortes
875 2903 1020 2965 secundis

59 2977 170 3072 collibus
182 2987 233 3048 via
247 2987 330 3049 nuda
345 3005 382 3049 ao
397 2988 477 3049 facili
493 2988 700 3050 decurrentes.
724 2997 825 3050 tamen
842 3005 936 3065 supra
951 2994 1020 3049 ooto

59 3061 127 3159 milia
143 3067 298 3133 hominum
319 3073 439 3146 occisa,
464 3089 558 3150 supra
578 3073 790 3150 septingentos
812 3073 910 3150 eapti;
933 3073 1021 3147 sigua

59 3145 179 3214 miliaria
192 3171 302 3217 novem
318 3159 477 3234 adempta;
493 3156 646 3234 elephanti
661 3159 760 3233 etiam,
778 3171 907 3233 quorum
919 3157 1020 3216 nullus

60 3239 122 3330 ltus
140 3235 168 3298 ln
187 3240 347 3318 repentina
360 3257 397 3302 ao
416 3242 610 3303 tumultuario
624 3259 729 3318 pugna
743 3242 856 3317 luerat,
880 3245 1021 3315 quattuor

62 3319 148 3396 oooasi,
162 3324 222 3386 duo
234 3325 325 3402 eapti.
347 3325 429 3387 eiu-oa
441 3325 625 3405 quingentos
632 3327 841 3387 Romanorum
853 3323 1020 3385 saelorum-

63 3409 111 3469 lle
123 3405 250 3471 viatores
267 3409 451 3471 oeciderunt.
474 3417 601 3486 postero
617 3409 793 3472 diePoenus
811 3407 939 3484 quievit:
960 3409 1020 3468 Ro-

63 3491 152 3548 lnanus
165 3491 193 3552 in
214 3493 309 3555 aniam
326 3493 428 3572 copiis
446 3493 564 3555 eductis
580 3501 743 3571 postquam
764 3491 916 3552 neminem
934 3491 1019 3567 signo

95 3582 117 3625 τ.
130 3587 185 3634 mvi
199 3593 274 3636 raas
289 3577 339 3636 lli.
780 3583 815 3636 14
