2434 3902
189 196 251 260 aro
327 195 574 258 tmeaxxvu.
598 195 681 256 cnr.
697 203 741 256 a.
756 203 799 257 rs.
822 195 858 272 p.
876 200 910 253 u.
926 219 950 253 ι.
965 198 1030 272 ιιι]

189 355 294 412 contra
308 347 417 409 efferre
432 348 516 424 vidit,
538 348 640 424 spolia
653 349 714 424 legi
729 363 890 412 ramorum
904 349 1042 412 bosbum
1057 358 1088 410 et
1102 368 1154 412 suo

188 450 253 496 rum
274 448 407 510 corpora
427 433 538 493 collata
558 432 588 493 in
609 449 700 492 uuum
718 433 842 510 sepeliri
862 433 961 496 iussit.
997 435 1073 495 iude
1094 437 1164 496 inse

189 517 352 596 quentibus
374 516 525 578 continuis
547 517 657 578 diebus
678 518 795 593 aliquot
814 519 856 579 ita
876 519 984 580 institit
1003 521 1120 596 portis,
1141 529 1166 581 ut

190 618 288 681 prope
303 602 413 661 inlerre
428 601 517 676 signa
531 601 695 678 videretur,
712 603 811 663 donec
825 603 977 664 Hannibal
992 605 1084 665 tertia
1098 605 1165 680 vigi-

190 689 231 748 lia
246 685 361 747 crebris
376 685 498 761 ignibus
513 686 795 763 tabernaculisque,
819 703 897 763 quae
912 705 986 764 pars
1001 695 1167 750 castrorum

189 773 229 832 ad
244 772 350 832 hostes
364 771 521 848 vergebat,
543 778 574 830 et
586 770 725 833 Numidis
740 773 864 848 paucis,
890 774 941 848 qui
957 774 988 834 iu
1003 775 1089 834 vallo
1105 790 1167 850 por·

190 857 289 932 tisque
309 871 344 916 se
366 855 577 931 ostenderent,
597 855 710 917 relictis
730 858 887 932 proiectus
901 858 1049 934 Apuliam
1070 866 1169 934 petere

189 941 325 1002 intendit.
356 939 408 1000 ubi
423 940 531 1014 illuxit,
546 941 698 1002 successit
713 941 793 1002 vallo
808 941 947 1004 Romana
961 943 1058 1018 actes,
1074 950 1106 1002 et
1116 943 1168 1003 llu-

189 1027 288 1086 midae
304 1041 342 1085 ex
355 1024 526 1102 composito
537 1025 696 1102 paulisper
707 1026 738 1084 in
750 1026 847 1101 portIs
862 1042 898 1087 se
910 1027 1055 1102 valloque
1072 1033 1169 1088 osten-

189 1118 301 1186 tavere,
320 1109 515 1184 lnrstmtique
529 1108 715 1184 aliquamdiu
728 1109 834 1172 hostes
850 1110 947 1172 citaIIs
959 1113 1050 1189 equis
1065 1127 1170 1186 agmen

189 1211 313 1256 suorum
335 1194 554 1270 adsequuntur.
588 1196 695 1256 consul
715 1194 768 1257 ubi
788 1195 940 1256 silentium
961 1196 992 1256 in
1013 1196 1127 1256 castris
1146 1205 1170 1254 et

190 1295 228 1340 ne
242 1293 360 1356 paucos
376 1280 507 1355 quidem,
523 1278 575 1355 qui
588 1279 687 1355 prima
700 1283 769 1340 luce
783 1279 1064 1354 obambulauerant,
1089 1287 1170 1357 parte

189 1365 250 1426 ulla
261 1363 412 1439 cernebat,
425 1363 546 1424 duobus
559 1363 713 1440 equitibus
725 1365 916 1441 speculatum
927 1365 958 1424 in
970 1372 1073 1426 eastra
1086 1381 1168 1440 prae

190 1448 292 1512 missis
304 1455 468 1524 postquam
480 1447 554 1508 satis
568 1455 633 1509 tuta
648 1448 750 1510 omnia
763 1463 834 1510 esse
849 1450 1040 1525 exploratum
1055 1456 1116 1524 est,
1131 1450 1169 1508 ln·

190 1532 262 1593 lerri
276 1533 364 1608 signa
378 1532 481 1593 iussita
502 1539 677 1608 tantumque
692 1533 733 1592 ibi
748 1539 894 1606 moratus,
917 1535 991 1594 dum
1005 1533 1120 1594 milites
1135 1534 1170 1592 ad

191 1617 336 1693 praedam
356 1615 542 1690 discurrunt,
571 1617 707 1694 receptui
729 1619 841 1678 deinde
863 1618 985 1692 cecinit,
1015 1619 1171 1694 multoque

190 1708 259 1762 ante
274 1706 394 1762 noctem
409 1702 515 1778 copias
530 1703 659 1764 reduxit.
697 1709 825 1779 postero
839 1703 889 1763 die
905 1703 1001 1778 prtma
1017 1703 1089 1762 luce
1104 1719 1169 1778 pro

191 1786 303 1859 lectus,
326 1785 444 1862 magnis
465 1786 622 1849 itineribus
643 1788 755 1848 lamam
777 1794 807 1849 et
827 1788 957 1862 vestigia
976 1787 1111 1863 angnis
1127 1803 1170 1846 se·

192 1887 290 1947 quens
302 1870 383 1932 haud
395 1872 504 1947 procul
510 1872 649 1933 Venusia
658 1871 779 1933 bostem
790 1872 977 1949 adsequitur.
993 1871 1034 1931 ibi
1046 1887 1172 1948 quoque

191 1955 382 2018 tumultuaria
393 1971 497 2032 pugna
511 1956 580 2027 luit;
604 1972 698 2032 supra
714 1957 775 2018 duo
791 1957 873 2017 milia
881 1956 1053 2018 Poenorum
1071 1972 1171 2016 caesa

190 2041 261 2101 lnde
281 2040 437 2100 nocturnis
453 2041 668 2116 montanisque
688 2041 845 2103 itineribus
860 2041 994 2115 Poenus,
1014 2056 1054 2100 ne
1071 2041 1172 2103 locum

190 2124 346 2200 pugnandi
369 2124 470 2200 daret,
495 2123 704 2202 Metapontum
724 2125 818 2202 petiit.
859 2125 968 2186 Hanno
990 2125 1065 2185 inde
1087 2158 1132 2170 -
1152 2127 1173 2185 is

191 2209 269 2270 enim
291 2208 446 2285 praesidio
469 2207 536 2270 eius
556 2209 616 2269 loci
637 2209 811 2285 praefuerat
830 2241 873 2252 -
893 2210 923 2269 ln
945 2209 1084 2270 Bruttios
1107 2225 1172 2270 eun

191 2294 297 2370 paucis
312 2293 353 2354 ad
367 2293 532 2356 exereitum
547 2311 661 2355 novum
679 2294 916 2370 comparandum
938 2294 1069 2354 missus=
1093 2295 1172 2354 Han·

191 2378 272 2438 nibal
294 2377 392 2454 copiis
412 2379 479 2440 eius
497 2379 538 2438 ad
553 2395 625 2439 suas
643 2378 755 2438 additis
770 2377 940 2440 Venusiam
960 2385 1042 2440 retro
1060 2379 1172 2455 quibus

191 2469 317 2524 venerat
331 2462 489 2524 itineribus
504 2462 633 2540 repetiit,
649 2470 742 2540 atque
756 2463 827 2522 inde
843 2463 1006 2523 canusium
1024 2465 1172 2539 procedit.

192 2564 357 2624 numquam
369 2547 448 2608 Nero
464 2547 602 2622 vestigiis
617 2548 715 2622 hosbs
731 2547 903 2622 abstiterat,
925 2555 957 2608 et
972 2547 1005 2622 9.
1021 2549 1170 2620 Fulvium,

192 2647 260 2691 eum
280 2632 488 2707 Metapontum
509 2633 578 2707 lpse
604 2631 866 2709 proficisceretur,
894 2632 924 2691 in
946 2633 1110 2708 LucanoS,
1140 2648 1172 2692 ne

192 2715 275 2790 regio
292 2731 329 2776 ea
344 2717 411 2775 sine
426 2716 581 2791 praesidio
597 2724 689 2791 esset,
709 2717 901 2777 arcessierat.

272 2799 374 2860 XLIII.
409 2800 491 2861 later
505 2801 582 2861 haee
602 2801 641 2861 ab
655 2801 863 2874 Hasdrubale,
887 2808 1055 2878 postquam
1079 2801 1170 2862 aPla·

192 2884 309 2944 cantiae
329 2882 491 2945 obsidione
513 2885 680 2962 abscessit,
701 2892 843 2961 quattuor
859 2885 935 2945 Galli
951 2886 1091 2962 equites,
1116 2885 1169 2946 duo

192 2968 339 3028 Numidae
359 2984 428 3030 oum
449 2970 555 3031 litteris
575 2970 662 3031 missi
683 2971 724 3030 ad
738 2970 939 3030 Hannibalem
957 2984 1027 3030 eum
1042 2986 1102 3046 per
1115 2985 1169 3030 me·

192 3053 275 3114 dium
301 3053 421 3115 hostem
447 3061 540 3116 totam
562 3056 657 3116 ierme
684 3055 904 3130 longitudinem
925 3053 1030 3114 itallae
1058 3053 1168 3114 emensi

191 3144 309 3214 essent,
331 3139 404 3199 dum
420 3139 629 3214 Metapontum
644 3139 802 3200 cedentem
817 3138 1019 3198 Hannibalem
1041 3154 1167 3214 sequun-

192 3231 246 3294 tur,
268 3222 391 3283 incertis
414 3222 570 3284 illneribus
585 3224 746 3284 Tarentum
762 3223 853 3283 delati
868 3240 887 3281 a
901 3224 988 3298 vagis
1003 3239 1062 3299 per
1082 3237 1166 3297 agros

192 3305 424 3380 pabulatoribus
439 3306 585 3367 RomaniS
601 3306 641 3365 ad
653 3304 687 3379 0.
701 3305 859 3366 Claudium
873 3315 1107 3382 propraetorem
1122 3306 1162 3364 de·

194 3388 352 3450 ducuntur.
384 3405 453 3450 eum
473 3389 571 3464 primo
593 3387 716 3448 incertis
739 3389 929 3464 Implicantes
944 3389 1121 3466 responsis,
1141 3394 1165 3446 ut

195 3477 292 3530 metus
313 3479 532 3532 tormentorum
553 3470 694 3530 admotus
710 3472 796 3531 lateri
809 3489 883 3532 vera
904 3474 1018 3548 coegit,
1041 3474 1162 3533 edocue·
