2428 3892
182 187 243 253 ron
330 187 444 250 nisan
461 188 567 248 mlvi.
589 187 671 248 one.
686 195 731 250 n.
746 194 790 252 n.
812 195 849 264 p.
864 195 897 247 o.
910 133 1009 264 aar]

181 344 220 406 ad
243 343 345 405 narnia
365 357 526 404 occurrere
548 340 640 402 iubat.
681 342 834 416 patefacta
854 341 967 403 deinde
986 349 1082 417 porta
1101 359 1155 418 eoa

180 443 260 506 quos
282 428 312 487 in
327 427 378 487 via
393 428 507 487 lorente
523 426 563 486 ad
579 433 680 486 castra
694 425 828 488 hostium
846 426 1048 503 instruxerat,
1071 426 1156 488 mittit

182 511 310 574 ltomani
325 512 403 572 duce
419 511 487 587 ipso
501 509 708 587 praecipiente
722 526 887 588 parumper
899 526 1034 588 cessere,
1052 519 1087 572 ut
1097 528 1156 588 pro-

182 598 284 677 piores
295 594 442 657 subsidiis
458 594 488 654 in
500 595 664 655 certamine
679 594 748 670 ipso
761 595 982 657 summittendis
997 603 1118 656 essent.
1135 604 1158 656 et

180 681 277 758 primo
292 680 377 741 haud
391 679 523 756 impares
540 685 650 740 stetere
666 679 766 752 acies,
789 680 930 744 subsidia
944 681 1063 741 deinde
1084 679 1157 740 iden-

180 765 273 826 tidem
287 764 451 826 summissa
474 763 615 825 ecastris
631 779 691 824 non
713 771 886 826 averterunt
900 766 1000 826 solum
1014 765 1049 825 in
1066 765 1159 840 lugam

180 851 295 924 hostes,
318 850 375 910 sed
390 849 468 910 adeo
485 847 592 910 ellusis
607 849 787 925 institerunt,
810 858 841 910 nt
855 851 914 910 nisi
929 849 1073 926 receptui
1089 848 1157 908 ceci·

181 935 291 1010 nisset,
314 933 455 1010 permixti
471 931 656 1008 fugientibus
670 933 813 1009 irrupturi
828 933 926 995 inisse
944 935 974 994 ln
997 933 1109 994 urbem
1123 932 1158 990 ni-

181 1020 332 1080 derentur.
362 1017 524 1097 trepidatio
540 1033 613 1078 vero
628 1033 690 1078 non
704 1017 734 1076 in
750 1019 867 1093 proelio
883 1019 979 1078 maior
994 1033 1094 1094 quam
1107 1023 1158 1077 tota

180 1102 255 1164 urbo
275 1102 340 1162 luit
378 1102 488 1162 multae
510 1101 658 1163 stationes
679 1117 796 1178 pavore
814 1110 907 1178 atque
928 1104 1002 1179 luga
1023 1103 1158 1162 desertae

180 1194 258 1261 sunt,
274 1186 433 1263 relictique
447 1188 533 1260 muri,
554 1201 623 1247 cum
640 1201 701 1261 qua
715 1185 827 1262 cuique
842 1193 907 1247 erat
922 1187 1102 1263 proximum
1116 1186 1158 1244 de-

180 1272 346 1333 siluissent.
383 1272 468 1347 quod
482 1270 533 1330 abi
555 1285 701 1346 egressus
718 1269 823 1348 Scipio
839 1273 869 1332 in
885 1271 1050 1344 tumulum,
1078 1285 1158 1346 qaeu

179 1355 362 1418 Mercurium
376 1361 503 1432 vocant,
522 1354 750 1430 animadvertit,
773 1356 874 1417 multis
889 1355 1030 1431 partibus
1053 1355 1158 1414 nudata

180 1440 397 1502 defensoribus
411 1441 533 1501 moenia
547 1455 628 1513 esse,
651 1455 759 1502 omnes
774 1455 792 1500 e
807 1439 1053 1508 castrisexeitos
1069 1439 1112 1499 ire
1125 1437 1156 1498 al

180 1526 418 1602 oppugnandam
443 1531 473 1586 et
494 1525 573 1584 lerrc
594 1524 697 1584 scalas
718 1523 811 1588 iubet
842 1526 911 1601 lpse
926 1523 1017 1584 trium
1041 1537 1157 1600 praese

180 1609 325 1670 iuvenum
345 1607 517 1670 validorum
537 1609 632 1670 scutis
655 1608 807 1685 oppositis
828 1608 992 1684 —iugens
1009 1607 1093 1668 enim
1108 1607 1156 1664 ianr

180 1694 227 1754 vis
249 1692 349 1753 omnis
363 1693 485 1768 generis
500 1693 629 1756 telorum
649 1691 775 1753 emuris
790 1692 912 1755 volabat
932 1725 975 1737 -
995 1693 1039 1752 ad
1060 1690 1156 1752 ruben

179 1776 330 1852 succedit,
352 1775 503 1852 hortatur,
527 1777 655 1854 imperat
670 1792 750 1852 quae
763 1777 794 1837 in
809 1791 874 1838 rem
889 1783 973 1847 sant3
999 1777 1087 1853 quod
1102 1775 1156 1851 plu-

179 1862 287 1922 rimum
308 1861 348 1922 ad
369 1862 586 1922 accendendos
607 1861 733 1924 militum
755 1861 874 1922 animos
895 1861 1054 1933 intererat,
1081 1857 1154 1920 testis

179 1953 397 2022 spectatorque
413 1946 530 2008 virtutis
546 1953 639 2020 atque
659 1945 801 2022 ignaviae
815 1947 964 2021 caiusque
978 1946 1081 2006 adest.
1111 1944 1155 2002 ita·

180 2046 240 2108 que
256 2031 286 2091 in
301 2031 429 2091 vulnera
444 2046 481 2091 ac
496 2032 556 2090 tela
570 2038 674 2104 ruunt,
696 2044 797 2105 neque
815 2031 883 2090 illos
899 2029 976 2090 muri
995 2043 1100 2105 neque
1113 2043 1148 2086 sn

179 2122 352 2192 perstantes
367 2114 474 2174 armati
490 2128 597 2175 meere
610 2121 733 2190 queunt,
750 2113 823 2190 quin
835 2113 971 2174 certatim
983 2112 1154 2173 ascendant.

179 2206 209 2261 et
219 2199 258 2260 ab
271 2199 402 2260 navibus
415 2198 526 2259 eodem
538 2205 676 2274 tempore
691 2213 737 2273 ea,
754 2213 833 2274 quae
845 2197 920 2258 mari
931 2197 1076 2282 adluitur,
1091 2209 1153 2272 pars

180 2283 263 2345 urbis
279 2283 452 2360 oppugnari
467 2288 578 2357 coepta
593 2289 649 2342 est.
672 2288 805 2342 cetemm
820 2282 965 2342 tumultus
978 2281 1052 2342 inde
1068 2279 1154 2339 maiar

179 2385 272 2444 quam
293 2366 500 2428 visiadhibert
523 2372 650 2441 poterat
683 2365 756 2425 dum
776 2366 941 2441 applicant,
965 2367 1038 2426 dum
1055 2363 1154 2443 partlm

178 2457 337 2528 exponunt
358 2452 460 2512 scalas
480 2449 671 2524 militesque,
699 2450 771 2510 dam
786 2466 847 2524 qua
861 2450 973 2526 cuique
987 2451 1153 2526 proximam

179 2542 226 2596 ost
240 2537 270 2596 in
285 2544 396 2596 terram
412 2531 546 2596 evadere
562 2540 738 2610 properant,
761 2533 830 2610 ipsa
844 2533 1038 2597 testinatione
1054 2542 1085 2594 et
1098 2548 1153 2592 oer-

179 2620 290 2680 tamine
305 2619 356 2679 alii
371 2619 448 2680 alios
462 2618 643 2694 impediunt.
686 2615 777 2677 XLV.
803 2617 881 2680 inter
899 2619 975 2679 llaec
989 2620 1152 2694 repleverat

179 2703 239 2764 iam
251 2701 373 2763 Poenus
388 2701 513 2763 armatis
527 2717 642 2775 muros,
663 2709 693 2761 et
706 2701 754 2762 vis
765 2717 877 2778 magna
891 2718 931 2763 ex
946 2703 1060 2778 ingenti
1072 2699 1153 2776 copia

179 2794 326 2862 congesta
347 2785 475 2846 telorum
496 2784 723 2862 suppeditabat.
755 2786 812 2847 sed
832 2803 933 2862 neque
946 2787 1003 2847 viri
1025 2785 1151 2848 necleta

179 2886 236 2932 nec
251 2869 415 2945 quicquam
430 2869 513 2931 aliud
527 2885 626 2945 aeque
643 2886 732 2946 quam
748 2871 870 2932 moenia
884 2872 953 2948 ipsa
969 2887 1041 2932 sese
1056 2871 1150 2930 delen-

179 2955 301 3017 debant.
330 2969 417 3014 rarae
432 2953 512 3014 enim
527 2953 631 3014 scalae
650 2954 799 3016 altitudini
814 2955 940 3031 aequari
955 2963 1108 3032 poterant,
1128 2957 1152 3010 et

179 3055 241 3116 quo
264 3053 407 3116 quaeque
429 3038 569 3114 altiores,
589 3053 626 3098 eo
648 3038 831 3100 infirmiores
846 3047 941 3102 erant.
974 3041 1077 3116 itaque
1092 3052 1150 3099 cnm

179 3139 315 3186 summus
331 3123 463 3206 quisque
478 3124 611 3183 evadere
625 3138 686 3183 non
703 3131 819 3200 posset,
835 3123 971 3185 subirent
986 3133 1085 3185 tamen
1098 3119 1149 3190 alii,

179 3223 273 3270 onere
298 3208 367 3284 ipso
389 3206 615 3282 frangebantur.
657 3206 783 3280 quidam
806 3209 956 3269 stantibus
979 3209 1071 3269 scalis
1092 3220 1149 3268 cum

178 3293 305 3355 altitudo
321 3290 482 3366 caliginem
497 3291 595 3352 oculis
611 3288 784 3368 offudisset,
799 3293 839 3353 ad
850 3298 960 3352 terram
975 3292 1067 3354 delati
1081 3295 1148 3353 snat.

178 3382 209 3435 et
229 3391 298 3436 cum
311 3375 429 3452 passim
448 3374 590 3434 homines
611 3373 777 3449 scalaeque
791 3382 980 3450 1·uerent,·et
1000 3377 1070 3454 ipso
1090 3387 1148 3436 suc-

178 3472 272 3518 cessa
292 3457 422 3518 audacia
436 3465 528 3533 atque
545 3455 687 3516 alacritas
701 3455 836 3518 hostium
851 3467 1019 3535 cresceret,
1043 3460 1147 3538 signam
1167 3482 1168 3485 ¹
