2466 3900
236 241 351 306 llBER
365 243 457 306 xxv.
482 244 564 307 cal).
580 253 623 309 ra.
639 254 681 310 rr.
704 247 740 324 [ι.
755 251 788 308 c.
802 248 866 326 ara]
996 245 1037 315 di

80 411 167 460 cruam
181 407 285 456 eorum
301 394 455 456 stimulare
469 404 587 473 posset,
610 397 670 457 alia
685 397 826 474 prodicta
841 399 908 460 dies
922 400 963 461 ad
978 400 1037 461 iru-

76 485 193 540 mentum
206 477 323 538 maiore
338 485 488 556 apparatu
502 481 677 558 petendum.
709 498 747 542 ea
761 482 865 544 omnia
877 483 958 545 sicut
971 491 1037 544 octa

73 569 149 623 erant
161 577 228 623 cum
248 562 404 624 enuntiata
416 563 642 626 Beneventanis
658 573 776 642 essent,
797 567 916 642 legatos
931 567 1036 630 decem

71 647 211 723 extemplo
226 646 267 707 ad
283 648 486 708 consules-
501 649 582 709 cirea
592 648 762 710 Bovianum
778 651 1037 715 eastroRomano·

69 747 127 790 rum
141 736 222 791 erant
234 763 280 776 -
293 731 449 792 miserunt.
473 730 524 807 qui
538 747 607 792 cum
621 731 741 805 auditis,
759 750 838 809 quae
851 735 892 796 ad
904 736 1037 812 Capuam

69 820 226 890 agerentur,
248 814 330 876 inter
342 832 377 875 se
392 825 639 892 comparassent,
661 825 694 877 ut
707 818 783 878 alter
796 819 826 878 in
842 819 1036 896 Campaniam

70 898 221 959 exercitum
243 899 384 974 duceret,
406 899 547 974 Fulvius,
571 900 620 961 eui
635 915 672 962 ea
685 902 845 977 provincia
862 902 1035 980 obvenerat

70 983 212 1057 proiectus
227 991 321 1044 nocte
334 984 503 1045 Beneventi
516 984 638 1046 moenia
653 993 701 1046 est
714 985 884 1062 ingressus.
912 1003 951 1048 ex
965 1002 1036 1063 pro

70 1066 171 1143 pinquo
196 1069 361 1144 cognoscit
381 1068 562 1130 Hannonem
586 1084 656 1129 cum
680 1070 833 1132 exercitus
859 1078 945 1148 parte
964 1086 1035 1147 pro·

70 1151 166 1212 lectum
185 1152 418 1224 frumentatum
446 1167 503 1229 per
528 1161 724 1230 quaestorem
745 1154 907 1231 Campanis
934 1155 1036 1216 datum

71 1233 251 1308 irruentum
274 1237 339 1299 duo
354 1236 437 1296 milia
451 1237 656 1314 plaustrorum
677 1237 862 1299 inconditam
877 1239 1035 1300 inermem·

76 1335 125 1394 quc
135 1319 216 1381 aliam
229 1321 353 1382 turbam
368 1320 549 1394 advenirem
565 1337 623 1398 por
635 1321 794 1383 tumultum
809 1337 847 1382 ac
861 1322 1036 1398 trepidatio·

73 1417 130 1463 nen
142 1405 240 1466 omnia
256 1406 324 1482 agi,
347 1411 579 1482 castrorumque
594 1406 723 1466 lormam
737 1411 767 1466 ct
780 1405 939 1471 militarem
954 1405 1036 1466 ordi·

72 1501 129 1546 ncnr
140 1489 283 1551 immixtis
304 1488 477 1565 agrestibus
493 1489 530 1550 iis
546 1505 585 1550 ex
601 1489 690 1551 terris
705 1489 866 1552 sublatum.
897 1489 947 1551 hia
961 1491 1035 1552 satia

71 1575 217 1648 compertis
232 1573 344 1634 consul
358 1573 503 1635 militibus
525 1573 631 1647 edicit,
654 1574 742 1650 signa
755 1581 870 1636 tantum
891 1590 1036 1652 murraque

70 1652 94 1714 in
112 1658 279 1731 proximam
304 1665 426 1719 noctem
451 1658 646 1735 expedirent,
680 1665 782 1720 costra
800 1658 912 1719 Punica
937 1674 1034 1736 oppu-

69 1742 176 1813 gnanda
190 1759 274 1804 esse.
298 1749 406 1818 quarto
419 1741 523 1817 vigilia
537 1741 666 1818 proiecti
680 1741 810 1805 sarcinio
826 1741 966 1804 omnibus
981 1744 1033 1803 im-

69 1822 301 1902 pedimentisque
310 1825 478 1887 Beneventi
488 1825 602 1887 relictis
615 1827 707 1902 paulo
723 1834 792 1888 ante
804 1827 902 1888 lucem
914 1843 983 1888 cum
995 1825 1033 1888 ad

71 1915 156 1970 costra
174 1910 407 1987 pervenissent,
429 1917 543 1972 tantmn
565 1910 690 1986 pavoris
712 1911 893 1986 iniecerunt,
917 1918 948 1972 ut
963 1910 989 1970 si
1004 1911 1033 1971 in

69 1991 147 2064 plano
161 2001 264 2056 castra
278 1996 381 2072 posita
395 2001 507 2070 essent,
523 1993 607 2054 haud
623 1989 715 2055 dubio
729 1995 826 2071 primo
841 1995 955 2070 impetu
966 1994 1035 2070 capi

70 2079 216 2148 potuerint.
259 2079 387 2141 altitudo
408 2079 468 2143 loci
489 2085 520 2138 et
538 2077 724 2139 munimenta
745 2077 936 2150 defendere„
956 2093 1036 2153 quae

70 2160 139 2221 nulla
157 2171 299 2241 exparte
320 2163 397 2224 adiri
412 2163 472 2224 nisi
494 2161 589 2223 arduo
605 2178 642 2223 ac
663 2161 780 2223 diidcili
801 2176 934 2222 ascensu
948 2168 1034 2237 pote-

70 2251 133 2305 rant
155 2247 223 2308 luce
237 2248 337 2324 prima
350 2247 501 2324 proelium
515 2246 623 2320 ingens
637 2261 801 2308 accensum
816 2253 872 2305 est.
901 2260 958 2304 nec
971 2244 1035 2303 val-

70 2324 120 2388 lum
139 2331 230 2393 modu
252 2339 387 2393 tutantur
405 2330 515 2404 Poeni,
538 2330 596 2391 sed
615 2337 649 2390 ut
669 2329 779 2405 quibus
800 2329 887 2390 locus
909 2329 1037 2403 aequior

71 2421 153 2488 esset,
173 2415 337 2477 deturbant
357 2415 488 2477 nitentes
509 2429 565 2490 per·
584 2413 682 2476 ardua
698 2414 815 2475 hostes.
844 2411 923 2472 xlv.
943 2411 1035 2474 vincit

71 2499 155 2557 tnrrrcn
171 2501 275 2560 omnia
289 2499 429 2576 pertinax
443 2498 549 2571 virtus,
566 2506 596 2558 et
611 2498 728 2575 aliquot
741 2497 829 2558 simul
844 2494 980 2573 partibus
996 2496 1034 2556 ad

72 2579 169 2643 velun
183 2601 219 2644 ac
236 2586 340 2645 iossas
356 2583 536 2661 perventum
551 2588 609 2656 est,
632 2581 689 2642 sed
704 2597 772 2642 cum
786 2579 889 2642 multis
904 2581 1035 2641 vulneri·

72 2659 119 2723 lus
131 2683 165 2728 ac
179 2669 307 2730 militum
321 2668 467 2746 pernicie.
504 2667 606 2742 itaque
623 2664 801 2726 convocatis
819 2664 927 2741 legatis
941 2663 1034 2725 tribu·

72 2745 166 2825 nisque
179 2754 306 2814 militum
318 2751 426 2814 consul
440 2749 651 2811 absistendum
666 2747 827 2810 temerario
842 2747 965 2824 incepto
980 2747 1035 2808 ait=

72 2832 149 2894 tutius
170 2837 228 2898 sibi
249 2837 349 2898 videri
369 2835 474 2897 reduci
495 2849 532 2895 eo
556 2832 607 2894 die
631 2832 799 2894 exercitum
817 2831 1035 2906 Beneventum,

73 2912 131 2976 lein
145 2928 269 2994 postero
285 2928 386 2981 castra
401 2918 510 2980 eastris
525 2916 659 2978 hostium
679 2915 778 2992 iungi,
801 2930 840 2976 ne
861 2915 945 2976 exire
965 2914 1037 2975 inde

74 2996 200 3078 Campani
215 3021 295 3066 neue
309 3006 420 3064 Hanno
435 3001 556 3079 regredi
580 3007 703 3076 possete
723 2999 757 3060 id
771 3014 833 3076 quo
848 2999 967 3060 facilius
981 2996 1035 3058 ob·

74 3080 193 3164 lineatur,
207 3091 358 3166 collegam
370 3102 494 3164 quoque
508 3094 539 3147 et
553 3083 718 3145 exercitum
732 3081 799 3145 eius
812 3099 847 3143 se
861 3081 1035 3152 acciturum,

75 3170 212 3248 totumque
226 3190 265 3234 eo
279 3184 427 3234 versuros
442 3170 564 3231 bellum.
597 3167 674 3227 haec
694 3165 823 3227 consilia
843 3163 945 3238 ducis,
968 3177 1035 3220 cum

77 3245 124 3310 itm
140 3258 272 3333 receptui
294 3263 432 3331 caneret,
454 3256 569 3316 clamor
582 3251 708 3313 militum
728 3246 954 3326 aspemantium
976 3251 1035 3303 tam

78 3347 156 3408 segne
174 3340 332 3418 imperium
355 3338 485 3402 ‹fisiecit
523 3335 663 3414 proxime
684 3341 804 3410 portam
817 3329 949 3391 hostium
971 3331 1037 3386 erat

79 3417 171 3488 cohors
177 3423 310 3502 Peligna,
325 3426 412 3487 cuius
428 3418 718 3500 praelectusvibius
729 3416 869 3476 Accaeus
884 3417 1034 3486 arreptum

80 3503 199 3570 velilium
218 3517 304 3572 trans
325 3510 440 3570 valum
460 3505 593 3566 hostiurn
607 3499 732 3563 traiecit.
765 3501 944 3640 e'sssfmms
965 3491 1036 3552 inde
