2448 3900
185 139 250 206 314
333 139 450 200 LIBER
462 138 568 200 lllllll.
589 138 672 200 CAP.
686 147 731 201 32·
747 147 791 201 33.
813 146 849 212 [a.
866 143 901 199 U.
917 163 941 197 c.
955 145 1022 212 548]

186 294 273 356 cibus
287 293 440 366 utrimque
455 290 596 352 obsessis
611 290 746 367 inclusit,
767 290 820 350 ubi
835 292 943 367 ingens
959 292 1080 352 caedes
1092 292 1162 353 Mae

183 378 331 439 suliorum
341 376 437 436 laetae
451 373 617 436 Masinissa
629 389 698 436 curn
709 374 1028 452 quinquagintahaud
1043 377 1162 452 amplius

183 461 336 539 equitibus
348 474 404 537 per
417 460 572 520 anfractus
583 459 695 520 montis
709 459 831 534 ignotos
846 460 1057 536 sequentibus
1071 462 1163 521 sacri

183 545 257 622 puit.
296 544 392 605 tenuit
410 550 511 603 mmen
533 543 664 620 vestigia
677 543 792 618 Bucar,
815 543 1016 619 adeptusque
1036 559 1109 604 eum
1123 561 1164 620 pa·

182 630 316 692 tentibus
330 643 430 704 prope
445 626 590 705 Clupeam
603 628 711 688 urbem
724 627 843 704 eampis
857 627 899 688 ita
915 629 1129 703 circumvenit,
1141 636 1166 687 nt

184 719 305 790 praeter
316 717 459 788 quattuor
470 712 589 786 equites
605 727 712 773 omnes
724 711 765 771 ad
775 728 868 772 unum
883 711 1088 773 interficeret
1110 729 1165 773 eun

183 798 220 858 iis
241 798 343 874 ipsum
363 811 490 872 quoque
503 794 700 856 Masinissam
722 795 860 859 saucium
874 811 977 874 prope
999 796 1165 856 emambus

181 882 260 942 inter
273 882 430 942 tumultum
451 879 561 941 amisit.
594 880 626 939 in
640 886 810 954 conspeetu
828 887 915 941 erant
928 881 1109 956 fugientem
1129 882 1166 940 ala

182 964 318 1042 equitum
332 965 477 1040 dispersa
488 971 554 1026 toto
569 979 688 1042 eampo,
711 963 904 1041 quibusdam,
925 971 960 1025 ut
975 975 1167 1025 occurrerent
1182 1015 1184 1028 .

182 1065 240 1128 per
271 1047 397 1126 obhqua
420 1046 631 1124 tendentibus,
664 1048 800 1124 quinque
831 1049 937 1110 hostes
973 1047 1166 1124 sequebatur.

181 1133 280 1194 amnis
295 1133 403 1210 ingens
418 1132 569 1208 rugientes
584 1133 703 1208 accepit
712 1163 757 1176 -
770 1148 871 1208 neque
886 1133 968 1193 eninr
982 1140 1165 1208 cunctanter,

181 1225 215 1279 ut
229 1233 308 1291 quos
324 1218 421 1279 maior
434 1223 533 1278 metus
548 1224 679 1294 urgeret,
699 1216 887 1278 immiserant
901 1232 1004 1292 equos
1020 1249 1070 1262 -
1083 1217 1166 1294 rapti-

183 1318 244 1378 que
258 1302 376 1378 gurgite
390 1301 464 1363 etin
479 1301 638 1377 obliquum
653 1300 790 1377 praelati.
813 1301 935 1362 duobus
950 1301 983 1360 in
998 1309 1165 1378 conspeetu

181 1386 314 1448 hostium
338 1388 369 1446 in
395 1385 612 1462 praerapidum
636 1385 785 1461 gurgitem
809 1383 928 1447 haustis
952 1386 1028 1462 ipse
1055 1387 1166 1462 perisse

182 1469 326 1531 creditus.
361 1476 391 1530 at
406 1471 467 1531 duo
481 1469 592 1544 reliqui
613 1469 732 1566 equites
748 1485 817 1530 eum
832 1485 870 1530 eo
884 1469 963 1532 inter
977 1469 1117 1546 uirgulta
1129 1469 1164 1530 ul·

181 1554 302 1614 terioris
324 1554 410 1629 ripae
431 1562 629 1616 emerserunt.
661 1554 689 1614 is
710 1552 781 1614 finis
795 1554 906 1614 Bucari
927 1555 1091 1631 sequendi
1111 1553 1163 1626 luit

183 1652 240 1697 nee
253 1637 373 1712 ingredi
384 1635 495 1698 flumen
511 1654 588 1698 auso
604 1654 661 1699 nec
673 1636 787 1698 habere
802 1638 937 1698 eredenti
951 1653 988 1698 se
1003 1639 1073 1699 iam
1084 1654 1195 1738 quen}

182 1727 371 1797 sequeretur.
402 1721 475 1782 inde
496 1738 594 1783 vanus
615 1729 723 1784 auctor
745 1722 898 1798 absumpti
918 1722 1114 1784 Masinissae
1132 1709 1195 1782 adl

181 1819 285 1902 regem
299 1805 404 1880 rediit,
426 1805 576 1882 missique
597 1807 649 1882 qui
665 1806 876 1882 Carthaginem
890 1805 1074 1882 gaudium
1064 1793 1195 1883 ingemi

182 1888 367 1962 nuntiarent,
390 1895 516 1966 totaque
522 1891 628 1950 Airroo
642 1890 723 1951 sama
737 1889 1041 1951 mortisMasinissae
1055 1883 1195 1967 repleta

181 1974 264 2034 varie
279 1973 397 2036 animos
413 1973 534 2034 adiecit.

263 2057 463 2118 Masinissa'
455 2074 484 2117 m
507 2059 655 2156 spelunca
680 2059 800 2119 occulta
824 2074 892 2118 eum
916 2057 1023 2118 herbis
1047 2071 1162 2120 curaret

179 2141 299 2214 vulnus,
322 2142 452 2202 duorum
467 2141 603 2218 equitum
617 2141 776 2203 latrocinio
792 2156 848 2216 per
863 2141 930 2201 dies
945 2141 1069 2216 aliquot
1085 2142 1161 2202 vixit

179 2223 231 2285 ubi
245 2224 376 2301 primum
387 2225 479 2286 dueta
493 2225 619 2286 cicatrix
630 2226 756 2301 patique
770 2240 866 2300 posse
880 2225 945 2286 visa
959 2225 1161 2301 iactationem,

180 2308 309 2368 audacia
328 2309 442 2384 ingenti
456 2309 556 2384 pergit
575 2309 620 2369 ire
634 2309 674 2370 ad
689 2325 816 2385 regnum
829 2309 1050 2384 repetendum
1074 2318 1161 2386 atque

178 2389 209 2451 in
230 2393 301 2468 ipso
321 2392 428 2454 itinere
442 2392 525 2454 haud
539 2393 610 2469 plus
626 2392 829 2469 quadraginta
848 2392 1002 2468 equitibus
1026 2394 1160 2455 collectis

178 2491 248 2537 eum
263 2476 294 2535 in
307 2476 485 2550 Maesulios,
508 2478 609 2552 palam
625 2477 685 2538 iam
701 2477 769 2552 quis
784 2483 869 2538 esset
882 2477 994 2552 ferens,
1015 2479 1159 2552 venisset

178 2566 293 2620 tantum
307 2567 422 2621 motum
437 2576 506 2620 cum
521 2561 627 2621 favore
642 2559 770 2634 pristino
786 2568 849 2622 tum
864 2561 976 2636 gaudio
992 2559 1158 2637 insperato,

179 2643 263 2716 quod
278 2659 368 2718 quem
382 2643 504 2718 perisse
518 2643 711 2706 crediderant
724 2645 906 2704 incolumem
921 2644 1100 2720 cernebant
1122 2647 1157 2705 ie·

178 2724 233 2800 eit,
252 2732 286 2786 ut
306 2726 383 2786 intra
403 2743 520 2802 paucos
543 2729 609 2788 dies
635 2743 692 2788 sex
713 2727 794 2788 milia
813 2727 950 2804 peditum
976 2738 1157 2792 armatorum
1194 2745 1195 2752 ¹

179 2816 322 2884 quattuor
343 2811 478 2886 equitum
504 2811 634 2872 adeum
656 2813 871 2886 convenirent,
900 2813 1027 2888 iamque
1046 2829 1112 2874 non
1131 2814 1156 2873 in

177 2894 381 2968 possessione
401 2894 494 2955 modo
516 2895 634 2970 paterni
648 2897 734 2972 regni
754 2903 852 2970 esset,
878 2896 935 2956 sed
950 2897 1042 2958 etiam
1055 2897 1156 2958 socios
1194 2949 1195 2958 ,

179 2977 471 3054 Carthaginiensium
490 2980 625 3055 populos
639 2979 958 3055 Masaesuliorumque
978 2980 1059 3041 lines
1074 2978 1154 3038 -id
1194 2992 1195 3018 ι

178 3060 332 3139 Syphacis
343 3078 469 3138 regnum
483 3069 549 3124 erat
558 3095 601 3107 —
611 3069 755 3124 vastaret.
778 3063 851 3124 inde
863 3063 978 3124 irritato
993 3064 1036 3124 ad
1046 3063 1153 3126 bellun

178 3145 338 3222 Syphace,
359 3147 435 3206 inter
450 3146 560 3208 Cirtam
573 3147 810 3223 Hipponemque
824 3148 854 3208 in
870 3147 948 3222 iugis
970 3155 1154 3224 opportuno·

177 3244 242 3286 rum
258 3228 298 3287 ad
320 3230 421 3289 omnia
435 3230 581 3290 montium
596 3231 744 3290 consedit.
787 3231 920 3291 XXXlll.
942 3232 1092 3294 maiorem
1107 3233 1154 3310 igi-

177 3315 225 3366 tur
240 3325 308 3370 eam
321 3327 386 3370 rem
401 3311 532 3391 Syphax
544 3319 638 3386 ratus,
661 3330 751 3386 quam
765 3320 800 3374 ut
814 3330 869 3389 per
882 3315 1073 3390 praelectum
1090 3332 1152 3391 age

178 3396 238 3462 ret,
266 3407 335 3452 eum
355 3395 419 3455 filio
440 3396 549 3456 iuvene
568 3428 612 3443 --
631 3410 742 3455 nomen
762 3397 907 3458 Vermina
927 3404 1052 3459 erat-
1073 3406 1153 3475 parte
