2428 3892
194 225 236 298 si
392 233 507 296 llsshlt
520 234 613 296 xxv.
636 232 719 294 cnlt
733 238 777 297 aa.
798 237 836 306 [ι.
852 236 887 290 ιι.
902 254 927 290 c.
941 235 1004 304 elo]

194 407 262 453 rum
278 397 309 451 et
323 390 383 450 situ
400 396 431 449 et
445 387 638 450 munimentis
651 393 730 462 tuta,
752 387 809 448 tria
822 386 904 449 naha
918 387 1046 450 alienam
1062 385 1102 449 ab
1116 387 1164 468 Sy

194 474 324 549 mensis,
340 475 467 534 alterum
482 471 656 548 quindecim
670 471 768 533 abest.
800 487 837 533 eo
853 480 884 532 et
897 476 1087 534 commeatus
1103 489 1120 533 e
1134 475 1165 534 oi·

194 558 339 619 vitatibus
351 557 416 617 suis
429 557 661 633 comportabant
671 561 703 616 et
713 555 827 617 auxilia
836 555 1045 617 accensebant.
1062 557 1166 618 interea

195 642 347 704 Bomilcar
366 641 472 702 iterum
494 656 562 702 cum
584 641 685 702 classe
706 641 866 715 prolectas
887 639 1115 716 carhtagmem,
1135 641 1167 700 iu

195 726 339 802 exposita
362 726 484 788 fortuna
509 723 679 798 sociorum,
703 731 738 785 ut
762 739 849 800 spem
875 725 991 786 iaceret
1013 739 1078 786 non
1100 724 1167 801 ipsis

196 810 289 871 modo
304 811 467 871 salutarem
483 824 574 886 opem
589 809 660 868 lerrl
673 823 785 884 posse,
806 808 864 870 sed
877 809 1036 870 Romanos
1053 824 1168 886 quoquc

195 894 225 953 in
242 901 334 970 capta
350 894 481 968 modun
496 893 588 954 modo
603 893 679 953 urbe
693 893 778 969 capi,
799 893 946 969 perpulit,
968 899 1002 954 ut
1018 893 1166 966 onerarias

195 993 292 1038 naves
314 995 405 1054 quam
427 978 574 1054 plurimus
596 977 678 1039 ontni
699 977 790 1054 copia
809 991 911 1038 rerum
925 985 1056 1040 onustas
1073 993 1166 1039 secun

195 1062 346 1124 mitterent
367 1063 560 1139 classemque
581 1077 668 1123 suam
689 1069 844 1137 augerent.
877 1062 968 1137 igitur
988 1069 1113 1123 centum
1125 1062 1166 1120 ui-

195 1146 278 1222 ginla
304 1146 433 1208 navibus
459 1145 560 1223 longis
584 1146 786 1222 septingentis
809 1145 957 1208 onerariis
978 1147 1166 1222 profectost

196 1231 376 1307 Carthagine
391 1232 466 1293 satis
481 1245 651 1308 prosperos
665 1238 774 1292 ventos
788 1231 829 1290 ad
841 1230 1043 1292 traiciendum
1059 1231 1092 1290 in
1103 1229 1163 1291 Sici·

194 1315 266 1376 liam
277 1315 390 1378 habuit.
406 1316 462 1377 sed
477 1316 570 1377 iidem
578 1315 661 1376 venti
673 1329 822 1390 superare
833 1330 902 1375 eum
913 1313 1095 1392 Pachynum
1107 1331 1155 1390 pro

194 1399 348 1461 bibebant.
380 1400 560 1462 Bomilcaris
580 1399 731 1461 adventus
753 1400 833 1460 imma
853 1398 951 1473 primo
968 1398 1039 1458 dein
1056 1405 1166 1474 praeter

129 1483 131 1488 '
194 1499 282 1559 spem
306 1499 393 1546 mora
418 1500 486 1546 eum
510 1483 655 1559 garrulum
677 1489 708 1564 et
726 1489 837 1543 metum
858 1483 888 1541 in
908 1483 1007 1542 vicem
1028 1482 1165 1544 Romanis

194 1565 464 1644 Syracusanisque
483 1567 693 1643 praebuisset,
714 1567 872 1646 Epicydes
893 1573 1051 1639 metuam,
1075 1581 1127 1640 ne,
1145 1567 1165 1626 si

193 1657 357 1726 pergerent
375 1651 466 1712 iidem
487 1651 539 1728 qui
559 1659 622 1713 tum
641 1652 786 1712 tenebant
800 1651 838 1712 ah
854 1656 922 1712 ortu
937 1649 1013 1711 solis
1029 1650 1108 1712 iiare
1122 1665 1166 1725 per

193 1733 260 1794 dies
276 1736 380 1810 plures
391 1735 483 1811 urenti,
500 1735 608 1796 elassis
619 1735 733 1798 Punico
744 1735 1050 1810 Atricomrepetcret,
1066 1734 1165 1795 tradita

192 1817 367 1879 Achradina
389 1820 667 1881 mercennariontm
681 1819 808 1880 nrihhun
822 1819 952 1881 ducibus
968 1818 1008 1878 ad
1024 1818 1156 1886 Bomilea

191 1918 257 1963 rem
271 1903 403 1980 navigat.
424 1905 557 1964 classem
570 1905 601 1964 in
617 1903 749 1965 statione
763 1919 855 1965 versa
869 1903 899 1963 in
911 1902 1047 1964 Africam
1060 1903 1165 1964 haben·

193 1994 252 2046 lem
280 1993 374 2064 atque
400 1988 554 2049 maenum
579 1988 689 2049 navale
714 1988 881 2063 proelium,
911 2002 972 2048 non
999 1994 1064 2048 lam
1092 1985 1164 2062 quod

161 2147 166 2156 .
191 2071 290 2146 impar
310 2071 426 2133 viribus
447 2077 499 2134 aut
517 2087 643 2134 numero
662 2070 784 2132 navium
798 2079 883 2133 esset
895 2106 937 2116 —
952 2070 1071 2147 qllippe
1086 2071 1165 2132 etiam

127 2151 154 2205 'c'
180 2153 297 2230 'plures
320 2155 509 2217 habebat-
523 2171 614 2232 quam
641 2155 726 2231 quod
750 2155 833 2216 venti
858 2156 994 2230 aptiores
1014 2154 1166 2216 Romanae

193 2255 283 2316 quam
300 2255 375 2302 suae
389 2240 482 2302 classi
497 2239 616 2314 flarent,
631 2239 765 2315 perpulit
779 2246 889 2314 tamen
905 2245 938 2300 ut
952 2240 1107 2300 iomunam
1122 2255 1164 2298 na-

192 2323 271 2385 valis
297 2325 470 2386 certaminis
496 2324 629 2400 experiri
653 2325 754 2384 vellet.
791 2330 821 2384 et
839 2322 1019 2396 Marcellus,
1053 2339 1123 2384 cum
1142 2330 1164 2380 ol

193 2407 327 2468 Siculum
343 2409 507 2469 exereitum
530 2425 569 2470 ex
587 2415 650 2470 tola
662 2407 763 2468 insula
777 2407 890 2468 conciri
906 2407 1037 2481 videret,
1060 2414 1091 2468 et
1106 2421 1164 2468 cum

191 2491 305 2566 ingenti
326 2497 497 2552 commeatu
519 2493 651 2553 classem
665 2491 809 2573 Punicam
825 2491 1005 2564 adventare,
1018 2506 1069 2551 -ne
1084 2490 1163 2552 simul

191 2579 273 2634 terra
294 2576 431 2650 marique
453 2576 590 2636 inclusus
612 2575 686 2636 urbe
706 2575 841 2638 hostium
861 2581 1036 2651 urgeretur,
1066 2591 1162 2653 quam-

192 2673 283 2732 quam
305 2658 403 2734 impar
416 2674 544 2720 numero
559 2659 681 2721 navium
697 2666 775 2734 erat,
797 2659 963 2736 prohibere
976 2659 1062 2720 aditu
1078 2659 1164 2740 Syra·

192 2757 336 2802 cusarum
360 2741 561 2803 Bomilcarem
590 2743 752 2806 constituit.
789 2744 870 2806 duae
898 2745 1017 2806 classes
1042 2743 1163 2804 infestae

191 2825 273 2886 eirca
293 2826 532 2901 promuntorium
547 2826 724 2905 Pachynum
745 2828 881 2904 stabant,
905 2828 957 2890 ubi
977 2829 1077 2904 prima
1092 2835 1163 2889 uan-

191 2908 323 2984 quillitas
348 2911 440 2972 maris
461 2911 491 2972 in
512 2912 604 2972 altum
625 2912 795 2985 erexisset,
820 2928 1038 2976 concursurae.
1069 2913 1163 2986 itaque

191 2992 319 3060 cadente
339 2994 399 3054 iam
412 2995 511 3070 Euro,
534 2996 585 3072 qui
606 3011 662 3072 per
684 2997 749 3057 dies
765 2995 883 3073 aliquot
897 2996 1065 3069 saevierat,
1086 2996 1163 3072 prior

188 3076 341 3139 Bomilcar
357 3079 459 3155 movit,
475 3080 562 3142 cuius
577 3079 675 3158 prima
690 3079 799 3142 elassis
811 3087 917 3156 petere
929 3083 1021 3142 altum
1032 3081 1160 3149 visaest

189 3177 251 3237 quo
267 3163 385 3225 lacilius
398 3170 563 3239 ,superaret
576 3164 827 3241 promuntorium.
855 3172 990 3227 ceterum
1004 3171 1160 3240 postquam

188 3245 314 3306 tendere
329 3247 369 3307 ad
385 3264 420 3308 se
434 3249 590 3310 Romanas
604 3263 700 3309 naves
714 3247 798 3322 vidit,
819 3249 977 3324 incertum,
992 3265 1054 3324 qua
1068 3246 1159 3310 subita

187 3328 308 3390 territus
324 3347 366 3406 re,
376 3331 529 3391 Bomilcar
542 3333 611 3392 vela
624 3331 654 3391 in
669 3333 760 3392 altum
772 3330 865 3406 dedit,
879 3332 1047 3410 missisque
1057 3330 1159 3394 nrmhis

187 3409 365 3474 Heracleam
387 3414 438 3490 qui
460 3415 617 3476 onerarias
638 3421 720 3474 retro
735 3413 807 3474 inde
819 3415 954 3478 Africam
969 3425 1108 3494 repetere
1122 3415 1159 3474 iu-

187 3489 309 3565 berent,
330 3497 399 3572 ipse
413 3496 548 3558 Siciliam
567 3503 795 3572 praetervectus
808 3497 971 3562 Tarentum
986 3500 1069 3577 petit.
1096 3499 1156 3574 Bp'r
1198 3531 1199 3614 ι
