2448 3900
186 235 250 300 aaa
355 235 470 296 nmen
484 234 575 294 xxx.
598 232 681 294 cnr.
696 241 723 298 n.
737 243 779 294 ιο.
801 237 837 307 n.
851 237 1000 304 cama

271 386 375 462 Scipio
395 399 521 462 gravem
537 385 597 445 iam
611 383 720 459 spoliis
734 383 895 444 multamm
909 379 1033 442 urbium
1047 381 1170 442 exerm-

186 479 248 534 tmn
268 469 407 543 trahens,
428 467 558 544 captivis
573 467 695 544 aliaque
708 465 826 543 praeda
840 466 870 525 in
884 471 991 525 vetera
1008 470 1119 524 castra
1132 465 1171 524 ad

185 554 303 616 Uticam
322 552 442 627 missis,
462 552 522 612 iam
542 552 573 611 ln
587 549 799 626 Carthaginem
819 549 953 610 intentus
968 553 1111 624 occupat
1123 563 1170 607 re-

184 639 289 698 lictum
307 637 381 711 luga
400 635 562 697 custodum
574 635 701 713 Tyneta.
737 633 826 694 abest
846 631 1064 706 aCarthagine
1082 631 1171 707 quin

185 720 282 781 decim
310 719 392 780 milia
419 720 515 779 lerme
542 733 691 794 passuum
719 719 807 778 locus
833 732 903 777 curn
926 715 1082 792 operibus
1108 722 1172 775 tum

185 810 296 877 suapte
314 809 423 863 natura
441 809 541 876 tutus,
562 801 659 879 etqui
676 807 707 862 et
721 799 759 860 ab
775 799 957 875 carthagine
977 799 1171 874 conspiciet

183 885 333 964 praebere
359 887 429 961 ipse
456 891 656 960 conspectum
681 883 712 944 in
738 884 952 946 circumfusum
980 898 1073 943 mare
1103 883 1171 944 urbi

181 969 292 1048 possit.
324 969 361 1030 X.
383 969 472 1043 Inde,
494 985 563 1030 cum
583 968 716 1030 maxime
734 969 847 1028 vallum
867 965 998 1028 Romani
1018 967 1169 1042 iacerent,

182 1061 350 1129 conspecta
364 1053 475 1114 classis
488 1052 622 1114 hostium
633 1058 681 1113 est
689 1050 808 1113 Uticam
819 1067 838 1110 a
849 1049 1032 1126 carthagine
1043 1057 1169 1125 petens.

181 1137 273 1213 igitur
295 1137 411 1199 omisso
431 1151 526 1211 opere
547 1136 775 1212 pronuntiatum
793 1135 864 1207 iter,
886 1133 1039 1210 signaque
1055 1136 1169 1210 raptim

183 1219 254 1280 ferri
269 1227 340 1282 sunt
351 1227 469 1296 coapta,
485 1235 525 1280 ne
536 1233 631 1280 navas
642 1219 673 1279 in
684 1226 796 1280 terram
807 1224 837 1278 et
848 1218 1042 1279 ohsidionem
1055 1233 1169 1278 versae

181 1319 218 1364 ac
232 1302 354 1364 minime
368 1303 469 1364 navali
482 1303 601 1380 proelio
616 1309 707 1379 aptae
722 1302 976 1379 opprimerentur.
1013 1302 1072 1378 qui
1089 1304 1168 1363 enim

180 1386 366 1449 restitissent
385 1387 457 1464 agili
477 1393 508 1449 et
521 1387 644 1448 nautico
659 1387 860 1448 instrumento
875 1392 966 1462 aptae
979 1392 1014 1446 et
1027 1394 1168 1449 armatae

181 1469 275 1530 classi
295 1486 392 1532 naves
413 1476 562 1531 tormenta
580 1469 801 1546 machinasque
820 1475 993 1546 portantes,
1021 1476 1055 1529 ct
1070 1473 1166 1532 autin

180 1553 387 1614 onerariarum
401 1569 492 1615 usum
505 1569 630 1628 versae,
652 1561 704 1616 aut
716 1554 758 1614 ita
772 1554 922 1630 appulsae
935 1553 1043 1628 muris,
1060 1562 1098 1616 ut
1112 1571 1165 1630 pro

146 1677 150 1686 .
180 1651 293 1710 aggere
315 1652 352 1697 ac
373 1637 518 1714 pontibus
539 1636 689 1714 praebere
708 1652 860 1698 ascensus
880 1643 1034 1713 possent?
1063 1637 1165 1714 itaque

180 1715 301 1794 Scipio,
323 1726 445 1794 praeter
460 1737 551 1795 quarn
565 1721 596 1781 in
610 1721 711 1781 navali
726 1721 891 1782 certamine
905 1723 993 1795 solet,
1008 1723 1162 1792 rostratis,

181 1817 261 1877 quae
282 1802 437 1878 praesidio
458 1803 525 1866 aliis
546 1819 618 1866 esse
638 1809 794 1880 poterant,
814 1804 846 1864 in
860 1811 1052 1879 postremam
1069 1805 1161 1868 aciem

178 1885 311 1962 receptis
323 1902 423 1964 propo
433 1894 553 1963 terram,
569 1889 776 1950 onerariarum
789 1888 1009 1965 quadriplicem
1021 1888 1159 1951 ordinem
1216 1895 1217 1921 l

179 1984 237 2045 pro
251 1985 340 2031 muro
356 1971 506 2032 adversus
520 1971 640 2034 hostem
654 1971 809 2049 opposuit,
830 1986 948 2049 easque
960 1971 1064 2047 ipsas,
1080 1988 1121 2034 ne
1135 1972 1160 2032 in

179 2055 305 2116 mmultu
319 2070 442 2131 pugnae
455 2055 570 2116 turbari
584 2055 709 2117 ordinas
723 2062 870 2132 possent,
891 2054 978 2116 malis
994 2057 1160 2117 antemnis-

182 2152 239 2211 que
261 2137 300 2197 de
320 2153 401 2198 nave
419 2138 450 2198 in
470 2153 580 2200 navem
599 2139 732 2200 traiectis
752 2155 788 2198 ac
808 2139 919 2199 validis
934 2139 1063 2200 ionibus
1078 2143 1161 2201 velut
1215 2189 1216 2193 ,

184 2236 236 2281 mo
258 2219 336 2282 inter
356 2236 392 2282 se
405 2221 529 2284 vinculo
543 2223 663 2298 illigatis
678 2222 884 2297 comprendit,
905 2222 1096 2299 tabulasque
1110 2241 1158 2285 su·

178 2304 380 2380 cerinstravit,
391 2312 425 2367 ut
434 2305 532 2383 pervii
544 2307 669 2368 ordines
680 2312 794 2380 essent,
807 2312 838 2367 et
849 2305 908 2366 sub
920 2305 998 2381 ipsis
1010 2305 1157 2382 pontibus

175 2386 333 2449 intervalla
357 2387 442 2465 lecit,
469 2405 531 2465 qua
555 2405 737 2465 procurrere
761 2389 987 2466 speculatoriae
1008 2407 1110 2452 naves
1130 2393 1155 2452 in

174 2467 295 2532 hostem
314 2485 351 2532 ac
371 2479 435 2534 tuto
456 2473 552 2548 recipi
573 2481 712 2550 possent.
744 2473 792 2533 his
812 2473 923 2549 raptim
944 2489 1002 2549 pro
1016 2480 1156 2552 tempore

174 2552 331 2616 instructis
359 2555 440 2617 mille
470 2557 565 2618 ferme
592 2557 701 2618 delecti
729 2563 976 2633 propugnatores
1006 2561 1154 2620 onerariis

174 2635 385 2713 imponuntur,
406 2643 537 2701 telorum
551 2641 725 2716 missilium,
745 2647 780 2703 ut
793 2641 934 2717 quamvis
948 2641 1043 2717 longo
1059 2650 1153 2704 certa·

171 2720 253 2781 mine
269 2721 462 2797 sufficerent,
487 2724 536 2785 vis
550 2724 659 2800 ingens
673 2724 858 2800 congeritur.
892 2724 934 2784 ita
947 2727 1048 2800 parati
1063 2732 1153 2804 atque

171 2802 275 2865 intenti
286 2803 419 2866 hostium
431 2807 595 2868 adventum
609 2807 853 2885 opperiebantur.
876 2807 1151 2886 Carthaginienses,
1212 2807 1213 2844 1

171 2885 240 2962 qui,
260 2887 287 2949 si
302 2895 521 2965 maturassent,
544 2891 646 2953 omnia
666 2892 816 2967 permixta
832 2892 922 2952 turba
935 2892 1150 2969 trepidantium

169 2971 269 3047 primo
281 2971 397 3046 impetu
410 2974 650 3049 oppressissent,
659 2976 793 3050 perculsi
803 2975 999 3038 terrestribus
1011 2978 1149 3038 cladibus
1211 3049 1212 3056 ,

168 3061 262 3131 atqua
275 3056 348 3116 inde
363 3073 402 3117 nc
415 3058 491 3118 mari
507 3058 645 3134 quidem,
666 3059 719 3120 ubi
734 3060 794 3135 ipsi
809 3059 880 3136 plus
895 3065 1052 3136 poterant,
1075 3063 1147 3122 satis

77 3133 83 3140 ’
167 3137 315 3214 fidentes,
342 3140 393 3201 die
412 3141 500 3216 segni
523 3143 717 3217 navigatione
738 3143 902 3218 absumpto
923 3133 1146 3206 suff-occasum

168 3221 244 3283 solis
264 3221 295 3282 in
311 3230 432 3298 portum
444 3225 700 3287 —Rusucmona
713 3227 779 3286 Arri
796 3233 965 3288 vocant-
979 3229 1082 3290 classe
1095 3245 1144 3304 ap·

168 3304 290 3376 pulcrae
317 3313 444 3380 postero
465 3307 516 3367 die
536 3307 594 3369 suh
616 3316 715 3369 ortum
736 3309 812 3370 solis
833 3309 1006 3372 instruxere
1026 3312 1067 3372 ab
1086 3315 1143 3374 alto

168 3396 263 3446 naves
282 3388 366 3449 velut
386 3389 427 3450 ad
445 3389 558 3450 lustum
579 3391 729 3466 proelium
748 3393 857 3454 navaie
871 3400 902 3455 et
913 3402 1070 3472 tamquam
1084 3397 1143 3456 exi·

169 3465 244 3526 turia
259 3475 364 3530 contra
376 3470 533 3536 Romanis.
565 3487 632 3533 cum
647 3473 701 3536 diu
714 3477 878 3549 stetissent,
895 3483 1059 3554 postquam
1074 3478 1142 3539 nihil
