2434 3902
194 217 256 281 250
333 215 448 278 treta
461 216 596 277 xxvltt.
619 214 703 275 ctu.
719 221 818 276 aare.
840 213 924 290 [aa.
937 203 961 271 ι’.
974 215 1038 290 aret

193 371 285 430 latum
307 377 370 434 ests
392 382 450 427 nec
471 367 530 427 iam
545 373 610 427 erat
624 374 675 427 aut
690 365 768 426 aivis
783 371 1010 440 amandemus,
1035 381 1175 442 cumque

194 455 326 516 lurorem
340 469 429 514 suum
442 452 667 513 consociarent
690 450 792 512 omnia
804 450 1102 526 circumspectantes
1113 466 1176 511 con-

192 540 261 599 silia
276 537 349 596 nihil
371 537 481 613 reliqui
496 535 649 596 habebant
669 542 792 611 praeter
808 550 869 594 non
884 534 1074 595 tutissimum
1090 551 1176 596 amo·

191 623 229 682 lis
252 620 390 682 consiliis
406 627 580 696 receptum,
602 627 635 680 ut
649 619 843 696 imperatoris
859 619 910 679 vel
930 620 1033 680 iustae
1052 618 1176 680 iraenei

191 723 253 766 non
267 705 481 780 desperandae
493 704 670 764 clementiae
682 721 755 766 sese
770 705 1000 765 committerent
1024 704 1120 764 etiam
1133 704 1176 764 ho·

192 791 290 852 stibus
305 805 374 850 eum
389 789 558 865 ignovisse,
574 804 642 850 cum
660 789 772 865 quibus
787 788 868 848 ferro
885 789 1085 848 dimicasset=
1101 805 1177 848 suan

192 875 375 937 seditionem
389 877 457 934 sine
467 876 602 948 vulnere,
626 874 693 934 sine
707 874 861 949 sanguine
873 872 983 948 luisse,
1008 889 1071 933 nec
1086 875 1176 949 ipsan

191 967 335 1033 atrocem,
351 975 409 1018 nec
424 958 519 1019 atroci
534 973 637 1033 poeno
651 958 791 1034 dignam=
809 990 846 1002 —
863 965 896 1018 ut
909 957 1034 1032 ingenia
1047 957 1178 1018 humana

191 1051 262 1106 sunt
286 1044 327 1104 ad
348 1059 436 1104 suam
458 1043 569 1117 cuique
590 1043 754 1102 levandam
779 1041 901 1118 eulpam
926 1041 1021 1102 nimio
1044 1043 1124 1118 plus
1146 1043 1178 1102 la-

191 1130 302 1190 cunda.
338 1129 390 1188 illa
412 1125 560 1190 dubitatio
581 1134 661 1202 erat,
684 1128 865 1202 singulaene
886 1125 1031 1187 cohortes
1056 1143 1100 1186 an
1122 1128 1179 1188 uni·

190 1213 273 1274 versi
289 1213 329 1273 ad
344 1212 531 1289 stipendium
545 1211 735 1310 petendum
727 1218 813 1272 rrent.
848 1209 1005 1271 inclinavit
1021 1215 1177 1284 sententia

192 1298 276 1376 quod
290 1298 383 1358 tutius
399 1297 576 1370 censebant,
599 1297 763 1357 universos
779 1297 833 1356 ire.

274 1381 469 1442 XXV1.Per
488 1381 616 1442 eosdem
638 1381 720 1456 dios,
745 1363 858 1456 quibus
873 1380 950 1442 lraec
964 1381 1008 1441 illi
1026 1375 1178 1442 'consulta

192 1468 272 1543 bant,
295 1465 456 1527 consilium
472 1465 545 1526 de''
527 1481 564 1525 ns
572 1465 746 1540 carthe01m
762 1472 834 1539 erat,
858 1464 1103 1540 certabaturque
1118 1483 1179 1526 sen·

190 1551 301 1624 tentiis,
317 1551 435 1611 uuum
428 1567 457 1610 m
470 1557 612 1610 auctores
623 1556 739 1610 tantum
751 1550 912 1632 seditionis
923 1581 965 1594 -·
977 1557 1071 1610 erant
1084 1559 1178 1611 autem

189 1635 211 1694 ii
226 1649 351 1694 numero
367 1634 450 1694 haud
462 1635 532 1710 plus
545 1649 636 1711 quam
653 1634 788 1710 quinque
804 1641 834 1696 et
849 1634 970 1710 triginta
983 1667 1028 1679 -
1044 1635 1179 1695 animad-

189 1725 372 1794 verteretur,
400 1734 438 1777 an
466 1719 597 1794 plurium
619 1717 772 1795 supplicio
800 1718 989 1780 vindicanda
1010 1725 1079 1779 tarn
1104 1721 1177 1780 foedi

190 1801 324 1879 exempli
340 1802 471 1864 deiectio
487 1803 585 1878 magis
601 1819 694 1878 quam
709 1803 820 1864 seditio
837 1810 929 1864 esset
964 1803 1042 1864 vicit
1059 1813 1173 1865 senten·

189 1889 231 1949 tia
244 1888 351 1962 lenior,
367 1893 402 1949 ut
414 1887 498 1948 unde
513 1888 604 1963 culpa
619 1895 685 1947 orta
699 1896 791 1958 esset
806 1888 847 1949 ibi
864 1903 965 1964 poena
976 1890 1175 1950 consisteret:

189 1973 229 2033 ad
254 1972 475 2033 multitudinem
501 1972 732 2047 castigationem
759 1972 835 2033 satis
862 1989 943 2033 esse.
976 1973 1117 2036 consilio
1144 1974 1178 2033 di

188 2059 294 2133 misso,
315 2063 349 2118 ut
362 2057 394 2116 id
409 2062 510 2117 actum
526 2056 688 2131 videretur,
709 2056 866 2132 expeditio
882 2058 1037 2118 adversus
1054 2057 1172 2118 Mando

188 2142 270 2202 nium
283 2140 512 2218 Indebilemque
527 2140 657 2200 edicitur
671 2141 826 2216 exercitui,
843 2142 895 2216 qui
907 2141 1096 2218 Carthagine
1113 2151 1176 2214 erat

188 2233 218 2288 et
238 2226 353 2288 cibaria
374 2226 489 2288 dierum
510 2225 628 2302 aliquot
651 2240 761 2301 parare
780 2224 929 2286 iubentur.
972 2225 1113 2288 tribunis
1140 2243 1178 2288 se·

187 2319 280 2388 ptem,
297 2311 349 2387 qui
364 2319 396 2372 et
406 2318 495 2371 antea
507 2309 675 2372 Sucronem
691 2309 731 2369 ad
747 2309 919 2370 leniendam
935 2311 1130 2372 seditionem
1144 2314 1177 2372 ie·

188 2403 271 2471 rant,
301 2393 424 2455 obviam
445 2395 591 2457 exercitui
611 2395 715 2454 missis
743 2394 835 2470 quina
856 2395 981 2455 nomina
1008 2397 1178 2474 principun

187 2479 349 2540 seditionis
364 2479 446 2540 edita
461 2485 540 2556 sunt,
555 2486 589 2541 ut
602 2495 658 2540 eos
672 2495 729 2556 per
743 2480 874 2541 idoneos
886 2479 1029 2541 homines
1047 2481 1178 2558 benigno

186 2565 273 2625 vultu
293 2580 330 2623 ac
346 2579 489 2625 sermone
509 2565 540 2624 in
555 2563 720 2640 hospitium
743 2565 886 2625 invitatos
904 2563 1097 2641 sopitosque
1113 2568 1178 2626 vino

185 2647 345 2708 vincirent.
378 2647 461 2709 haud
476 2649 615 2725 procul'
607 2665 667 2708 ram
686 2648 866 2725 Carthagine
881 2649 1025 2724 aberant,
1051 2667 1124 2712 cum
1145 2666 1178 2709 ex

187 2731 288 2792 obviis
302 2732 438 2792 auditum
454 2738 581 2808 postero
597 2732 647 2793 die
662 2749 782 2794 omnem
804 2734 971 2794 exercitum
988 2749 1062 2795 oum
1077 2735 1121 2794 Μ.
1137 2734 1177 2794 Si·

185 2816 287 2877 lano
279 2833 309 2876 m
324 2817 496 2882 Lacetanos
517 2801 680 2893 proticisci
688 2834 749 2878 non
767 2825 849 2878 metu
869 2820 967 2892 omni,
993 2819 1048 2894 qui
1070 2820 1176 2880 tacitus

186 2901 341 2963 insidebat
355 2901 474 2975 animis,
495 2901 635 2962 liberavit
648 2917 713 2978 eos,
732 2902 789 2962 sed
804 2902 970 2963 laetitiam
963 2905 1175 2980 ingentemle·

186 2987 240 3063 cit,
264 2987 348 3064 quod
371 2987 469 3062 magis
490 2985 622 3047 habituri
644 2988 744 3048 solum
766 2989 984 3062 imperatorem
999 3005 1095 3062 quam
1120 2987 1174 3064 ipsi

185 3073 277 3133 futuri
291 3072 322 3132 in
338 3077 490 3147 potestate
505 3071 572 3130 eius
588 3079 703 3132 essent.
736 3072 795 3132 sub
814 3087 960 3133 occasum
975 3073 1054 3133 solis
1069 3073 1173 3134 urben

185 3157 318 3230 ingressi
340 3163 426 3231 sunt,
448 3155 679 3231 exercitumque
693 3155 820 3216 atterum
835 3163 995 3231 parentem
1017 3159 1123 3217 omnia
1138 3156 1173 3216 ad

185 3240 241 3299 iter
255 3239 410 3299 viderunt
441 3240 562 3315 excepti
578 3239 771 3300 sermonibus
788 3240 827 3300 de
847 3240 998 3302 industria
1018 3241 1172 3318 composi-

185 3323 239 3395 tis,
262 3325 373 3383 laetum
395 3330 664 3398 opportunumque
684 3324 849 3385 adventum
872 3338 978 3384 eorum
999 3326 1172 3402 imperatori

185 3419 265 3476 esse,
284 3405 368 3480 quod
383 3405 441 3465 sub
457 3407 556 3481 ipsam
571 3407 795 3481 prosectionem
811 3408 935 3470 alterius
951 3411 1108 3471 exercitus
1122 3425 1173 3467 ve-

185 3485 312 3556 nissent,
333 3504 465 3562 corpora
480 3496 593 3548 curant.
619 3490 656 3547 ab
671 3489 799 3552 tribunis
814 3492 881 3552 sine
894 3493 957 3552 ullo
972 3497 1105 3554 tumultu
1118 3509 1175 3552 au-
