2428 3892
209 215 269 280 144
358 215 473 278 LIBER
485 215 592 277 XXVL
614 215 697 276 CAP.
711 225 755 280 38
769 221 814 280 ³9.
835 215 1033 297 [uuam]

208 375 279 452 quia
298 379 408 436 testem
428 371 543 434 babere
562 387 625 432 uon
640 376 762 447 posset,
784 369 910 430 liberius
925 368 1052 446 fingenti
1074 368 1133 432 sit:
1154 386 1183 429 aa

205 460 278 520 iude
293 457 412 519 dimissi
428 462 507 518 sunt.
530 455 722 517 necBlattius
737 461 806 515 aute
820 451 935 514 abstitit
945 460 1046 514 tamen
1057 461 1126 514 tam
1141 468 1183 514 au·-

207 543 277 603 daci
291 541 425 618 incepto,
448 557 538 616 quam
553 539 634 601 idem
649 539 847 600 obtundendo
863 537 1082 614 docendoque,
1101 554 1184 614 quarn

207 643 245 687 ea
258 643 310 688 res
330 626 407 702 ipsis
422 626 600 701 patriaeque
615 624 756 686 salutaris
771 630 870 700 esset,
893 622 1029 697 pervicit,
1052 627 1091 682 ut
1107 637 1184 698 prac-

207 711 320 772 sidium
339 709 487 771 Punicum
512 741 554 753 -
576 707 731 784 quingenti
753 715 851 769 autem
871 705 1019 767 Numidae
1040 712 1136 766 erant
1153 738 1186 748 -

208 794 394 874 Salapiaquc
406 793 735 855 traderetur-Marcello.
751 808 809 854 nec
820 790 888 853 sine
899 791 994 851 caede
1006 791 1107 851 multa
1119 789 1185 850 tradi

209 878 314 955 potuit.
334 877 589 954 longeiortissimi
602 876 738 953 equitum
749 875 934 939 totoPnnico
946 873 1089 936 exercitu
1102 883 1186 935 erant

208 965 312 1039 itaque
328 979 513 1039 quamquam
533 961 702 1038 improvisa
715 976 767 1021 res
781 961 851 1034 fuit,
874 976 932 1020 uec
945 976 1023 1020 usus
1039 975 1186 1035 equorum

208 1047 237 1108 in
250 1047 325 1109 urbe
337 1056 409 1121 erat,
424 1054 525 1107 tamen
536 1045 628 1107 armis
640 1045 718 1106 inter
729 1047 886 1107 tumultum
898 1043 996 1120 captis
1008 1051 1041 1105 et
1058 1044 1185 1120 eruptio-

208 1148 279 1191 nem
293 1137 525 1207 temptaverunt,
548 1137 578 1190 et
594 1145 662 1190 cum
677 1130 811 1191 evadere
824 1129 994 1205 nequirent,
1017 1136 1186 1206 pugnantes

210 1216 250 1275 ad
265 1215 401 1276 ultimum
417 1215 631 1290 occubuerunt,
649 1230 706 1276 nec
720 1215 790 1291 plus
806 1212 1027 1292 quinquaginta
1041 1228 1089 1273 ex
1105 1213 1152 1273 his
1165 1213 1187 1270 in

209 1305 391 1377 potestatem
414 1299 548 1360 hostium
577 1298 641 1359 vivi
671 1304 829 1360 venerunt.
870 1298 1004 1374 plusque
1034 1297 1187 1374 aliquanto

210 1385 312 1445 damni
330 1383 408 1444 hacc
429 1384 478 1444 ala
498 1382 633 1459 equitum
653 1383 769 1444 amissa
782 1381 943 1443 Hannibali
960 1399 1055 1456 quam
1072 1379 1189 1458 Salapia

210 1468 279 1538 iuit;
305 1483 363 1528 nec
384 1466 496 1527 deinde
515 1483 659 1542 umquam
670 1466 809 1542 Poenus,
834 1484 895 1543 quo
916 1467 1008 1542 longe
1028 1467 1188 1542 plurimum

209 1553 356 1623 valuerat,
378 1551 514 1627 equitatu
528 1551 669 1627 superior
683 1551 745 1613 mit.

294 1633 426 1694 XXXIX.
447 1635 505 1696 Per
519 1635 601 1696 idem
614 1643 734 1714 tempus
750 1651 819 1698 cum
834 1635 866 1695 in
881 1651 952 1696 arce
962 1635 1136 1696 Tarentina
1148 1634 1187 1692 vix

210 1717 315 1794 inopia
327 1718 492 1780 tolerabilis
507 1727 599 1795 essct,
615 1737 704 1796 spem
719 1736 840 1781 onmem
852 1720 1037 1796 praesidium
1053 1715 1187 1796 quodibi

211 1811 276 1864 mut
290 1803 460 1864 Romanmn
475 1805 710 1880 praefectusque
726 1804 871 1882 praesidii
886 1811 979 1879 atque
993 1803 1082 1864 areis
1098 1803 1139 1863 iit
1153 1803 1189 1861 Li·

210 1887 279 1948 vius
300 1888 330 1947 in
352 1889 571 1950 commeatibus
592 1889 631 1949 ab
646 1885 750 1950 Sicilia
770 1888 874 1950 missis
895 1888 1072 1963 habebant,
1098 1888 1188 1964 quint

210 1980 274 2034 tuto
291 1973 595 2048 praeterveherentur
610 1989 695 2034 oram
709 1973 828 2047 ltaliae,
851 1972 961 2036 classis
978 1971 1092 2049 viginti
1109 1974 1189 2032 iernne

211 2056 334 2117 navium
358 2056 446 2133 Regii
473 2056 581 2119 stabat.
624 2064 766 2134 praeerat
790 2057 883 2118 classi
909 2057 1190 2131 commeatibusque

210 2141 247 2200 D.
264 2141 430 2216 Quinctius,
454 2141 586 2203 obscuro
600 2158 714 2216 genere
729 2149 822 2218 ortus,
842 2147 977 2202 ceterum
992 2141 1103 2202 multis
1121 2141 1186 2202 lorti·

210 2225 269 2285 bus
284 2225 373 2286 iactis
393 2226 511 2286 militari
527 2227 624 2303 gloria
645 2227 780 2287 illustris.
814 2227 913 2302 primo
935 2225 1190 2304 quinquennum,

212 2326 341 2385 quarum
368 2310 518 2370 maximam
540 2312 619 2373 duae
639 2312 776 2372 triremes
804 2310 988 2370 aMarcello
1016 2309 1046 2370 ei
1070 2310 1191 2371 traditae

212 2402 306 2468 erant,
328 2394 446 2466 habuit;
471 2401 580 2470 postea
593 2411 658 2455 rem
677 2395 805 2472 impigre
820 2410 916 2472 saepe
930 2395 1051 2470 gerenti
1067 2400 1134 2456 tres
1148 2393 1190 2452 ad·

213 2477 294 2538 ditae
318 2477 571 2555 quinqueremem
593 2486 751 2556 postremo
772 2480 841 2554 ipse
861 2479 989 2540 asociis
1005 2477 1190 2554 Reginisque

212 2567 243 2621 et
261 2563 383 2622 aVeliu
403 2569 432 2623 et
453 2579 471 2622 a
485 2562 595 2624 Paesto
611 2564 730 2625 debitas
746 2579 785 2623 ex
800 2563 926 2625 loedere
947 2562 1108 2638 exigendo
1124 2562 1190 2622 clas·

213 2659 279 2704 sem
300 2645 406 2720 viginti
425 2645 564 2722 navium,
587 2647 665 2708 sicut
686 2647 885 2709 antedictum
900 2655 960 2720 cst,
984 2646 1093 2707 elficit.
1131 2644 1191 2705 huic

213 2726 252 2786 ab
269 2727 369 2804 Regio
391 2730 548 2804 proiectae
569 2731 662 2792 classi
681 2731 879 2792 Democrates
901 2746 970 2792 cum
990 2731 1060 2806 pari
1081 2729 1192 2808 [classi]

213 2811 336 2871 navium
350 2811 576 2874 Tarentinarum
595 2830 721 2875 numero
744 2814 918 2891 quindecim
937 2814 1020 2874 milia
1039 2814 1141 2874 lerme
1161 2812 1192 2872 ab

214 2893 288 2955 urbe
309 2897 349 2957 ad
364 2896 576 2974 Sapriportum
592 2898 701 2960 obvius
717 2899 780 2960 luit.
811 2900 890 2960 velis
905 2905 966 2959 tum
981 2899 1062 2966 forte
1084 2899 1191 2974 impro-

213 2978 304 3039 vidus
320 2981 412 3041 iuturi
426 2983 599 3042 certaminis
610 2983 767 3045 Romanus
781 2982 936 3043 veniebat:
959 2984 1017 3044 sed
1028 2982 1117 3043 circa
1128 2982 1191 3042 Cro·

215 3070 315 3122 ionem
325 3063 529 3141 Sybarimque
539 3069 737 3142 suppleverat
747 3067 874 3142 remigio
883 3083 989 3143 naves,
1001 3067 1191 3128 instructam·

214 3164 274 3220 quc
289 3158 319 3208 et
333 3158 477 3210 armatam
492 3149 615 3226 egregie
630 3167 685 3225 pro
700 3151 908 3227 magnitudine
923 3154 1047 3212 navium
1063 3153 1191 3212 classem

212 3230 353 3293 habebat.
376 3241 481 3294 ettam
497 3235 574 3295 iorte
588 3233 645 3294 sub
661 3235 742 3295 idom
754 3243 875 3312 tempus
892 3243 921 3296 et
931 3235 1016 3296 venti
1032 3236 1079 3296 vis
1098 3234 1190 3296 omnis

213 3314 323 3374 cecidit
343 3324 374 3375 et
393 3317 500 3377 hostes
515 3318 545 3376 in
568 3325 737 3394 conspectu
752 3321 850 3396 luere,
873 3327 907 3380 ut
921 3319 961 3381 ad
977 3318 1189 3396 componenda

214 3407 398 3489 annamema
418 3401 707 3478 expediendumque
722 3403 866 3480 remigem
881 3420 917 3464 ac
932 3404 1056 3466 militem
1077 3403 1121 3464 ad
1142 3405 1189 3462 im·

215 3493 331 3540 mmens
353 3489 505 3543 certamen
526 3485 600 3545 satis
621 3487 766 3562 temporis
787 3493 880 3549 esset
912 3504 982 3550 raro
1005 3487 1081 3549 arias
1104 3485 1188 3550 mnus
