2448 3900
224 252 339 313 LIBER
353 252 458 312 xxix.
479 252 563 312 CAP.
577 260 620 313 23.
636 260 680 313 Ἃ.
703 257 741 326 [a.
757 253 789 311 C.
803 261 866 326 204]
972 254 1035 318 305

43 419 106 472 tur.
143 413 277 467 ceterum
297 405 487 480 Hasdrubal,
507 420 625 465 memor
645 412 676 466 et
696 421 764 466 cum
777 406 923 483 Scipione
944 407 1036 470 initae

42 493 114 568 regi
131 490 288 552 societatis
310 496 340 548 ct
355 505 447 565 quam
460 505 541 550 vana
555 497 585 574 ct
599 488 756 550 mutabilia
770 491 969 553 barbarorum
990 494 1036 552 in-

42 577 143 654 genia
157 582 270 648 essent,
293 574 424 648 veritus,
446 589 485 634 ne
500 574 526 634 si
540 574 713 636 traiecisset
725 575 757 634 in
769 575 905 636 Africam
921 576 1034 653 Scipio,

41 677 180 739 parvum
195 659 351 720 vinculum
366 673 422 717 eae
436 658 561 734 nuptiae
574 667 693 731 essent,
717 659 789 720 dum
810 675 974 721 accensum
987 677 1035 722 re·

42 746 131 806 canti
154 759 258 806 amore
271 743 433 803 Numidam
453 743 560 818 habet,
583 743 725 819 perpellit
738 743 892 805 blanditiis
911 760 1035 822 quoque

41 831 174 907 puellae
189 825 343 903 adhibitis,
358 828 522 902 allegatos
538 827 568 886 in
581 827 715 888 Siciliam
730 829 770 888 ad
782 828 958 905 Scipionem
969 832 1035 892 mit·

42 923 106 989 tat,
130 929 186 989 per
208 926 288 988 quos
307 917 432 971 moneat
452 927 536 984 eum,
559 927 599 971 ne
613 912 766 988 prioribus
783 914 848 974 suis
870 915 1033 990 promissis

42 999 147 1059 irelus
162 996 335 1056 inAiricam
350 996 482 1057 traiciat=
498 1011 534 1056 sc
548 1002 580 1057 ct
592 997 705 1072 nuptiis
720 997 797 1058 civis
810 997 1035 1074 Carthaginien·

43 1084 104 1159 sis,
128 1082 210 1142 filiae
224 1080 443 1162 Hasdrubalis,
466 1095 557 1156 quem
573 1081 683 1140 viderit
696 1082 780 1157 apud
795 1098 830 1142 se
844 1084 875 1142 in
890 1083 1034 1159 hospitio,
1049 1081 1051 1084 ’

42 1175 80 1228 et
95 1165 221 1243 publico
242 1166 334 1224 etiam
348 1164 474 1224 loedere
495 1180 563 1226 cum
578 1167 694 1242 populo
711 1165 950 1241 Carthaginiensi
968 1168 1034 1228 iun-

44 1259 132 1312 ctum
153 1256 260 1326 optare
280 1249 427 1324 primum,
448 1255 482 1310 ut
503 1251 611 1324 procul
632 1250 670 1309 ab
689 1251 809 1324 Airica,
833 1251 913 1312 sicut
933 1251 1034 1313 adbuc

43 1336 186 1411 iecerint,
201 1333 314 1392 bellum
324 1333 455 1393 Romani
471 1349 539 1394 cum
551 1333 851 1410 Carthaginiensibus
865 1342 980 1411 gerant,
996 1352 1035 1395 ne

44 1420 109 1481 sibi
131 1419 284 1478 interesse
298 1417 514 1478 certaminibus
535 1433 641 1479 eorum
660 1435 806 1494 armaque
827 1428 879 1480 aut
892 1420 970 1481 haec
985 1427 1035 1481 aut

45 1505 111 1579 illa,
130 1505 313 1564 abnuentem
329 1504 454 1562 alteram
469 1503 655 1576 societatem,
679 1504 769 1580 sequi
784 1519 914 1565 necesse
928 1505 976 1566 sit.
1007 1505 1034 1565 si

44 1605 113 1650 non
134 1588 286 1648 abstineat
305 1586 410 1646 Africa
424 1585 581 1663 Scipiotel
601 1587 773 1664 Carthagini
793 1589 959 1650 exercitum
981 1590 1033 1649 ad·
1116 1621 1119 1628 =

45 1680 182 1744 moveat,
203 1671 262 1732 sibi
276 1671 485 1731 necessarium
500 1673 566 1732 iore
580 1679 611 1734 et
625 1689 681 1748 pro
696 1680 778 1733 terra
790 1673 904 1746 Airica,
927 1675 957 1733 in
973 1690 1034 1750 qua

44 1766 80 1820 et
95 1759 164 1834 ipsc
178 1757 219 1818 sit
232 1757 367 1836 genitus,
378 1762 409 1816 et
422 1771 479 1832 pro
491 1757 589 1831 patria
602 1758 742 1832 coniugis
757 1774 832 1818 suae
844 1774 965 1834 proque
979 1775 1031 1834 pa-

44 1849 136 1904 rente
150 1858 189 1902 ac
202 1839 364 1917 penatibus
379 1840 536 1901 dimicare.

134 1926 241 1987 XXIV.
265 1925 338 1986 Cum
353 1925 391 1985 iis
405 1925 557 1984 mandatis
572 1924 610 1984 ab
622 1940 695 2000 rege
706 1925 798 2000 legati
812 1927 851 1986 ad
859 1925 1034 2002 Scipionem

46 2013 136 2073 missi
166 2009 331 2087 Syracusis
356 2025 426 2070 cum
450 2015 667 2070 convenerunt.
719 2009 824 2086 Scipio
850 2027 1033 2086 quamquam

47 2113 163 2172 magno
184 2102 339 2155 momento
354 2109 454 2154 rerum
475 2095 506 2153 in
520 2094 625 2154 Africa
638 2094 840 2169 gerendarum
861 2110 1034 2170 magnaque

50 2199 108 2259 spe
129 2179 291 2242 destitutus
314 2184 392 2251 erat,
414 2179 523 2254 legatis
538 2193 685 2254 propere,
707 2179 885 2253 priusquam
901 2194 953 2238 res
968 2180 1033 2239 vul-

47 2272 182 2343 garetur,
197 2264 336 2325 remissis
350 2263 382 2323 in
393 2263 529 2323 Africam
543 2263 657 2322 litteras
672 2261 725 2322 dat
739 2263 779 2322 ad
793 2278 906 2338 regem,
923 2262 1033 2338 quibus

47 2352 141 2413 ctiam
158 2357 249 2424 atque
264 2349 354 2408 etiam
368 2353 472 2408 monet
486 2362 564 2419 cunr,
580 2363 618 2406 ne
632 2347 698 2407 iura
712 2346 838 2423 hospitii
853 2363 959 2408 secum
974 2363 1034 2408 neu

48 2453 120 2501 curn
135 2435 252 2512 populo
263 2434 403 2495 Romano
418 2432 510 2492 initae
525 2431 690 2507 societatis,
713 2447 774 2492 nen
788 2433 836 2492 ias
851 2431 944 2492 iidem
960 2432 1030 2492 dex*

47 2529 143 2593 teras,
159 2520 236 2580 deos
251 2524 346 2579 testes
362 2523 454 2593 atquc
470 2515 600 2576 arbitros
616 2523 846 2592 conventorum,
864 2517 956 2577 fallat.
985 2531 1033 2576 ce-

46 2615 148 2668 terum
163 2603 289 2679 quando
303 2616 406 2678 noque
424 2601 516 2663 celari
538 2600 687 2661 adventus
702 2600 900 2661 Numidarum
915 2607 1036 2677 poterat

46 2725 90 2734 -—
110 2689 213 2764 vagati
234 2687 361 2748 enimin
381 2685 458 2746 urbe
479 2685 698 2762 obversatique
712 2686 867 2761 praetorio
884 2693 969 2746 erant
982 2715 1034 2759 —,

46 2782 95 2847 et,
117 2773 147 2833 si
169 2772 308 2833 sileretur
331 2770 404 2847 quid
419 2776 558 2847 petentes
578 2770 751 2846 venissent,
771 2770 940 2848 periculum
961 2777 1033 2844 erat,

47 2875 90 2919 nc
101 2873 178 2918 vcra
192 2871 229 2916 eo
244 2857 315 2932 ipso
330 2855 415 2932 quod
427 2855 596 2916 celarentur
611 2871 668 2914 sua
679 2861 790 2931 sponte
800 2855 898 2930 magis
913 2870 1035 2915 emana-

45 2949 126 3016 rent,
146 2942 299 3015 timorque
313 2940 344 2999 in
358 2939 524 3000 exercitum
538 2939 695 3013 incideret,
716 2955 756 2999 ne
772 2940 862 3000 simul
878 2954 946 3000 cum
962 2953 1035 3014 rege

47 3034 77 3088 et
94 3024 395 3102 Carthaginiensibus
411 3023 490 3084 ioret
503 3021 687 3098 bellandum,
703 3025 812 3084 avertit
825 3040 844 3084 a
858 3038 933 3083 vero
949 3023 1034 3082 ialsis

48 3109 307 3188 praeoccupando
322 3114 440 3168 mentes
451 3107 615 3181 bominum,
631 3109 789 3169 etvocatis
805 3107 845 3168 ad
859 3107 1034 3168 contionem

49 3195 195 3257 militibus
217 3210 280 3255 non
300 3193 380 3254 ultra
401 3207 473 3252 esse
493 3192 696 3253 cunctandum
717 3192 767 3252 ait.
799 3192 928 3265 instare,
951 3197 984 3250 ut
1005 3192 1034 3249 in

48 3281 185 3343 Africam
200 3295 292 3356 quarn
308 3277 438 3354 primum
452 3276 577 3348 traiciat
595 3276 700 3337 socios
714 3291 813 3351 reges,
836 3274 1036 3334 Masinissam

49 3381 152 3442 ipsum
173 3365 258 3440 prius
281 3364 321 3423 ad
334 3362 471 3423 Laelium
491 3361 617 3421 venisse
638 3367 831 3434 querentem,
856 3358 940 3433 quod
962 3374 1036 3419 cun-

50 3449 160 3511 ctando
176 3456 296 3524 tempus
312 3453 474 3506 tereretur:
495 3460 575 3505 nunc
591 3443 768 3522 Syphacem
783 3443 901 3503 mittere
916 3443 1035 3518 legatos

50 3535 131 3595 idem
143 3533 351 3605 admirantem,
365 3531 642 3606 postulantemque,
652 3534 684 3589 ut
692 3535 742 3588 aut
749 3526 1033 3587 traiciaturtandem

90 3616 340 3676 ntrvranaslll.
799 3619 835 3673 ao
