2448 3900
286 238 403 300 Libicii
416 237 507 301 xxx.
530 237 612 300 cAP.
628 245 671 301 ss.
686 247 730 300 aa.
754 247 790 313 [a.
807 245 918 315 6661]
1031 237 1094 306 tici

108 401 192 469 rent,
214 392 257 453 ilii
271 399 444 468 praetorem
460 393 600 468 sagmina
614 398 787 467 poscerent.
819 391 933 453 herbae
950 394 982 454 id
998 409 1096 470 genus

108 495 150 540 ex
166 493 237 539 arce
252 484 407 554 sumptum
423 475 575 536 fetialibus
591 476 656 558 dari
671 477 759 537 solet.

193 563 238 622 lta
253 561 372 622 dimissi
387 560 425 620 ab
437 562 536 621 Roma
552 560 816 636 Carthaginienses
832 575 901 621 cum
916 561 946 622 in
961 561 1095 622 Africam

109 647 269 706 venissent
288 647 327 706 ad
344 645 535 720 Scipionem,
558 644 670 720 quibus
692 645 889 706 antedictum
910 652 957 705 est
976 646 1095 722 legibus

108 745 220 808 pacem
234 730 380 790 iecerunt.
414 745 511 788 naves
526 729 644 803 longas,
666 727 856 804 elephantos,
872 731 1027 806 perfugas,
1050 732 1096 793 iu·

107 816 231 890 gitivos‚
249 815 441 890 captivorum
457 819 599 887 quattuor
613 813 696 872 milia
709 812 907 887 tradiderunt,
924 815 1001 875 inter
1016 830 1096 891 quos

109 897 423 974 Q Terentiusculleo
440 903 564 956 senator
579 897 643 957 tuit.
668 913 764 956 naves
778 905 943 971 provectas
959 900 988 957 in
1003 900 1096 960 altum

108 983 233 1043 incendi
248 983 345 1043 iussit.
381 981 561 1057 quingentas
578 982 674 1042 inisse
689 981 787 1043 omnis
802 981 933 1056 generis,
956 997 1035 1057 quae
1048 998 1096 1044 re·

108 1068 168 1129 mis
189 1072 365 1142 agerentur,
388 1066 512 1141 quidam
526 1066 663 1135 tradunt;
687 1081 814 1142 quarum
829 1071 1029 1142 conspectum
1049 1082 1096 1126 re-

109 1159 204 1228 ponte
218 1151 392 1211 incendium
407 1157 469 1210 tam
483 1149 610 1226 lugubre
626 1151 723 1211 iuissc
736 1148 855 1225 Poenis,
879 1165 970 1226 quarn
985 1151 1011 1211 si
1027 1151 1096 1226 ipsa

109 1235 261 1310 Carthago
277 1236 410 1295 arderet.
441 1235 481 1296 do
497 1235 637 1311 perbtgis
652 1234 776 1310 gnavius
792 1249 883 1308 quam
899 1236 939 1295 de
961 1234 1095 1310 iugiuvis

109 1321 298 1380 consultum:
318 1319 559 1380 nominisLatini
575 1319 730 1395 quierant,
751 1318 851 1378 securi
865 1319 1013 1395 percussi,
1034 1319 1093 1380 Ro·

108 1405 191 1464 mani
206 1405 236 1463 in
252 1419 373 1465 erucem
389 1403 510 1464 sublati.

194 1488 298 1548 XLIV.
313 1487 411 1548 Annis
425 1494 494 1547 ante
507 1487 708 1564 quadraginta
718 1501 780 1562 pax
792 1486 1094 1562 cumcarthaginicn·

109 1574 197 1634 sibus
210 1580 368 1649 postremo
380 1574 460 1633 iactu
474 1579 539 1632 erat
550 1572 583 1646 Q.
595 1572 715 1632 Lutatio
727 1572 765 1629 A.
777 1570 890 1632 Manlio
907 1571 1094 1632 consulibus.

110 1658 224 1718 beilum
238 1658 344 1719 initum
360 1658 447 1718 annis
463 1663 535 1734 post
549 1656 644 1717 tribus
660 1663 690 1715 61
703 1655 809 1729 viginti
823 1654 856 1714 P.
872 1654 1012 1716 Comeiio
1030 1655 1094 1715 Tib.

111 1742 293 1818 Sempronio
315 1741 508 1813 consulibus,
532 1741 648 1800 finitum
669 1746 716 1800 est
731 1739 862 1814 septimo
878 1739 996 1800 decimo
1012 1753 1094 1799 armo

111 1827 162 1886 Cn.
177 1825 317 1886 cornelio
332 1825 363 1884 P.
374 1825 463 1884 Aelio
479 1825 571 1884 Paeto
588 1825 776 1884 consulibus.
798 1839 894 1899 saepe
909 1830 1019 1899 postea
1030 1822 1095 1883 Sci-

109 1913 232 1986 pionem
255 1911 355 1970 ierunt
375 1909 507 1984 dixisse,
528 1909 591 1968 Tib.
609 1909 726 1969 Claudii
746 1906 876 1984 primum
900 1907 1095 1982 cupiditatem

110 1994 223 2054 deinde
237 1993 290 2053 Cn.
308 1993 438 2054 Cornelii
459 1993 599 2053 16166616
615 2007 715 2067 mora,
739 1991 916 2066 quominus
937 1991 967 2051 id
981 1990 1095 2051 beilum

110 2078 202 2138 exitio
218 2077 410 2152 dartbaginis
424 2077 533 2138 finiret.

195 2161 367 2236 Carthagini
384 2179 451 2222 cum
466 2161 563 2237 prima
578 2161 699 2221 collatio
722 2160 870 2236 pecuniae
884 2159 998 2222 diutino
1015 2161 1095 2221 beilo

108 2245 267 2306 exhaustis
279 2247 412 2306 difficilis
425 2247 587 2319 videretur,
603 2245 814 2320 maestitiaque
825 2252 856 2306 61
867 2243 957 2306 iietus
968 2245 999 2304 in
1012 2246 1095 2305 curia

110 2338 201 2404 esset,
217 2331 364 2391 ridentem
373 2330 575 2390 Hannibalem
586 2330 685 2390 serunt
696 2336 905 2405 conspectum.
928 2328 1014 2388 cuius
1027 2343 1095 2387 cum

110 2412 282 2474 Hasdrubal
297 2415 423 2476 Haedus
438 2415 533 2474 risum
548 2414 721 2490 increparet
734 2414 764 2473 16
780 2413 903 2489 publico
919 2412 1001 2488 fletu,
1027 2429 1095 2474 cum

110 2497 178 2572 ipsc
199 2499 391 2559 lacrimarum
413 2514 509 2558 causa
530 2505 630 2572 66661,
653 2498 700 2573 „si
716 2514 805 2573 quem
828 2498 1010 2560 admodum
1031 2499 1094 2560 oris

109 2582 229 2642 habitus
246 2584 380 2643 cernitur
395 2582 515 2644 oculis“
528 2582 633 2656 inquit,
656 2583 722 2657 „sic
737 2589 767 2642 61
781 2581 900 2643 animus
915 2583 996 2644 intus
1012 2583 1094 2642 cerni

108 2675 226 2742 posset,
249 2669 339 2728 iaciie
354 2667 444 2727 vobis
461 2673 630 2743 appareret,
646 2683 707 2726 non
723 2667 792 2726 laeti
807 2667 863 2726 sed
879 2681 977 2743 prope
992 2681 1094 2727 amen·

110 2749 147 2809 tis
164 2752 252 2810 maiis
267 2752 371 2813 cordis
387 2752 483 2821 hunc,
508 2767 599 2826 quem
614 2750 794 2826 increpitas,
817 2751 912 2812 risum
927 2765 1008 2812 csse.
1043 2747 1094 2825 qui

110 2841 209 2894 tamen
233 2850 426 2910 nequaquam
449 2835 529 2895 adeo
549 2842 596 2896 est
616 2836 850 2910 intempestivus
866 2851 957 2910 quam
973 2841 1095 2896 vostrae

109 2917 186 2978 istae
198 2917 351 2980 absurdae
363 2927 455 2996 atque
468 2916 905 2981 abhorrenteslacrimaesunt.
921 2918 1095 2980 tunciiesse

110 3001 225 3074 decuit,
250 3017 317 3063 cum
337 3005 480 3080 adempta
501 3011 571 3065 sunt
591 3003 680 3084 uobis
702 3019 801 3079 arma,
824 3005 967 3066 incensae
988 3015 1094 3077 naves,

110 3086 299 3147 interdictum
316 3090 450 3149 externis
465 3089 570 3148 bellis:
588 3089 640 3148 illo
656 3087 734 3147 eninr
752 3090 877 3148 vulnere
893 3087 1093 3148 concidimus.

110 3185 239 3230 necesse
255 3178 301 3232 est
315 3174 345 3232 in
358 3189 416 3234 vos
432 3173 504 3232 odio
518 3180 622 3234 vostro
635 3173 807 3233 consuiturn
823 3172 861 3232 ab
869 3173 1015 3232 Romanis
1029 3185 1092 3230 cre-

111 3255 197 3314 datis.
231 3256 314 3316 66116
329 3273 440 3331 magna
455 3258 563 3317 civitas
585 3257 746 3333 quiescere
761 3261 871 3332 potest.
905 3255 932 3316 si
948 3256 1023 3316 ioris
1038 3253 1092 3313 ho·

110 3345 185 3399 stem
208 3341 391 3414 nonhabet,
415 3341 498 3401 domi
520 3342 642 3416 invenit,
665 3349 697 3401 61
711 3341 889 3415 praevalida
907 3353 1039 3416 corpora
1054 3336 1092 3397 ab

110 3424 242 3485 externis
266 3427 368 3485 causis
386 3433 446 3485 tuta
460 3425 617 3498 videniur,
640 3425 697 3486 sed
712 3424 777 3485 suis
800 3425 869 3500 ipsa
883 3423 1000 3504 viribus
1019 3437 1092 3482 one-

110 3517 219 3571 rantur.
243 3516 358 3570 tuntum
368 3509 508 3572 nimirum
524 3526 563 3571 ex
574 3509 706 3587 publicis
722 3509 809 3570 maiis
824 3508 979 3582 sentimus,
998 3520 1090 3584 quan·
