2434 3902
177 219 239 288 178
323 219 439 283 LIBER
452 221 573 283 XXVII.
597 221 680 282 CAP.
694 229 737 283 14.
750 230 792 284 lb.
816 228 853 296 [a.
866 227 900 280 U.
913 245 937 280 c.
949 227 1013 296 eta]

176 373 277 438 conici
291 374 390 435 iussit.
412 373 542 434 haesere
556 374 659 434 omnia
672 374 734 434 tela
747 372 830 434 haud
846 372 964 434 difficili
979 387 1021 433 ex
1034 378 1154 450 proph-

177 474 239 537 quo
261 459 292 518 in
307 465 390 518 tunm
405 473 536 534 corpora
556 459 618 519 ictu
639 463 669 517 et
688 463 749 520 tam
764 457 903 518 conlertu
916 457 1016 518 turba.
1060 459 1118 518 sed
1130 467 1155 518 ut
1204 479 1205 486 ¹

176 559 238 604 non
253 557 361 604 omnes
377 542 525 602 uulnerati
539 548 618 618 sunt,
634 541 675 602 ita
689 543 719 603 in
735 557 865 617 quorum
880 542 975 618 tergis
989 541 1090 603 inlixa
1104 549 1155 603 ste·

176 634 241 690 tere
254 627 326 703 pila,
347 633 381 687 ut
395 633 443 686 est
456 641 554 702 genus
569 641 696 704 auceps,
716 627 747 686 in
763 627 866 702 lugam
880 626 964 687 versi
979 626 1075 686 etiam
1090 628 1155 687 inte

177 727 249 788 gros
265 716 413 771 avertere.
445 718 507 772 tum
522 712 582 772 iam
597 726 657 773 non
673 727 753 772 unus
767 710 957 787 manipulus,
979 711 1039 771 sed
1056 726 1115 788 pro
1128 727 1156 771 sa

178 796 309 871 quisque
323 793 427 870 miles,
451 795 502 872 qui
517 796 611 858 modo
632 795 764 872 adsequi
779 810 889 871 agmen
905 795 1092 871 fugientium
1105 797 1154 856 elc-

177 880 359 956 phantorum
375 886 503 957 poterat,
519 880 583 956 pila
597 880 748 942 conicere.
771 895 809 942 eo
824 879 921 955 magis
936 895 1028 942 ruere
1041 880 1076 946 ,in
1090 897 1155 940 suos

178 965 301 1037 beluae,
324 970 470 1042 tantoque
484 964 630 1026 maiorem
646 971 780 1042 stragem
795 964 889 1025 edere
906 980 999 1040 quam
1015 966 1098 1025 inter
1110 965 1156 1024 ho

177 1057 241 1111 stes
268 1048 443 1122 ediderant,
473 1056 588 1126 quanto
610 1049 711 1110 acrius
733 1064 832 1126 pavor
853 1055 1085 1110 consternatam
1105 1049 1156 1124 agit

178 1149 269 1209 quam
284 1133 445 1194 insidentis
459 1133 594 1209 magistri
608 1133 737 1210 imperio
752 1133 876 1209 regitur.
905 1134 935 1192 in
952 1132 1156 1209 perturbatam

176 1224 355 1279 transcursu
367 1215 525 1278 beluamm
539 1219 635 1279 aciem
647 1219 735 1294 signa
750 1218 883 1292 inierunt
889 1217 1020 1278 Romani
1031 1218 1156 1293 pedites,

177 1309 208 1363 et
220 1302 303 1362 haud
318 1317 428 1378 magno
444 1304 607 1363 certamine
619 1302 788 1379 dissipatos
803 1302 1062 1377 trepidantesque
1076 1318 1155 1362 aver·

176 1393 250 1447 tunt
283 1393 344 1446 tam
360 1386 390 1445 in
406 1385 556 1463 fugientes
571 1387 738 1462 equitatum
752 1386 882 1446 immittit
896 1386 1084 1459 Marcellus,
1107 1400 1155 1444 nec

177 1477 247 1532 ante
267 1470 338 1531 linis
359 1471 510 1547 sequendi
530 1479 579 1532 est
604 1472 701 1532 lactus
724 1487 815 1547 quam
836 1472 867 1530 in
890 1478 991 1530 castra
1010 1477 1156 1546 paventes
1205 1501 1206 1506 κ

178 1553 328 1630 compulsi
343 1561 424 1616 sunt.
451 1571 522 1615 nam
534 1571 629 1632 super
640 1556 710 1630 alia,
727 1570 807 1632 quae
821 1563 968 1616 terrorem
981 1554 1155 1631 trepidatio-
1205 1557 1206 1572 ¹

177 1652 310 1714 nemque
321 1638 465 1715 lacerent,
480 1640 633 1717 elephanti
645 1655 769 1717 quoque
784 1639 845 1700 duo
861 1639 892 1698 in
907 1639 976 1714 ipsa
989 1645 1083 1716 porta
1096 1654 1158 1698 cor-

177 1729 314 1795 ruerant,
344 1723 505 1800 coactique
530 1731 616 1785 erant
635 1724 745 1785 milites
767 1739 822 1802 per
846 1724 962 1786 rossam
983 1725 1159 1798 vallumque

177 1822 266 1868 ruere
281 1806 310 1866 in
327 1814 437 1868 castra.
469 1807 511 1868 ibi
524 1809 657 1870 maxima
670 1809 803 1870 hostium
819 1808 933 1869 caedes
947 1808 1039 1869 iacta.
1069 1823 1159 1868 caesa

177 1891 217 1952 ad
233 1897 302 1953 octo
317 1891 400 1954 milia
413 1891 578 1968 hominum,
596 1893 730 1971 quinque
745 1892 907 1970 elephanti.
939 1907 998 1954 nec
1012 1893 1158 1954 Romanis

178 1977 334 2038 incruenta
348 1975 479 2038 victoria
494 1977 564 2037 luite
578 1977 661 2038 mille
675 1979 771 2038 terme
785 1984 816 2038 et
830 1977 1015 2052 septingenti
1031 1977 1073 2038 de
1088 1977 1158 2037 dua·

176 2060 235 2121 bus
258 2061 445 2137 legionibus,
467 2069 498 2123 et
518 2062 674 2124 sociorum
689 2077 784 2138 supra
798 2061 879 2122 mille
898 2065 1025 2122 trecenti
1049 2061 1157 2131 occisi,

177 2146 325 2207 vulnerati
345 2146 485 2222 permulti
506 2145 618 2206 civium
638 2146 866 2221 sociorumque.
897 2145 1051 2206 Hannibal
1071 2153 1160 2206 nocte

177 2230 318 2306 proxima
333 2236 435 2291 castra
448 2231 557 2291 movit=
579 2231 751 2308 cupientem
766 2229 887 2305 insequi
894 2229 1074 2291 Marcellum
1092 2247 1160 2306 pro·

176 2313 274 2374 hibuit
287 2314 448 2376 multitudo
464 2315 648 2377 sauciorum.
691 2315 758 2375 XV.
780 2314 1001 2389 speculatores,
1020 2315 1075 2389 qui
1092 2331 1159 2391 pro-

178 2405 380 2475 sequerentur
393 2414 511 2475 agmen,
527 2399 614 2460 missi
629 2406 755 2476 postero
771 2398 821 2459 die
834 2399 1015 2469 rettulerunt
1024 2398 1159 2460 Bruttios

176 2483 376 2544 Hannibalem
392 2489 505 2560 petere.

261 2566 363 2628 isdem
379 2568 474 2628 terme
489 2566 599 2628 diebus
616 2573 647 2628 et
660 2567 701 2628 ad
716 2566 749 2642 Q.
765 2567 904 2628 Fulvium
919 2568 1081 2629 consulem
1095 2569 1158 2628 Hir·

178 2651 240 2728 pini
255 2658 285 2710 et
298 2651 413 2712 Lucani
429 2657 458 2710 et
468 2650 646 2712 Vulcientes
659 2651 779 2713 traditis
794 2652 959 2728 praesidiis
968 2652 1158 2725 Hannibalis,

178 2735 302 2812 quaein
317 2735 445 2796 urbibus
460 2734 623 2808 habebant,
639 2735 823 2797 dediderunt
836 2731 916 2813 sese,
932 2737 1159 2813 clementerque
1206 2733 1207 2736 ’

177 2837 195 2879 a
211 2819 338 2880 consule
353 2834 421 2881 cum
436 2819 599 2881 verborum
613 2825 729 2881 tantuna
750 2821 949 2898 castigatione
964 2819 1004 2881 ob
1025 2836 1159 2882 errarem

177 2903 371 2980 praeteritum
393 2904 512 2980 accepti
532 2913 612 2966 sunt.
645 2911 675 2964 et
687 2904 813 2967 Bruttiis
829 2905 937 2968 similis
954 2921 1029 2982 spes
1051 2905 1159 2968 veniae

176 2989 258 3048 iacta
272 2994 328 3064 est,
351 3004 420 3049 cum
435 2987 474 3049 ab
488 2987 526 3049 iis
540 2987 651 3050 Vibius
666 2996 697 3050 et
710 2989 837 3051 Paccius
852 2990 975 3066 iratres,
998 2991 1092 3066 longe
1107 3005 1158 3049 no·

175 3072 316 3134 bilissimi
336 3073 435 3149 gentis
455 3072 538 3150 eius,
568 3073 711 3148 eandem,
741 3091 821 3151 quae
842 3074 914 3135 data
931 3074 1066 3135 Lucanis
1088 3080 1158 3147 erat,

178 3157 390 3218 condicionem
401 3157 565 3218 deditionis
577 3164 717 3233 petentes
727 3159 896 3220 venissent.
920 3156 1077 3233 Q.Fabius
1089 3174 1156 3219 con·

178 3243 224 3300 sul
241 3241 389 3316 oppidum
406 3241 436 3299 in
452 3240 615 3302 Salentinis
629 3241 820 3303 Manduriam
833 3244 865 3302 vi
880 3243 969 3319 cepit.
990 3241 1033 3302 ibi
1048 3243 1089 3302 ad
1104 3242 1156 3303 tria

177 3324 259 3384 milia
269 3324 425 3384 hominum
440 3331 530 3400 capta
545 3331 576 3385 et
587 3332 706 3385 ceterae
719 3327 854 3400 praedae
868 3327 1067 3402 aliquantium
1088 3325 1155 3384 inde

177 3406 339 3466 Tarentum
349 3408 508 3482 protectus
523 3407 554 3465 in
569 3408 646 3482 ipsis
658 3408 799 3470 faucibus
811 3417 917 3486 portus
929 3410 1033 3487 posuit
1048 3415 1153 3470 castra

178 3503 290 3562 naves,
311 3506 389 3565 quas
404 3490 510 3551 livius
524 3491 658 3551 mundis
673 3493 891 3555 commeatibus
905 3494 1069 3569 babuerat,
1090 3507 1151 3569 par
