2428 3892
230 221 344 282 LIBER
357 221 451 282 xxv.
475 221 669 290 exemto.
694 227 851 297 [a.0.ala]
992 221 1030 288 si

73 393 143 452 rent,
165 393 219 437 sex
242 377 417 452 praefectos
440 391 600 450 creavere,
625 383 659 437 ιιι
683 375 761 436 terni
781 375 977 437 Achradinae
996 392 1034 438 ao

72 459 140 522 liaso
158 468 345 537 praeessent.
382 461 490 523 sedato
510 459 631 520 mudena
647 461 776 522 tumultu
790 461 1032 537 exsequentibus

70 545 252 620 sciscitando,
274 560 355 620 quac
376 550 444 606 acta
464 559 533 605 crun
547 545 695 605 Romanis
710 551 831 617 essent,
853 545 988 607 dilucere
1002 545 1033 607 id

68 629 141 704 quod
154 636 215 690 erat
228 629 340 704 eoepit,
355 629 445 690 aliam
463 644 551 689 suam
563 645 582 688 a
592 629 790 704 perfugarum
808 644 933 690 causam
950 645 1032 691 esse.

65 711 143 774 XXX.
163 713 191 772 iu
211 721 351 788 ternpore
371 712 460 788 legati
481 728 501 772 a
519 711 664 772 Marcello
685 713 857 786 redierunt,
878 714 957 775 laisa
977 731 1032 776 eos

65 796 226 872 suspicione
239 797 382 859 incitatos
397 803 612 871 memorantes,
627 811 684 857 nec
700 812 826 858 causam
841 801 1033 874 expetendae

64 895 169 954 poenae
186 896 292 942 eorum
309 882 403 942 tdlam
416 881 565 943 Romanis
580 895 660 942 esse.
693 889 758 942 erat
772 897 790 940 c
804 882 901 944 tribus
915 863 1032 944 Achra-

66 964 143 1024 dinae
154 966 318 1040 praelectis
329 965 486 1041 Hispanus
497 965 652 1027 Moericus
668 966 799 1028 nomine.
824 965 864 1026 ad
874 981 944 1028 eum
956 967 1033 1028 inter

66 1047 175 1110 multas
188 1051 360 1126 legatorum
372 1050 412 1110 dc
423 1050 575 1111 industria
584 1066 666 1111 unus
678 1065 717 1110 cx
728 1051 936 1126 Hispanorum
947 1052 1032 1112 auxi·

64 1131 172 1193 iiarihus
193 1141 242 1195 est
261 1135 393 1210 missus,
422 1134 472 1209 qui
494 1134 560 1195 sine
582 1134 704 1195 arbitris
718 1133 887 1197 Moericum
902 1145 1030 1197 nanctus

66 1215 176 1288 primum
197 1235 259 1294 quo
282 1221 314 1281 iu
335 1227 417 1282 statu
435 1217 614 1295 reliquisset
634 1218 814 1293 Hispaniam
827 1253 870 1265 --
884 1226 916 1278 ct
935 1236 1032 1296 nuper

69 1299 125 1358 inde
147 1311 273 1366 venerat
286 1305 486 1380 *exponite
523 1303 626 1363 omnia
655 1303 802 1364 Romanis
834 1303 876 1363 ibi
904 1303 1030 1364 obtineri

69 1384 149 1444 anis.
170 1403 270 1462 posse
281 1405 360 1464 cum,
374 1388 400 1449 si
412 1403 528 1464 operae
538 1388 671 1463 pretium
682 1386 781 1462 iaciat,
795 1387 965 1462 principem
977 1403 1032 1463 po

69 1467 197 1538 palariam
212 1489 302 1548 esse,
325 1489 382 1533 seu
396 1474 525 1534 militare
540 1487 609 1534 cum
623 1471 770 1533 Romanis
786 1486 844 1532 seu
858 1470 888 1531 in
903 1472 1031 1548 patriam

64 1554 157 1614 reverti
166 1557 267 1619 libeat.
292 1565 407 1632 contra,
423 1557 450 1617 si
461 1557 551 1618 malle
562 1555 697 1618 obsideri
711 1563 827 1632 pergat,
841 1571 932 1632 quam
943 1573 1030 1633 spem

66 1648 124 1696 csse
136 1645 214 1701 terra
227 1641 369 1717 marique
384 1642 512 1702 clausor
532 1647 635 1702 motus
650 1639 698 1700 his
713 1639 882 1716 Moericus,
905 1656 974 1703 cum
988 1643 1031 1701 le·

64 1726 137 1790 gatos
161 1724 199 1784 ad
218 1725 397 1788 Marcellum
423 1725 498 1786 uuiti
523 1726 706 1800 placuisset,
732 1726 855 1785 tratrem
876 1723 954 1786 inter
974 1740 1030 1787 eos

63 1803 148 1877 uitii,
170 1809 221 1884 qui
243 1825 302 1886 per
322 1810 454 1872 cundem
469 1809 553 1870 illum
567 1808 739 1885 Hispanum
754 1816 892 1869 secretus
908 1810 947 1870 ab
962 1811 1029 1871 aliis

64 1885 95 1943 ad
111 1887 283 1954 Marcellum
309 1894 476 1967 deductus,
503 1909 572 1954 crun
596 1893 688 1954 iidem
709 1893 884 1967 accepisset
904 1909 1028 1970 compo-

64 1970 222 2052 suissetque
245 1978 384 2053 agendae
399 1978 538 2040 ordinem
552 1978 613 2050 rei,
633 1977 840 2037 Acluadinam
854 1975 942 2037 redit.
966 1985 1030 2038 tum
1093 2004 1103 2020 ·

63 2048 214 2136 Moericus,
236 2069 272 2123 ut
286 2063 324 2122 ab
340 2061 519 2139 suspicione
532 2061 715 2137 proditionis
729 2065 882 2120 averteret
896 2062 1028 2122 omnium

64 2139 180 2220 Mimos,
202 2153 297 2222 negat
313 2146 371 2206 sibi
386 2148 511 2222 placere
525 2147 644 2220 legatos
659 2159 830 2206 commeare
845 2144 924 2204 ultro
940 2143 1029 2205 citro·

65 2239 122 2299 lue,
132 2244 233 2306 neque
247 2230 459 2306 recipiendum
474 2244 659 2306 quemquam
674 2243 777 2303 neque
790 2227 983 2299 mittendum,
1000 2237 1029 2289 et

66 2323 115 2378 quo
135 2311 276 2376 intentius
297 2314 456 2378 custodiae
477 2319 653 2387 serventur,
675 2319 849 2386 opportuna
864 2311 1029 2372 dividenda

65 2397 210 2462 praelectis
226 2414 313 2474 csse,
335 2405 369 2460 ut
382 2413 459 2460 suae
474 2398 607 2474 quisque
622 2397 718 2472 partis
733 2396 877 2456 tutandae
891 2411 963 2456 reus
979 2397 1027 2458 sit.

66 2487 158 2540 omues
173 2481 300 2544 adsensi
312 2491 392 2544 suut.
415 2482 552 2559 partibus
564 2481 737 2542 diuidendis
749 2481 809 2556 ipsi
831 2481 916 2556 regio
929 2481 1029 2542 euenit

65 2558 97 2618 lb
107 2563 256 2628 Arethusa
276 2568 360 2628 iente
381 2581 482 2643 usque
502 2567 542 2626 ad
557 2567 668 2626 ostium
682 2565 785 2640 magni
799 2573 917 2640 portus.
951 2566 983 2626 id
996 2575 1029 2626 ut

64 2642 163 2716 scirem
176 2651 305 2712 Romani
320 2651 400 2712 iecit.
431 2651 534 2727 itaque
548 2649 711 2714 Marcellus
726 2655 817 2711 nocte
831 2665 940 2711 navem
956 2666 1028 2712 one-

37 2787 41 2800 ,
63 2729 158 2792 raian
178 2751 245 2796 cum
260 2736 382 2796 armatis
397 2737 533 2796 remulco
549 2733 750 2810 quadriremis
764 2734 847 2796 trahi
858 2735 899 2795 ad
912 2735 1028 2796 Achra-

67 2807 151 2876 dinam
162 2818 258 2894 iussit,
268 2820 444 2897 exponique
455 2817 565 2880 milites
576 2819 701 2894 regione
712 2826 828 2894 portae,
838 2833 917 2894 quae
928 2835 1029 2895 prope

66 2892 162 2962 iontem
181 2903 367 2966 Arethusam
393 2910 449 2964 est.
486 2903 546 2966 hoc
574 2917 643 2964 cum
665 2910 774 2978 quarta
792 2903 896 2978 vigilia
915 2903 1027 2964 lactum

65 2990 136 3044 esset
148 2989 372 3064 expositosque
385 2986 496 3048 milites
511 2995 613 3063 porta,
629 2996 662 3049 ut
676 2994 876 3060 convenerat,
891 2987 1027 3062 recepis-

66 3069 104 3157 ιιι
114 3066 278 3148 Moericus,
300 3074 368 3133 luce
382 3072 481 3148 prima
492 3070 656 3133 Marcellus
674 3072 814 3133 omnihus
830 3070 928 3147 copiis
944 3085 1027 3131 moe·

65 3158 105 3207 ura
125 3155 315 3218 Achradinae
339 3156 517 3233 adgreditur
540 3157 595 3232 ita,
620 3162 654 3216 ut
677 3172 738 3217 non
759 3171 815 3218 eos
836 3155 952 3227 solum,
975 3153 1027 3229 qui

67 3229 251 3302 Achradinam
277 3241 435 3316 tenebant,
461 3241 492 3301 in
518 3255 554 3301 se
579 3247 784 3313 converteret,
810 3239 867 3299 scd
887 3235 925 3297 ah
944 3237 1027 3298 Naso

67 3315 141 3382 ciam
153 3327 273 3400 agmina
287 3332 472 3387 armatorum
487 3330 707 3386 concurrerent
717 3323 830 3384 relictis
843 3320 1026 3384 stationibus

68 3400 120 3463 suis
137 3408 173 3469 ad
193 3410 255 3470 vim
275 3415 306 3469 et
325 3407 472 3484 impetum
485 3410 693 3470 Romanorum
707 3405 882 3466 arcendum.
917 3405 948 3463 in
966 3402 1026 3464 hoc

69 3485 172 3553 tunultu
185 3493 339 3554 actuariae
351 3509 444 3554 naves
458 3492 625 3552 instructae
636 3491 695 3550 iam
707 3494 777 3546 ante
789 3485 1024 3546 circumvectae·
