2448 3900
277 217 393 280 arcun
407 217 497 278 mix.
522 217 682 281 caasa
705 221 741 296 p.
755 221 862 298 cnm]
989 218 1056 282 aar

63 378 103 432 et
122 369 270 430 Numidae
291 376 321 430 et
341 368 605 446 Carthaginienses
626 371 723 447 pulsi=
747 387 817 432 nam
838 386 939 448 neque
952 372 1054 432 Numi·

62 455 147 530 dae,
162 453 295 514 maxima
309 469 382 529 pars
398 461 551 530 agrestes,
566 455 737 517 Romanum
751 455 936 532 equitatum,
951 471 1057 531 neque

63 537 351 621 Uarthagmienses,
375 544 406 599 et
419 539 489 616 ipse
502 555 602 600 novus
616 540 713 615 miles,
728 539 924 601 Masinissam
938 540 1053 601 recenti

63 639 169 700 super
184 629 286 684 cetera
301 623 429 684 victoria
442 623 607 685 terribilem
622 625 805 686 sustinuere.
827 624 941 685 nudata
950 623 1053 685 utrim·
1140 691 1142 696 ,

63 724 135 785 que
157 708 301 769 cornibus
318 706 497 768 Celtiberum
518 707 601 768 acies
623 709 722 769 stabat
729 715 741 783 ,·
759 707 844 785 quod
865 723 922 768 nec
935 707 966 768 in
982 709 1055 783 luga

63 793 158 853 salus
177 793 240 853 ulla
254 791 472 854 ostendebatur
492 792 568 859 locis
591 791 718 867 ignotis,
741 808 842 869 neque
857 808 931 870 spes
945 791 1057 852 veniae·

64 876 111 936 ab
129 874 273 952 Scipione
289 883 362 953 erat,
386 876 571 953 quambene
585 878 724 938 meritum
739 877 779 937 de
796 892 831 936 sc
848 883 878 937 et
891 883 982 951 gente
997 891 1055 936 sua

65 962 290 1022 mercennariis
316 963 409 1022 armis
435 961 465 1022 in
491 961 626 1021 Africam
653 967 862 1037 oppugnatum
886 960 1054 1020 venissent.

63 1045 163 1121 igitur
182 1046 375 1107 circumfusis
401 1045 537 1123 undique
556 1044 697 1106 hostibus
719 1044 770 1104 alii
791 1059 886 1120 super
907 1043 983 1104 alios
1005 1057 1053 1102 oa·

66 1129 182 1190 dentes
204 1130 355 1191 obstinate
373 1131 595 1200 moriebantur;
619 1129 824 1205 omnibusque
838 1128 869 1188 in
884 1142 940 1188 eos
954 1126 1055 1188 versis

67 1213 261 1289 aliquantum
276 1215 316 1274 ad
328 1215 430 1288 fugam
441 1213 587 1290 temporis
601 1213 729 1290 Syphax
741 1220 771 1274 et
781 1209 955 1273 Hasdrubal
967 1225 1054 1286 prae-

69 1304 232 1372 ceperunt.
264 1298 406 1375 fatigatos
432 1299 528 1358 caede
550 1296 662 1358 diutius
684 1313 775 1373 quam
797 1311 901 1373 pugna
921 1294 1055 1356 victmes

69 1397 137 1444 nox
153 1382 320 1458 oppressit.

159 1467 209 1525 IX.
231 1465 358 1528 Postero
381 1466 431 1526 die
446 1465 549 1542 Scipio
563 1467 700 1526 Laelium
713 1463 971 1538 Masinissamque
987 1477 1054 1522 cum

71 1549 158 1611 omni
170 1551 310 1611 Romano
332 1557 362 1611 et
376 1549 533 1610 Nmnidico
550 1549 688 1627 equitatu
701 1548 917 1624 expeditisque
930 1543 1054 1606 militum

71 1633 116 1694 ad
136 1635 373 1710 persequendos
394 1632 570 1710 Syphacem
594 1641 687 1710 atquc
708 1632 932 1694 Hasdrubalem
952 1629 1055 1689 mittit.-
1079 1693 1083 1702 ,
1166 1671 1169 1676 -

72 1719 145 1791 ipse
160 1733 229 1778 cum
243 1718 356 1779 robore
374 1716 527 1778 exercitus
541 1717 634 1780 urbes
650 1718 747 1792 circa,
768 1731 848 1791 quae
863 1729 970 1776 omnes
986 1714 1056 1774 car·

74 1801 312 1876 thaginiensium
338 1801 467 1862 dicionis
494 1808 595 1875 erant,
625 1801 733 1878 parlim
758 1816 817 1877 spe
841 1799 951 1875 partim
975 1804 1057 1858 metu

73 1885 187 1960 partim
206 1885 236 1945 vi
257 1884 377 1962 subigit.
414 1884 588 1959 Carthagini
608 1891 674 1944 erat
688 1883 810 1958 quidem
825 1882 933 1957 ingens
949 1888 1057 1954 terror,

73 1975 107 2029 et
121 1968 385 2030 circumferentem
399 1984 482 2027 arma
494 1967 670 2043 Scipionem
685 1965 826 2029 omnibus
841 1959 976 2025 finitimis
987 1980 1057 2038 rap·

73 2053 131 2113 tim
150 2053 329 2126 perdomitis
348 2052 448 2127 ipsam
463 2050 674 2127 Carthaginem
694 2056 821 2125 repente
839 2049 1059 2123 adgressurum

75 2136 254 2197 credebant.
274 2137 378 2212 itaque
393 2141 423 2196 et
436 2135 513 2196 muri
526 2134 742 2197 reficiebantur
754 2130 1059 2209 propugnaculisque

74 2220 288 2296 armabantur,
311 2227 340 2281 et
356 2236 412 2295 pro
427 2235 463 2280 se
478 2219 626 2296 quisque,
642 2233 721 2294 quae
736 2216 871 2277 diutinae
886 2213 1058 2277 obsidionis
1091 2286 1097 2294 ³

74 2304 255 2365 tolerandae
270 2311 349 2377 sunt,
364 2319 404 2363 cx
418 2302 501 2378 agris
519 2302 669 2364 convehit.
689 2317 760 2362 rara
773 2299 886 2360 mentio
902 2306 950 2361 est
961 2298 1058 2373 pacis,

74 2387 266 2463 frequentior
286 2389 454 2462 legatorum
476 2387 516 2447 ad
529 2387 728 2446 Hannibalem
749 2384 970 2444 arcessendum
993 2381 1059 2441 mit-

75 2470 248 2546 tendorum,
263 2488 337 2548 pars
353 2470 484 2530 maxima
500 2470 639 2544 classem,
656 2483 737 2545 quae
751 2466 792 2528 ad
806 2466 994 2528 commeatus
1007 2481 1059 2525 ex-

77 2555 241 2632 cipiendos
261 2561 371 2630 parata
392 2562 472 2628 erat,
498 2555 614 2616 mittere
638 2552 743 2613 iubent
762 2551 802 2612 ed
824 2550 1060 2628 opprimendum

76 2639 242 2702 stationem
266 2639 389 2699 navium
410 2638 450 2698 ad
470 2637 587 2699 Uticam
611 2637 732 2698 incaute
754 2642 909 2711 agentcm=
931 2633 1060 2694 forsitan

75 2724 169 2784 etiam
183 2724 304 2784 navalia
319 2729 436 2798 castra,
458 2723 564 2782 relicta
579 2738 647 2782 cum
662 2721 722 2781 levi
736 2719 909 2797 praesidio,
931 2732 1060 2794 oppres·

76 2822 181 2869 suros.
204 2807 235 2866 in
250 2807 311 2868 hoc
326 2805 486 2868 consilium
500 2806 633 2867 maxime
647 2805 808 2874 inclinant;
824 2805 944 2880 legatos
960 2810 1060 2864 tamen

76 2891 121 2952 ad
134 2891 336 2952 Hannibalem
355 2889 519 2951 mittendos
540 2895 682 2951 censent=
706 2889 823 2965 quippe
838 2887 932 2949 classi
946 2893 981 2947 ut
994 2884 1059 2945 leli·

77 2975 204 3036 cissime
227 2981 372 3051 gerantur
385 2990 451 3046 res,
474 2981 562 3049 parte
577 2973 680 3050 aliqua
693 2972 789 3033 levari
802 2969 909 3033 Uticae
924 2968 1059 3031 obsidio·

76 3074 158 3132 nem,
174 3058 385 3134 Carthaginem
399 3059 499 3134 ipsam
514 3058 566 3134 qui
580 3063 707 3131 tueatur,
729 3070 831 3131 neque
844 3057 1061 3130 imperatorem

78 3143 172 3204 alium
195 3145 287 3220 qimm
307 3141 525 3217 Hannibalem,
550 3157 652 3217 neque
674 3139 842 3200 exercitum
851 3139 942 3198 alium
964 3153 1056 3210 quam

78 3227 258 3289 Hannibalis
280 3241 456 3303 superesse.
493 3226 644 3287 deductae
658 3239 732 3299 crgo
747 3228 873 3298 postero
890 3220 940 3280 die
954 3233 1060 3294 naves,

78 3309 170 3372 simul
182 3318 212 3372 et
224 3311 316 3388 legati
327 3311 358 3370 in
371 3309 486 3370 Italiam
496 3309 635 3384 profecti.
657 3307 829 3384 raptimque
843 3304 945 3366 omnia
955 3303 1060 3366 stimu·
1105 3366 1107 3374 ,

79 3397 163 3456 lante
184 3395 306 3458 fortuna
330 3394 518 3471 agebantur;
552 3399 583 3453 et
602 3393 634 3454 in
656 3408 718 3468 quo
739 3390 871 3468 quisque
893 3393 1060 3463 cessasset,

78 3478 169 3556 prodi
185 3480 224 3540 ab
238 3495 273 3541 se
288 3480 417 3541 salutem
432 3477 566 3540 omnium
580 3477 712 3538 rebatur.
