2434 3902
243 213 356 274 LIBER
370 213 490 274 XXVII.
513 213 596 274 cnP.
611 223 655 278 34.
678 221 715 288 [ι.
729 221 760 273 C.
772 222 835 290 208]
970 217 1030 283 201

62 375 202 437 lacerent,
225 367 315 440 longe
330 373 399 425 ante
415 365 492 426 alios
508 366 660 427 eminebat
675 366 706 426 C.
723 366 866 429 claudius
881 369 976 431 Nerua
1003 374 1030 435 el

61 452 170 524 collega
185 450 395 524 quaerebatur.
427 455 457 508 ot
473 450 569 510 virum
585 450 707 526 quidem
722 467 791 510 eum
806 454 960 529 egregium
976 458 1031 518 du-

61 535 168 609 cebant,
183 534 241 594 sed
252 534 471 610 promptiorem
486 535 696 610 acrioremque
710 551 799 610 quam
812 544 949 614 tempora
959 538 1029 600 belli

60 619 241 694 postularent
264 623 315 678 aut
335 616 434 678 hostis
449 617 615 678 Hannibal:
647 621 876 696 temperandum
897 638 967 683 acre
986 626 1015 684 in

61 703 171 778 genium
191 703 259 762 cius
280 703 439 763 moderato
455 709 485 763 el
504 703 645 778 prudenti
660 704 726 765 viro
748 705 891 766 adiuncto
913 709 1030 784 collega

61 785 225 846 censebant.
258 785 298 850 M.
305 787 410 846 Livius
426 793 498 860 orat,
514 787 615 846 multis
630 788 718 848 annis
733 796 803 848 ante
818 805 856 849 ex
869 793 1030 852 consulatu

62 871 155 946 populi
175 870 290 930 iudicio
313 871 489 944 damnatus,
513 886 605 945 quam
625 871 819 946 ignominiam
841 873 920 934 adeo
938 891 1030 951 aegre

62 955 170 1028 tulerat,
192 961 225 1015 ut
248 971 302 1016 rus
323 954 466 1030 migraret
487 963 517 1014 ct
537 971 592 1030 per
612 953 723 1015 multos
744 972 842 1016 annos
863 965 892 1018 et
911 960 985 1020 urbe
1000 967 1030 1020 et

63 1039 132 1096 omni
147 1043 238 1099 coetu
252 1047 372 1100 careret
384 1039 549 1100 hominum.
583 1045 692 1100 octavo
709 1041 804 1100 serane
818 1049 891 1116 post
905 1042 1029 1102 damna-

61 1123 159 1182 tionem
174 1138 256 1183 anno
271 1122 313 1182 M.
330 1122 473 1184 Claudius
486 1122 649 1184 Marcellus
665 1133 695 1183 et
708 1123 748 1183 Μ.
763 1125 906 1185 Valerius
921 1127 1028 1186 Laevi-

61 1223 109 1266 nus
128 1209 271 1267 consulcs
292 1207 478 1268 reduxerant
498 1222 568 1268 eum
588 1207 617 1266 in
633 1208 756 1279 urbem;
778 1210 837 1268 sed
858 1217 922 1269 erat
942 1219 1029 1272 veste

61 1289 186 1352 obsoleta
207 1291 383 1367 capilloque
403 1299 433 1353 et
446 1291 542 1351 barba
558 1292 732 1374 promissa,
751 1309 826 1367 prae
841 1309 913 1355 sese
926 1295 1028 1354 ferens

61 1374 84 1434 in
99 1376 176 1436 vultu
189 1376 359 1449 habituque
378 1375 529 1450 insignem
542 1377 719 1437 memoriam
735 1375 920 1451 ignominiae
940 1394 1025 1438 acce

61 1465 128 1532 ptae.
164 1460 197 1519 L.
212 1459 361 1520 Veturius
376 1466 407 1519 et
418 1459 451 1518 P.
466 1459 600 1520 Licinius
617 1474 763 1520 censores
780 1475 849 1521 eum
864 1462 983 1522 tonderi
999 1469 1029 1521 et

60 1543 222 1617 squalorem
244 1543 403 1619 deponere
424 1551 454 1603 et
474 1542 504 1602 in
520 1549 658 1604 senatum
674 1545 777 1603 tvenne
793 1544 938 1620 iungique
959 1544 1027 1605 aliis

61 1626 176 1699 publicis
188 1627 367 1690 muneribus
383 1633 558 1702 coegerunt
581 1628 638 1688 sed
653 1633 714 1687 tum
730 1643 854 1703 quoque
867 1634 919 1689 aut
933 1629 1027 1689 verbo

60 1709 277 1775 adsentiebatur
293 1719 347 1772 aut
366 1711 497 1787 pedibus
512 1712 542 1770 in
558 1711 738 1772 senientiam
758 1711 836 1787 ibat,
860 1713 960 1773 donec
975 1729 1025 1772 eo·

59 1795 129 1865 gnati
144 1795 277 1857 hominis
293 1811 362 1856 eum
378 1811 473 1858 causa
487 1795 527 1855 Μ.
542 1796 619 1856 Livii
633 1795 758 1870 Macati,
782 1812 850 1857 cum
866 1798 947 1857 lama
961 1797 1026 1857 eius

60 1886 192 1954 ageretur,
209 1885 342 1941 stantem
357 1879 482 1954 cogitio
498 1888 605 1941 senatu
619 1879 800 1940 sententiam
815 1880 927 1940 dicere.
957 1888 1027 1940 tunc

60 1975 91 2019 ex
108 1956 186 2026 tanto
208 1964 368 2025 intervallo
390 1963 511 2024 auditus
528 1963 677 2024 convertit
697 1979 752 2023 ora
766 1963 921 2024 hominum
936 1964 965 2022 iu
982 1979 1025 2037 se,

60 2059 231 2124 causamque
253 2048 444 2108 sermonibus
464 2047 617 2124 praebuit,
639 2047 763 2122 indIgno
785 2046 923 2106 iniuriam
936 2063 956 2105 a
970 2063 1026 2122 po·

59 2131 120 2201 pulo
135 2133 252 2207 laetam,
275 2146 449 2207 magnoque
465 2132 497 2193 id
513 2132 623 2192 damno
639 2131 744 2206 luisse,
769 2131 925 2205 quodiam
941 2131 1026 2203 gravi

59 2210 127 2276 bello
141 2233 198 2278 nec
220 2233 318 2294 opera
332 2231 389 2277 uec
404 2217 532 2277 consilio
549 2215 617 2276 talis
631 2214 687 2274 viri
703 2230 761 2275 usa
774 2229 824 2273 res
840 2213 963 2288 publica
977 2229 1025 2272 es-

59 2305 106 2357 set.
137 2301 166 2361 C.
182 2300 295 2362 Neroni
309 2315 411 2375 neque
427 2300 460 2374 Q.
475 2300 601 2361 Fabium
616 2313 718 2381 neque
731 2297 772 2357 Μ.
780 2297 935 2357 Valerium
950 2296 1025 2355 Lae-

59 2379 147 2444 vinum
160 2386 226 2446 dari
241 2386 377 2460 collegas
393 2399 497 2459 posse,
516 2385 585 2458 quia
597 2385 676 2445 duos
691 2381 838 2458 patricios
853 2380 949 2440 creari
963 2396 1025 2441 nou

59 2464 159 2530 liceret.
191 2471 321 2530 eandem
338 2485 462 2529 causam
476 2468 506 2526 in
521 2468 554 2526 Τ.
567 2467 682 2529 Mando
703 2481 789 2539 esse,
811 2471 1025 2541 praeterquam

60 2553 132 2621 qaod
151 2558 328 2615 recusasset
343 2553 476 2612 delatum
490 2552 682 2614 consulatum
703 2557 961 2624 recusaturusque
977 2564 1024 2608 es·

59 2641 106 2692 sel.
134 2639 287 2714 egregium
303 2653 360 2713 par
374 2639 535 2698 consulum
551 2637 625 2709 lore,
641 2635 668 2694 si
679 2633 718 2694 M.
731 2635 848 2694 Livium
861 2633 1024 2694 aclaudio

60 2719 193 2794 collegam
214 2719 436 2784 adiunxissent.
468 2736 525 2780 nec
546 2719 682 2796 populus
697 2719 880 2780 mentionem
901 2718 966 2778 eius
982 2719 1024 2777 rei

60 2807 143 2861 ortam
155 2821 174 2864 a
185 2805 323 2880 patribus
337 2811 385 2864 esi
399 2811 589 2882 aspematus.
610 2820 687 2863 orius
702 2817 769 2862 eam
780 2819 844 2863 rem
859 2802 889 2862 in
905 2801 1025 2862 civitate

59 2883 94 2956 ie,
113 2888 157 2946 cui
178 2889 373 2950 deserebatur
392 2889 508 2964 honos,
532 2887 699 2962 abnuebat,
721 2887 873 2949 levitatem
896 2884 1024 2945 civitatis

60 2981 212 3034 accusans:
246 2972 397 3034 sordidati
418 2971 462 3032 rei
483 2987 544 3032 non
566 2971 718 3031 miseritos
740 2971 902 3031 candidam
923 2979 1025 3043 togam

60 3046 141 3114 invito
157 3057 281 3129 ollerrc3
299 3057 409 3118 eodem
424 3057 557 3116 bonores
573 3070 752 3131 poenasque
767 3055 901 3128 congeri.
929 3052 956 3111 si
970 3050 1024 3109 bo-

61 3149 121 3195 num
136 3141 289 3218 ducerent,
306 3140 379 3218 quid
396 3141 437 3201 ita
446 3157 503 3216 pro
520 3141 612 3200 noxio
628 3140 845 3200 damnassent?
859 3137 886 3197 si
901 3135 1024 3195 noxium

61 3224 279 3298 comperissent,
296 3225 370 3300 quid
385 3225 427 3285 ita
441 3226 519 3284 male
535 3224 650 3284 credito
662 3222 764 3298 priore
778 3220 937 3280 consulatu
951 3218 1025 3276 alte-

63 3317 117 3362 mm
137 3309 316 3369 crederent?
348 3309 426 3368 haec
446 3307 580 3384 taliaque
601 3311 776 3381 arguentem
798 3311 827 3363 et
849 3307 1024 3378 querentem

63 3388 237 3464 cmbgabant
251 3400 371 3470 patres,
394 3401 424 3453 et
437 3392 476 3450 Μ.
492 3391 615 3451 Furium
631 3393 833 3449 memorantes
849 3391 1024 3478 revocatum

63 3467 338 3554 dccxsitiopairlam
349 3473 800 3552 pulsamsedosuarestitalsse.
817 3476 849 3528 ut
856 3472 1022 3545 parentium
