2428 3892
131 161 194 226 roo
326 159 442 222 amna
451 157 545 218 xxv.
558 155 643 218 car.
655 163 700 217 ao.
714 157 923 260 [aueum]

128 319 170 379 ita
184 321 371 393 pervagatus
386 319 435 374 est
447 311 582 373 hostium
594 325 699 386 agros,
713 309 757 371 ita
770 308 881 371 socios
892 308 935 369 ad
945 308 1139 371 retinendos

129 403 160 462 in
174 400 238 462 fide
252 399 374 460 animos
389 412 497 458 eorum
508 393 700 469 serendoque
711 395 742 453 in
753 399 899 470 tempore
911 393 1031 468 cuique
1041 395 1139 456 auxl-

129 487 203 548 lium
216 483 289 555 adit,
304 488 339 542 ut
352 480 440 542 brevi
452 487 592 555 tempore
605 484 701 540 totam
716 475 855 538 Siciliam
869 477 1016 554 impleret
1030 478 1139 540 nomi·

129 570 177 630 nis
193 567 258 638 sui,
280 580 339 625 nec
354 580 429 641 spes
444 565 506 624 alia
517 562 615 623 maior
629 562 714 638 apud
728 563 873 622 faventes
887 560 986 622 rebus
1003 561 1140 624 cuma

130 649 314 729 giliensium
342 655 435 710 esset
470 648 575 722 imque
598 646 710 708 inclusi
735 645 778 706 ad
804 653 932 722 tempus
960 645 1140 707 moenibus

129 733 289 811 Agrigenti
303 733 368 796 tlux
381 732 505 795 Poenus
519 729 804 808 Syracusanusque
818 747 883 791 non
898 729 1035 792 consilio
1049 730 1141 792 Mut-

130 818 203 880 tinis
226 834 319 893 quam
338 817 451 878 fiducia
464 816 563 891 magis
584 815 653 877 ausi
666 814 775 891 egredi
790 821 881 874 extra
895 829 1004 876 muros
1020 815 1065 875 ad
1081 815 1140 874 lli·

131 917 247 964 meram
267 917 388 962 amnem
408 906 579 978 posueruut
598 906 710 960 castra.
746 899 834 974 quod
846 899 903 960 ubi
917 900 1079 976 perlatum
1096 899 1140 959 ad

130 986 309 1048 Marcellum
322 993 384 1059 est,
406 984 560 1060 extemplo
575 984 683 1060 copias
698 983 809 1059 movit,
831 991 863 1044 et
876 983 917 1045 ab
931 983 1026 1045 hoste
1040 991 1140 1060 quat-

131 1079 202 1132 tuor
216 1071 312 1130 terme
325 1069 441 1132 milium
454 1067 614 1130 intervallo
629 1067 781 1143 consedit,
800 1067 878 1144 quid
891 1074 1025 1144 agerent
1038 1083 1139 1145 para·

88 1215 91 1221 .
131 1161 254 1230 rentve,
273 1161 518 1232 exspectaturus.
554 1153 612 1214 sed
633 1152 752 1213 nullum
770 1167 875 1228 neque
896 1153 1002 1214 locum
1023 1167 1140 1228 neque

133 1249 255 1314 tempus
268 1237 454 1300 cunctationi
466 1237 636 1299 consiliove
646 1235 895 1312 deditMuttincs,
908 1244 1139 1312 transgressus

134 1339 256 1384 amnem
276 1338 312 1383 ae
327 1322 511 1385 stationibus
525 1320 661 1384 hostium
676 1337 747 1382 cum
761 1321 879 1396 ingenti
892 1327 1015 1384 terrore
1029 1337 1071 1382 ac
1087 1330 1139 1382 tu-

129 1408 231 1468 multu
243 1407 393 1470 invectus.
421 1413 548 1483 postero
564 1405 615 1466 die
629 1421 730 1483 prope
743 1405 826 1466 iusto
841 1405 963 1484 proelio
980 1405 1141 1482 compulit

134 1491 242 1552 hostes
264 1491 343 1552 intra
356 1491 552 1560 munimenta.
584 1489 658 1550 inde
671 1498 839 1552 revocatus
855 1489 1012 1552 seditione
1025 1489 1139 1552 Numi·

135 1576 243 1636 darum
264 1574 295 1635 iu
316 1574 424 1636 castris
445 1575 540 1646 iacta,
562 1589 633 1635 cum
651 1575 781 1635 trecenti
795 1576 893 1636 terme
908 1591 1019 1636 eorum
1032 1574 1139 1635 Hera·

137 1661 234 1720 oleam
246 1658 381 1719 Minoam
396 1658 640 1734 concessissent,
657 1659 698 1720 ad
711 1657 900 1734 uritigandos
914 1659 1138 1722 revocandos-

138 1757 200 1819 que
210 1757 266 1804 eos
273 1744 430 1819 protectus
441 1757 552 1819 magno
565 1757 661 1818 opere
671 1743 832 1806 monuisse
843 1743 943 1805 (luces
955 1744 1083 1820 dicitur,
1097 1760 1139 1804 ne

138 1827 266 1888 absente
279 1842 315 1888 se
330 1842 399 1888 curn
412 1827 504 1890 hoste
516 1843 628 1890 manus
642 1835 851 1890 consererent.
878 1827 912 1888 id
926 1829 1020 1890 ambo
1036 1845 1139 1904 aegre

139 1910 225 1988 passi
245 1911 356 1986 duces,
377 1914 476 1988 magis
490 1912 698 1988 Hunno,.iam
719 1919 790 1973 ante
804 1911 916 1974 anxius
932 1914 1034 1988 gloria
1047 1913 1138 1974 eius:

138 1995 295 2058 Muttinem
310 1996 370 2058 sibi
383 1997 510 2058 mudum
522 1997 642 2071 iacere,
665 1995 853 2072 degenerem
868 1998 981 2058 Afrum
995 1999 1134 2074 impera-

139 2082 198 2142 tori
218 2080 458 2157 Carthaginiensi
477 2080 574 2142 misso
595 2081 635 2141 ab
656 2087 767 2142 senatu
785 2083 987 2158 populoque!
1010 2083 1039 2143 is
1061 2097 1137 2158 per—

141 2166 217 2242 pulit
226 2170 418 2228 cunctantem
428 2165 600 2244 Epicyden,
615 2172 649 2227 ut
659 2166 848 2241 transgressi
859 2165 977 2227 ilumen
989 2167 1022 2227 in
1033 2167 1138 2227 aciem

142 2250 274 2312 exirent:
289 2267 360 2312 nam
371 2249 399 2310 si
405 2249 564 2313 Muttinem
575 2248 800 2326 opperirentur,
813 2256 845 2311 et
854 2251 997 2312 secunda
1007 2267 1139 2329 pugnae

142 2336 266 2403 tortuna
293 2334 465 2409 evenisset,
494 2332 578 2395 haud
605 2334 699 2395 dubie
725 2333 866 2396 Muttinis
894 2336 1027 2412 gloriam
1055 2337 1137 2399 iore.

141 2419 216 2480 XLI.
238 2420 393 2480 enimvero
415 2418 574 2494 indignum
591 2425 676 2480 ratus
689 2417 856 2481 Marcellus
872 2435 923 2494 se,
949 2421 1003 2496 qui
1017 2420 1138 2480 Hanni-

143 2502 245 2563 balem
263 2503 429 2564 subnixum
447 2502 577 2564 victoria
598 2503 751 2564 caunensi
771 2503 811 2564 ab
830 2503 911 2566 Nola
929 2505 1136 2581 reppulisset,

144 2585 192 2646 his
207 2594 289 2648 terra
302 2587 442 2662 marique
455 2586 545 2648 victis
560 2588 600 2649 ab
613 2604 649 2649 se
661 2587 803 2650 hostibus
820 2588 942 2664 cedere,
958 2605 1047 2650 arma
1062 2605 1137 2666 pro·

145 2684 219 2746 pere
234 2684 346 2746 capere
359 2671 468 2734 milites
482 2681 515 2736 et
528 2673 630 2734 efferri
643 2672 733 2748 signa
746 2672 839 2735 iubet.
859 2672 1031 2736 instruente
1046 2689 1137 2735 exer·

146 2753 237 2816 citum
257 2755 365 2815 decem
386 2756 492 2820 effusis
514 2759 604 2836 equis
624 2757 771 2819 advolant
784 2774 825 2819 ex
838 2757 976 2821 hostium
991 2759 1061 2819 acie
1074 2759 1136 2820 ltu·
1204 2757 1205 2806 i

145 2837 261 2915 midae,
282 2839 456 2906 nuntiantes
477 2848 645 2923 populares
666 2859 759 2921 suos,
779 2845 912 2920 primum
927 2858 966 2904 ea
981 2844 1137 2906 seditione
1204 2861 1205 2922 g

146 2928 262 2998 motus,
286 2938 348 2998 qua
367 2930 495 2993 trecenti
515 2947 555 2993 cx
575 2946 702 2993 numero
724 2945 782 2991 suo
805 2927 1020 2990 concesserint
1038 2928 1137 2990 Hera·

147 3007 251 3082 clem,
267 3005 338 3067 dein
355 3014 442 3084 quod
457 3018 645 3093 praelectum
658 3031 749 3077 suum
763 3013 803 3075 ab
818 3012 1064 3075 obtrectantibus
1080 3013 1137 3073 du-
1204 3011 1205 3040 ³

146 3089 234 3152 cibus
254 3090 372 3166 81⁰riae
394 3097 462 3162 eius
483 3102 541 3164 sub
556 3101 653 3177 ipsam
669 3098 844 3162 certaminis
859 3098 941 3160 diem
959 3097 1137 3174 ablegatur.
1204 3119 1205 3148 1

144 3173 282 3249 uideant,
305 3173 468 3270 quieturos
482 3187 513 3248 in
529 3201 640 3263 pugna.
676 3201 754 3262 gens
768 3185 864 3246 fallax
878 3181 1027 3261 promissi
1041 3183 1136 3243 iidem
1204 3179 1205 3258 ξ

144 3258 302 3332 Maiisfiffl·
334 3263 445 3338 mque
464 3279 495 3334 et
506 3270 653 3334 Romanis
672 3271 768 3332 crevit
782 3270 903 3331 animus
918 3267 1025 3329 nuntm
1043 3267 1136 3328 celeri
1204 3287 1205 3324 t

144 3339 344 3433 ll0f01'dlssqs
371 3347 491 3432 misso,
515 3356 692 3418 destitutum
717 3355 756 3414 ab
778 3352 881 3428 equite
905 3351 1029 3413 hostem
1053 3367 1135 3424 esse,

145 3437 235 3495 quem
254 3435 389 3487 mmm
410 3431 590 3502 timuerante
613 3446 645 3500 et
662 3437 758 3500 territi
771 3436 895 3512 hostes,
916 3440 1134 3512 praeterquam
1204 3439 1205 3442 ’
