2448 3900
192 231 253 295 272
367 229 481 291 LIBER
494 226 629 288 xxvttl.
654 224 738 286 CAP.
750 231 795 286 ts.
819 230 857 297 [a.
871 229 908 282 U.
921 247 945 281 e.
958 229 1028 296 547]

192 394 312 459 c‚ssent
336 401 404 446 cum
424 383 557 443 amissae
571 377 756 455 Hispaniae,
777 393 849 440 cum
864 381 1018 453 quattuor
1033 379 1169 440 exercitus

193 474 366 535 Poenorum
381 473 586 543 quattuorque
602 464 699 524 duces
715 462 819 523 omnia
833 468 920 522 metu
929 462 1094 538 armisque
1104 471 1170 522 tene

194 563 274 632 rent,
304 570 372 614 cum
393 551 549 626 quaesitus
575 549 616 608 ad
640 547 672 606 id
696 546 811 608 bellum
835 546 1012 621 imperator
1038 561 1172 608 nemost

195 638 372 704 ostenderet
390 642 510 710 praeter
530 647 594 703 mo,
616 647 706 692 nemo
724 630 863 705 proliteri
877 646 979 690 ausus
997 637 1099 702 esset,
1119 647 1173 690 cua

197 723 269 785 mihi
290 726 435 797 quattuor
454 724 484 778 et
503 715 610 791 viginti
631 731 731 776 annos
755 721 826 776 nato
842 713 1038 776 detulisset
1029 715 1173 790 imperium

197 808 331 907 pupulus
344 805 560 864 Romanus—
574 800 648 876 quid
670 799 712 858 ita
732 805 796 859 tum
818 815 909 859 nerno
926 803 1068 858 aetatem
1083 814 1174 885 mean,

197 908 257 952 mm
268 888 410 961 hostium
426 885 636 946 drllicultntem
647 882 728 954 belh
741 883 839 959 patris
852 883 1026 959 patruique
1037 889 1174 942 recentem

198 975 316 1037 cladem
343 969 622 1034 commemorabam
656 972 757 1028 utrum
787 967 886 1028 rrtaior
915 966 1030 1044 aliqua
1056 983 1134 1028 nunc
1153 968 1174 1025 ιι

128 1129 129 1134 1
197 1060 302 1121 Africa
316 1056 472 1118 calamitas
487 1061 616 1128 accepta
630 1059 687 1126 est,
703 1067 796 1127 quarn
810 1052 903 1112 tunc'
895 1067 926 1110 ιιι
938 1050 1100 1127 Hispania
1110 1057 1176 1110 eratt

198 1161 237 1204 an
252 1140 384 1203 maiores
399 1153 481 1199 nunc
495 1143 567 1199 sunt
580 1136 735 1197 exercitus
750 1135 782 1194 in
799 1135 906 1196 Africa
920 1142 952 1196 et
966 1136 1073 1196 duces
1088 1136 1175 1210 plures

198 1227 420 1300 melioresque,
443 1237 532 1299 quam
555 1228 626 1282 tuuc
647 1221 677 1279 in
698 1219 851 1295 Hispania
872 1221 1023 1280 luerunt?
1047 1236 1088 1280 an
1109 1227 1176 1278 aetas

198 1327 268 1372 mea
288 1318 358 1371 tuno
377 1307 524 1368 maturior
545 1305 626 1365 bello
652 1305 789 1379 gerendo
808 1305 880 1378 luit,
905 1320 1004 1380 quam
1027 1319 1112 1364 nurtc
1124 1309 1177 1362 estt

200 1413 239 1456 an
260 1410 328 1456 cum
344 1389 584 1466 Carthaginiensi
603 1388 695 1448 hoste
715 1389 746 1448 in
761 1388 913 1465 Hispania
928 1404 1029 1464 quarn
1044 1388 1077 1448 in
1090 1388 1177 1447 Airita

201 1479 314 1540 bellum
333 1476 398 1552 geri
412 1475 513 1551 aptius
528 1478 596 1534 estt
614 1471 705 1532 laeile
719 1479 782 1548 est,
803 1480 878 1548 post
892 1475 983 1534 lusos
1000 1475 1177 1548 fugatosque

203 1568 345 1639 quattuor
365 1559 519 1619 exercitus
533 1555 681 1632 Punicos,
704 1563 776 1631 post
795 1563 841 1618 tot
855 1556 950 1618 urbes
965 1557 1000 1617 vi
1017 1564 1126 1633 captas
1139 1563 1177 1614 aut
1202 1605 1203 1612 ,

202 1651 284 1705 metu
299 1644 442 1704 subactas
457 1642 487 1700 in
502 1642 669 1715 dicionem,
691 1648 766 1716 post
778 1642 953 1716 perdomita
968 1642 1081 1702 omnia
1094 1654 1177 1715 usque

202 1728 242 1794 ad
255 1726 417 1801 Oceanum,
432 1731 477 1786 tot
486 1726 619 1800 regulos,
631 1730 675 1786 tot
686 1737 799 1786 saevas
814 1733 933 1802 gentes,
949 1731 1176 1801 postreceptan

202 1819 295 1873 totam
308 1809 487 1886 Hispaniam
507 1809 563 1882 ita,
584 1816 618 1869 ut
632 1808 795 1884 vestigium
816 1809 888 1870 belli
903 1812 1024 1870 nullum
1040 1811 1176 1886 reliqum
1202 1835 1203 1838 =

203 1895 250 1970 sit,
266 1898 387 1956 elevare
401 1909 485 1954 meas
501 1909 552 1953 res
566 1899 680 1968 gestas,
696 1901 757 1954 tam
771 1893 913 1968 hercule,
929 1911 1036 1970 quarn,
1055 1895 1083 1954 si
1099 1893 1176 1954 victor

203 1995 242 2040 ex
257 1979 362 2040 Africa
375 1977 525 2047 redierim,
548 1993 585 2036 ea
600 1977 669 2054 ipsa
684 1979 823 2052 elevare,
839 1993 921 2053 quae
937 1994 1024 2040 nunc
1039 1971 1176 2040 retinendi

203 2063 262 2124 mei
276 2078 379 2136 causa,
397 2069 430 2123 ut
443 2061 589 2124 terribilia
603 2063 712 2123 eadem
726 2061 898 2135 videantur,
915 2063 1023 2124 verbis
1042 2064 1175 2125 extollar·
1202 2089 1203 2124 ι

202 2155 259 2208 tur.
290 2155 381 2223 negat
405 2147 518 2208 aditum
547 2161 618 2206 esse
639 2147 669 2205 in
688 2146 839 2219 Africam,
867 2154 961 2222 neget
980 2149 1067 2209 ullos
1088 2153 1176 2224 patere
1202 2161 1203 2210 3

93 2227 105 2252 ”
204 2241 325 2307 portus:
346 2232 386 2292 Μ.
402 2231 526 2294 Atilium
545 2235 668 2305 captum
688 2231 718 2290 in
734 2229 841 2292 arrico
856 2238 1097 2306 commemorat,
1117 2237 1176 2290 tan·

205 2333 296 2390 quarn
316 2315 356 2375 hl.
377 2316 489 2376 Atilius
511 2315 608 2411 primo
633 2329 766 2376 accessu
787 2316 827 2374 ad
847 2315 986 2376 Africam
1008 2313 1176 2380 offenderim

206 2415 307 2475 neque
327 2401 506 2462 recordatur
519 2398 583 2459 ιιιι
575 2399 636 2474 ipsi
650 2406 711 2460 tarn
725 2398 839 2460 infelici
854 2399 1034 2476 imperatori
1050 2399 1176 2476 patuisse

204 2490 305 2545 temen
325 2485 589 2560 pertransactae,
613 2489 713 2544 etres
735 2485 877 2558 egregias
899 2484 1000 2560 primo
1022 2501 1107 2546 anno
1120 2495 1203 2580 ges

205 2569 301 2643 sisse,
323 2577 353 2630 et
374 2574 518 2644 quantum
538 2569 578 2627 ad
599 2567 865 2642 Carthaginienses
887 2569 985 2629 duces
1003 2569 1123 2640 attinet,
1142 2543 1203 2628 in

205 2651 318 2714 victum
337 2653 378 2712 ed
397 2653 534 2713 ultimum
557 2651 777 2749 permansisse.
814 2653 888 2715 nihil
909 2652 1002 2727 igitur
1016 2669 1068 2714 me
1082 2653 1137 2714 isto
1151 2655 1174 2708 tu

206 2737 346 2818 exemplo
360 2737 515 2797 terrueris.
552 2736 579 2796 si
593 2736 653 2797 hoc
666 2736 763 2811 bello,
785 2752 847 2797 non
863 2737 982 2813 priore,
1003 2737 1032 2798 si
1047 2751 1142 2812 nuper
1153 2739 1175 2792 et

207 2835 269 2879 non
294 2820 382 2881 annis
407 2827 477 2882 ante
496 2820 717 2898 quinquaginta
742 2822 801 2884 ista
822 2822 928 2882 clades
951 2828 1082 2899 accepm
1101 2822 1174 2888 toret

208 2905 259 2981 qui
275 2921 332 2981 ego
348 2908 447 2967 miurus
463 2908 493 2967 in
504 2905 639 2967 Africam
651 2906 769 2982 Regulo
782 2913 873 2982 capto
886 2923 979 2983 quam
991 2905 1172 2982 Scipionibus
1202 2933 1203 2987 l

208 2989 320 3052 occisis
335 2991 366 3051 in
381 2991 559 3068 Hispaniam
573 2990 756 3052 traicerem?
779 3007 836 3052 nec
851 2991 970 3052 reticius
980 2990 1171 3065 Xanthippum
1202 2991 1203 3048 l

206 3076 482 3139 Lacedaemonium
498 3075 669 3152 carthagini
690 3093 783 3152 quam
802 3091 852 3136 me
874 3077 991 3173 patriae
1005 3091 1092 3135 meae
1105 3073 1170 3133 sine

209 3177 272 3222 rem
289 3171 392 3223 natum
412 3179 500 3234 esse;
534 3169 749 3258 cresceretque
769 3160 842 3221 nrihi
862 3177 902 3221 ex
923 3160 1049 3236 eo·ipso
1064 3155 1170 3224 fiducia,
1202 3206 1203 3238 ,

211 3247 295 3318 quod
318 3250 417 3322 possit
441 3249 470 3308 in
493 3247 625 3314 hominis
650 3247 741 3308 unius
767 3246 879 3324 virtute
904 3251 1019 3306 ιιιιιιιιιιι
1043 3237 1168 3304 moment

210 3342 289 3388 esse.
315 3338 346 3390 at
359 3332 448 3391 etiam
463 3329 667 3391 athenienses
682 3330 828 3390 audiendi
843 3336 922 3406 sunt,
938 3337 1050 3390 temere
1064 3328 1092 3388 in
1107 3323 1168 3384 Sici

212 3409 281 3470 liam
302 3415 417 3475 omisso
440 3416 521 3476 dorni
536 3414 617 3474 bello
632 3414 865 3488 transgressi
880 3430 964 3475 acur
978 3429 1066 3488 ergo,
1086 3423 1168 3485 quon

211 3491 269 3550 lam
286 3495 417 3556 Graecas
434 3499 552 3558 tabulas
567 3512 710 3556 enarrare
725 3504 822 3570 vacat,
839 3514 900 3558 non
915 3495 1111 3572 Agathoclem
1123 3507 1169 3568 po
1202 3551 1203 3580 ,
