2466 3900
391 721 531 818 ll'l'l
574 725 711 824 titt

342 891 397 954 AB
419 893 537 956 Ulilill
560 893 764 960 couniri

433 1025 544 1088 LIBER
564 1027 671 1089 XXIV.

479 1174 631 1184 m-

89 1275 222 1330 lll’l'lCMb.
259 1255 430 1346 Hieronymus
441 1279 655 1346 Syracusanorum
665 1251 721 1342 rex,
738 1282 811 1331 ouius
821 1295 883 1332 avus
893 1283 967 1334 Hiero
978 1288 1044 1335 smle

121 1362 159 1396 eus
166 1347 251 1415 populi
260 1348 373 1399 Romani
384 1349 479 1409 inerat,
497 1349 763 1416 startbaginieuses
778 1351 884 1409 deiecit,
903 1360 928 1400 et
936 1362 1040 1419 propter

119 1418 286 1470 crudelitatem
295 1420 491 1484 superbiamque
501 1421 580 1470 asnis
589 1419 737 1470 interiectus
747 1426 794 1470 est.
811 1418 868 1469 Tib.
876 1418 1039 1486 Sempronius

116 1483 235 1537 Gracchus
243 1488 383 1554 proconsul
393 1502 513 1553 prospere
523 1488 753 1547 adversuaPoeuos
762 1496 790 1538 et
795 1487 941 1538 Hannonem
951 1491 1039 1541 ducem

116 1553 326 1606 adBeneventum
341 1558 465 1622 pugnavit
479 1571 610 1610 servornm
625 1559 736 1608 maxime
754 1571 847 1622 opera,
867 1573 930 1620 qnos
947 1558 1039 1610 liberos

116 1639 166 1676 esse
175 1625 260 1676 iussit.
291 1624 411 1676 Claudius
419 1624 551 1676 Marcellus
563 1626 651 1677 consul
667 1628 693 1675 in
703 1624 804 1686 Sicilia,
824 1641 888 1690 quae
898 1642 977 1693 prope
987 1637 1039 1679 totu

116 1694 247 1745 adloeuos
263 1694 399 1755 defecerat,
410 1693 547 1760 Syracusae
557 1696 665 1746 obsedit.
683 1695 800 1761 Philippo
810 1696 976 1747 Macedonum
984 1699 1039 1763 regi

116 1762 200 1814 bellum
209 1765 335 1814 indictam
346 1771 392 1823 est,
402 1765 446 1827 qui
456 1763 657 1830 adApolloniam
667 1773 787 1815 noctamo
796 1765 893 1830 proelio
902 1780 1040 1831 oppressus

115 1829 264 1898 fugatusque
274 1833 478 1884 luMaoedouiam
488 1848 545 1883 cum
553 1849 632 1900 prope
642 1835 731 1884 inermi
741 1834 852 1884 exercitu
862 1834 989 1902 profugit:
1006 1837 1040 1886 ud

114 1900 138 1950 id
144 1901 234 1952 bellum
242 1904 386 1968 gerendum
394 1902 511 1952 Valerius
520 1911 623 1968 praetor
631 1903 724 1952 missus
734 1911 780 1952 est.
808 1917 848 1952 res
858 1911 958 1969 praeter
974 1919 1004 1952 ea
1014 1904 1039 1953 in

112 1968 226 2036 Hispania
243 1972 297 2021 aP.
309 1979 332 2021 et
341 1969 387 2021 Cn.
399 1969 561 2036 Scipionibus
577 1973 700 2023 adversus
717 1969 938 2037 Carthaginienses
953 1979 1039 2037 gestus

115 2040 226 2090 eontinet.
265 2039 562 2107 Syphaxrexilumidiae
572 2041 597 2090 in
612 2042 748 2092 amicitiam
757 2042 865 2099 ascitus,
884 2042 926 2104 qui
937 2041 1039 2090 aMasi·

114 2109 178 2158 aissa
190 2124 254 2176 rege
263 2110 444 2159 Maesuliorum
457 2123 504 2174 pro
514 2107 765 2175 Carthaginiensibus
774 2116 904 2174 pugnante
916 2109 999 2159 vietus
1013 2110 1039 2158 in

114 2175 253 2229 Maurusios
268 2194 324 2228 eum
340 2193 435 2243 magua
448 2191 526 2228 maun
541 2179 640 2229 transiit
655 2187 741 2229 contra
758 2177 853 2236 Gades,
871 2178 916 2228 ubi
930 2186 1037 2242 angusto

115 2244 174 2296 ireto
182 2247 272 2297 Airioa
280 2254 304 2296 et
312 2247 432 2312 Hispania
442 2246 600 2297 dirimuntur.
627 2246 745 2298 Celtiberi
755 2261 854 2310 quoque
865 2247 891 2296 in
899 2247 1037 2296 amicitiam

115 2317 202 2381 recepti
212 2325 285 2376 sunt,
302 2331 408 2379 quorum
425 2314 530 2366 auxiliis
545 2317 631 2365 ascitis
642 2322 701 2366 tuuc
714 2317 824 2382 primurn
839 2316 1037 2365 mercennarium

112 2383 210 2435 militem
219 2383 588 2434 Romanaeastrahabuerunt.

142 2483 164 2540 l.
190 2483 231 2544 Ut
252 2499 292 2543 ex
312 2483 478 2559 Campania
497 2484 528 2542 in
543 2483 677 2544 Bruttios
699 2481 830 2542 reditum
845 2490 906 2558 est,
929 2483 1037 2544 Hanno

74 2563 246 2629 adiutoribus
268 2574 298 2628 et
319 2567 448 2629 ducibus
461 2567 586 2628 Bruttiis
603 2567 735 2627 Graecas
757 2563 850 2627 urbes
871 2568 1036 2643 temptavit,

74 2660 103 2705 eo
117 2649 229 2712 lacitins
244 2651 275 2710 in
290 2650 437 2712 societate
450 2657 609 2712 manentes
623 2651 770 2723 Romana,
794 2650 878 2725 qnod
892 2652 1036 2723 Bruttios,

75 2746 140 2804 quos
161 2742 190 2795 et
210 2735 340 2796 oderant
360 2743 390 2797 et
409 2737 599 2807 metuebant,
630 2734 923 2809 carthaginiensium
943 2736 1038 2813 partis

75 2812 156 2877 laetos
171 2819 343 2880 cernebant.
371 2820 498 2895 Regium
514 2819 643 2895 primurn
656 2824 831 2894 temptatum
848 2826 896 2880 est
909 2819 1038 2897 diesque

76 2896 175 2973 aliquot
193 2903 234 2964 ibi
253 2903 439 2980 nequiquam
460 2903 622 2978 absumpti.
656 2902 773 2962 interim
788 2902 959 2965 Locrenses
976 2906 1037 2966 iru-

76 2991 191 3045 nentum
212 2988 356 3064 lignaque
371 2993 401 3048 et
415 2995 517 3048 cetera
530 2987 708 3048 necessaria
726 2987 834 3047 usibus
851 3004 888 3048 ex
910 2989 991 3065 agris
1007 2989 1035 3048 in

78 3064 166 3128 urbem
184 3088 306 3148 rapere,
328 3073 419 3132 etlam
439 3072 569 3148 nequid
588 3071 725 3132 relictum
741 3072 875 3147 praedae
896 3073 1037 3135 hostibus

77 3160 159 3228 esset,
180 3162 209 3215 et
223 3156 252 3216 in
269 3157 336 3217 dies
351 3157 449 3219 maior
463 3157 603 3217 omnibus
620 3158 715 3232 portis
731 3156 890 3218 multitudo
906 3154 1036 3217 effundi:

19 3313 20 3316 Ἴ
80 3242 214 3305 postremo
229 3239 250 3300 ii
261 3242 354 3303 modo
369 3242 465 3302 relicti
479 3242 510 3301 in
524 3241 599 3301 urbe
614 3247 707 3313 eraut,
726 3241 777 3316 qui
791 3239 918 3300 relicere
932 3255 1035 3299 muros

19 3345 20 3361 ¹
79 3329 108 3409 git
120 3331 214 3394 portus
229 3326 351 3400 telaque
366 3325 395 3385 in
412 3324 642 3402 propugnacula
658 3323 1034 3400 congerciecogebantur.

81 3408 282 3478 inpermixtam
298 3410 432 3470 omnium
445 3409 587 3469 aetatium
602 3408 802 3481 ordinumque
817 3405 1034 3466 multitudinem

83 3489 104 3540 et
120 3502 269 3566 vagantem
290 3493 320 3552 in
341 3494 423 3568 agris
442 3508 553 3568 magna
567 3508 607 3552 ex
621 3498 706 3568 parte
726 3491 870 3548 inermem
884 3488 1036 3546 Hamilcar

113 3586 135 3630 τ.
153 3591 209 3637 tivi
229 3593 307 3638 raas
324 3576 373 3636 lll.
817 3579 828 3628 1
