2466 3900
224 207 267 274 02
390 207 506 270 LIBER
520 207 613 269 XXV.
637 205 720 268 CAP.
735 214 760 270 9.
774 215 817 268 lo.
839 213 875 281 [a.
888 209 923 266 U.
934 227 961 266 ι.
973 212 1034 280 640]

224 361 403 438 pinquabat.
440 366 513 421 nota
532 375 595 444 vor<
616 359 683 420 eius
704 365 734 419 et
754 358 901 418 familiare
920 357 981 418 mm
1000 357 1124 433 signum
1137 374 1192 422 cum

225 445 393 506 excitasset
410 443 549 520 vigilem,
571 443 690 503 dicente
709 442 762 503 vix
783 440 928 503 sustineri
948 442 1076 518 grandis
1090 442 1192 503 bestiae

225 545 322 604 onas,
343 529 467 604 portula
486 528 631 603 aperitur.
664 527 831 587 inferentes
857 541 966 602 aprum
981 526 1064 588 duos
1079 527 1190 588 iuvenes

224 619 351 674 secatus
377 613 445 688 ipse
467 627 535 671 cum
557 611 702 687 expedito
723 616 870 671 venatore
890 609 1028 686 uigilem,
1055 611 1190 672 incautius

223 697 370 757 miraculo
385 695 601 772 magnitudinis
615 695 645 756 in
660 710 716 757 eos
733 695 785 770 qui
799 695 938 756 ferebant
950 709 1093 772 verstun,
1114 713 1189 755 rena—

223 781 296 841 buio
317 780 424 841 traicit.
461 780 593 856 ingressi
614 779 726 840 deinde
746 777 868 855 triginta
885 779 951 838 fere
963 779 1073 840 manati
1087 788 1189 842 ceteros

223 864 331 940 vigiles
353 865 549 939 obtruncant,
569 863 802 940 refringuntque
821 869 942 939 portam
966 864 1152 938 proximum
1168 871 1189 924 et

223 963 333 1024 agmen
355 949 414 1009 sub
432 949 529 1024 signis
544 949 705 1010 confestim
718 948 834 1023 irrupit.
866 947 938 1008 inde
954 963 1023 1008 cmn
1039 949 1155 1008 silentio
1166 948 1186 1006 in

223 1034 323 1093 iorum
340 1033 423 1094 ducti
437 1031 598 1093 Hannibali
615 1047 687 1093 sese
702 1032 933 1094 coniunxerunt.
966 1039 1031 1094 trun
1048 1031 1187 1093 duomilia

224 1117 377 1178 Gallorum
393 1117 514 1178 Poenus
529 1118 559 1177 in
574 1124 638 1179 tres
653 1116 753 1178 divisa
765 1123 870 1192 partes
885 1131 942 1191 per
954 1115 1065 1177 urbem
1080 1116 1185 1188 diorittit

223 1202 370 1276 docesque
397 1204 435 1262 iis
451 1202 541 1264 addit
561 1201 751 1263 Tarentinos.
771 1201 878 1261 itinera
893 1215 984 1275 quam
998 1201 1131 1262 maxime
1143 1201 1177 1259 fre

106 1323 110 1330 -
223 1286 346 1361 quentia
371 1301 526 1360 occupare
546 1285 643 1360 iubet,
669 1288 796 1348 tumultu
818 1291 885 1347 orto
905 1285 1065 1348 Romanos
1087 1283 1182 1360 possin

144 1417 150 1422 .
223 1371 320 1444 caedi,
336 1370 502 1445 oppidanis
524 1369 620 1446 parci.
655 1368 712 1430 sed
731 1377 765 1430 ut
779 1370 845 1430 fleri
860 1369 892 1430 id
907 1374 1033 1444 posset,
1055 1366 1181 1445 praecipit

221 1453 383 1514 iuvenibus
398 1454 583 1526 Tarentinis,
604 1460 638 1513 ut
656 1453 709 1514 ubi
730 1469 820 1530 quem
841 1469 967 1515 suorum
984 1455 1096 1528 procul
1110 1451 1179 1511 vidis·

222 1545 304 1609 sent,
327 1537 487 1613 quiescere
508 1553 545 1597 ac
565 1537 656 1598 silere
677 1553 713 1598 uc
734 1538 816 1598 bono
838 1538 938 1599 anbno
959 1553 1034 1598 esse
1055 1537 1180 1600 iuberent.

220 1620 257 1679 X.
281 1620 340 1680 iam
351 1623 495 1681 tumultus
507 1626 573 1681 erat
584 1623 771 1697 clamorque,
787 1623 886 1698 qualis
898 1637 970 1684 csse
981 1621 1013 1682 in
1025 1619 1181 1697 captante

221 1705 316 1775 solet,
338 1705 403 1778 sed,
420 1704 549 1779 quidrei
563 1714 656 1780 esset,
672 1721 762 1766 nemo
777 1707 852 1766 satis
868 1723 925 1782 pro
938 1714 1022 1768 certo
1034 1707 1122 1766 sciro.
1139 1703 1178 1762 fa·

219 1788 329 1848 reatini
342 1788 498 1851 Romanos
519 1789 559 1850 ad
579 1789 781 1865 diripiendam
796 1789 903 1852 urbem
918 1791 1047 1851 credere
1063 1793 1178 1851 coortos

219 1872 367 1933 Romanis
388 1874 499 1935 seditio
521 1873 625 1950 alique
645 1890 714 1935 cum
734 1873 960 1936 fraude.videri
981 1874 1021 1935 ab
1037 1869 1176 1950 oppidanis
1197 1901 1198 1933 r

219 1963 311 2017 mota.
333 1958 509 2032 praefectus
522 1957 621 2035 primo
636 1957 787 2020 excitatus
801 1959 931 2020 tumultu
945 1959 975 2018 in
989 1966 1112 2034 portum
1122 1953 1176 2015 eifu-
1196 1975 1197 1999 κ

218 2042 277 2116 git;
298 2041 372 2101 inde
386 2049 532 2119 acceptus
548 2042 666 2118 scapha
679 2042 710 2102 in
725 2059 828 2104 arcem
842 2041 1087 2104 circumvehitur.
1114 2053 1175 2100 erro·
1195 2048 1196 2067 ¹

217 2140 283 2185 rem
303 2131 334 2186 et
353 2125 427 2187 tuba
447 2127 551 2188 audita
571 2142 610 2186 ex
627 2125 746 2188 theatro
762 2127 907 2204 faciebat,
929 2143 1000 2188 nam
1015 2135 1047 2188 et
1059 2128 1174 2188 Romana
1193 2116 1195 2198 ζ

218 2217 292 2285 erat,
311 2225 330 2270 a
344 2211 553 2286 proditoribus
568 2211 608 2271 ad
622 2211 683 2272 hoc
697 2211 799 2287 ipsum
813 2219 1006 2288 praeparata,
1023 2218 1054 2273 et
1068 2207 1174 2270 inscien·
1192 2241 1193 2267 l

217 2300 264 2354 ter
278 2309 298 2353 a
311 2294 430 2356 Graeco
445 2295 559 2371 inflata,
575 2295 645 2372 quis
660 2301 713 2356 aut
727 2295 839 2372 quibus
854 2297 975 2371 signum
990 2297 1084 2368 darct,
1099 2293 1172 2352 incer·
1191 2309 1192 2333 i

218 2384 281 2438 tum
303 2379 464 2440 efficiebat.
499 2380 553 2440 ubi
574 2379 685 2454 illuxit,
707 2389 737 2442 et
749 2380 896 2442 Romanis
908 2380 1026 2442 Punica
1041 2386 1072 2438 et
1085 2372 1190 2470 odico,

218 2477 303 2521 arma
317 2464 439 2537 cognita
452 2472 515 2524 tum
530 2463 747 2526 dubitationem
760 2471 954 2538 exemerunt,
970 2472 1000 2525 et
1015 2459 1118 2525 Graeci
1128 2458 1170 2516 llo·

217 2561 326 2606 manos
355 2547 474 2622 passim
505 2547 600 2608 caede
629 2554 741 2610 stratos
771 2557 931 2612 cernentes
960 2549 1000 2609 ab
1027 2538 1171 2608 Hannibale

218 2635 338 2705 captam
358 2630 466 2691 urbem
485 2640 657 2694 senserunt.
683 2642 850 2709 postquam
871 2636 924 2694 lux
940 2632 1052 2694 certior
1066 2633 1134 2698 erat,
1150 2623 1170 2676 ei

216 2713 355 2788 Romani,
369 2714 421 2790 qui
433 2714 579 2776 caedibus
592 2717 816 2793 superfuerant,
832 2717 862 2777 in
875 2733 976 2778 arcem
986 2709 1169 2788 conradet

218 2796 499 2875 conticiscebatque
512 2801 656 2875 paulatim
670 2802 825 2876 tumtdtuS,
841 2808 904 2864 tam
918 2800 1066 2862 Hannibal
1080 2795 1168 2854 fuen-

216 2881 298 2942 tinos
312 2882 380 2943 sine
395 2883 487 2944 armis
501 2898 674 2945 convocare
685 2885 777 2947 iubet.
801 2901 974 2948 convenere
986 2897 1090 2953 omnes
1100 2885 1173 2952 prae*

215 2972 356 3041 terquam
376 2967 428 3043 qui
450 2969 595 3030 cedentes
615 2969 646 3028 fn
664 2986 765 3030 arcem
779 2971 936 3032 Romanos
950 2971 991 3030 ad
1005 2952 1157 3053 omnen'ad

216 3050 348 3110 eandam
369 3051 456 3112 simul
478 3054 629 3114 fortunam
649 3054 804 3129 porsecuti
825 3054 953 3116 fuerant.
988 3053 1030 3113 ibi
1042 3041 1153 3129 llanmb¹

215 3134 348 3211 benigne
369 3136 529 3198 adlocutus
543 3137 722 3200 Tarentinos
739 3144 946 3216 testatusque,
970 3152 1049 3214 quae
1061 3127 1163 3208 praesti·

215 3217 303 3280 tisset
316 3219 435 3291 civibus
450 3236 570 3295 eorum,
592 3238 671 3297 quos
687 3223 727 3284 ad
740 3224 980 3284 Trasumennum
995 3226 1045 3282 aut
1058 3214 1093 3276 ad
1107 3209 1161 3268 0³1¹·

214 3317 271 3363 nas
287 3304 436 3379 cepisset,
459 3305 549 3366 simul
563 3306 593 3364 in
608 3305 844 3369 dominationem
860 3308 1024 3384 superbam
1038 3301 1159 3362 Romano·

214 3399 280 3444 rmn
300 3387 455 3464 invectus,
475 3389 614 3464 recipere
628 3406 664 3451 se
678 3392 708 3452 in
724 3392 832 3453 domos
847 3407 921 3454 suas
937 3399 1082 3468 quemque
1093 3375 1161 3438 iussi

215 3475 246 3527 et
264 3469 382 3531 foribus
402 3487 512 3532 nomen
535 3489 623 3534 suam
640 3474 823 3536 inscriberet
846 3491 881 3539 se
896 3476 1006 3538 domos
1020 3485 1081 3541 eas,
1099 3463 1159 3534 liv
