2448 3900
268 210 384 272 LIBER
397 211 503 271 XXIX.
527 211 609 272 chr.
624 220 666 276 17.
690 219 726 287 [a
740 219 845 286 ΗΜ]
988 212 1048 278 297

47 369 190 440 agatur3
213 363 353 437 alterius,
376 363 475 438 quod,
495 364 738 440 qualescumque
753 382 875 440 summ,
897 376 995 428 tomen
1011 383 1049 436 eo

47 447 143 523 qaae
154 450 241 526 passi
252 463 353 508 sumus
367 447 429 522 pati
444 463 505 508 non
522 447 692 508 debuimus.
727 465 788 510 non
805 465 972 524 possumus
987 450 1048 511 dis·

49 532 219 605 simulare,
234 538 338 606 patres
353 531 527 607 conscripti,
542 547 610 607 nos,
626 548 693 592 cum
707 533 893 608 praesidium
903 532 1049 595 Punicum

50 615 88 674 in
117 631 190 676 arce
210 622 316 676 nostre
335 614 534 689 haberemus,
558 619 653 677 multa
674 617 766 678 foeda
786 621 816 676 et
836 617 960 692 indigna
980 625 1010 679 et
1031 635 1049 679 a

50 701 222 774 praelecto
251 699 399 775 praesidii
424 699 594 760 Hamilcare
623 706 653 762 et
679 700 717 761 ab
741 701 879 762 Numidis
899 701 1048 778 Afrisque

50 799 180 858 passos
201 799 288 844 esser
312 783 369 843 sed
391 783 465 860 quid
484 783 536 842 ille
550 789 623 844 sunt
637 786 747 846 collata
762 801 831 845 curn
844 786 882 846 iis
899 802 979 862 quae
993 785 1048 848 ho·

52 867 113 926 die
134 867 281 944 patimur!
303 883 373 928 cum
392 867 476 928 bona
490 867 595 942 venia,
619 884 753 944 quaeso,
775 868 921 944 audiatis,
944 878 1048 945 patres

52 952 240 1027 conscripti,
255 952 288 1012 id
303 952 388 1027 quod
402 950 515 1012 invitus
531 951 646 1012 dicam:
668 953 698 1012 in
714 952 890 1014 discrimine
905 960 953 1015 est
967 971 1048 1015 nunc

51 1035 230 1097 humanum
254 1051 346 1097 omne
369 1051 483 1111 genus,
509 1043 608 1097 uuum
634 1053 692 1098 vos
713 1053 752 1096 an
778 1036 1047 1113 Carthaginienses

53 1120 220 1196 principes
236 1126 385 1181 terrarum
399 1121 511 1183 videat.
539 1120 566 1180 si
582 1136 621 1180 ex
635 1120 688 1194 iis,
714 1137 795 1198 quae
809 1122 981 1182 Locrenses
997 1128 1049 1183 eut

53 1205 98 1264 ab
127 1205 188 1266 illis
212 1204 299 1279 possi
325 1220 433 1266 sumus
459 1209 511 1265 aut
530 1219 549 1263 a
569 1212 673 1265 vestro
698 1206 854 1280 praesidio
877 1222 958 1266 nunc
979 1221 1045 1268 eum

52 1289 196 1354 maxime
210 1288 349 1364 patimur,
365 1286 587 1350 aestimandum
598 1289 770 1350 Romanum
785 1305 822 1350 ac
832 1289 978 1351 PunIcum
993 1291 1046 1350 im-

55 1373 182 1448 perium
197 1373 250 1446 sit,
273 1389 363 1434 nemo
384 1389 446 1434 non
462 1372 531 1433 illos
547 1371 606 1432 sibi
622 1390 712 1448 quam
726 1390 785 1434 vos
801 1373 943 1435 dominos
959 1389 1039 1450 prae.

56 1463 160 1532 optet.
188 1463 332 1518 ettamen
352 1457 469 1531 videte,
493 1471 584 1531 quem
600 1457 640 1517 ad
654 1458 780 1519 modum
794 1458 824 1519 in
840 1473 898 1519 vos
912 1459 1045 1520 Locren·

56 1557 114 1601 ses
138 1541 260 1602 animati
282 1541 351 1602 sint.
387 1557 456 1602 cum
471 1556 489 1600 e
504 1539 804 1616 Carthaginiensibus
823 1542 949 1603 iniurias
964 1549 1046 1602 tanto

56 1626 198 1688 minores
219 1627 447 1702 acciperemus,
470 1625 509 1685 ad
523 1631 660 1686 vestrum
676 1627 891 1703 imperatorem
908 1626 1045 1701 coniugi·

58 1723 148 1770 mus=
170 1727 239 1770 cum
251 1727 270 1770 a
281 1717 384 1770 vestro
400 1709 555 1786 praesidio
567 1712 638 1784 plus
649 1729 740 1786 quam
752 1711 875 1773 hostilia
887 1711 1046 1787 patiamur,

57 1810 215 1869 nusquam
231 1794 290 1854 alio
310 1810 403 1869 quam
417 1794 528 1854 advos
545 1795 699 1869 querellas
716 1795 889 1856 detulimus.
921 1802 974 1856 aut
986 1810 1044 1856 vos

55 1879 235 1954 respicietis
251 1877 388 1953 perditas
407 1893 458 1938 res
474 1883 608 1954 nostras,
630 1884 735 1954 patres
750 1879 926 1955 conscripti,
942 1886 994 1940 aut
1007 1894 1047 1938 ne

17 1965 22 1974 '
57 1963 99 2022 eb
123 1961 181 2022 diis
204 1963 326 2037 quidem
348 1961 569 2023 immortalibus
592 1961 677 2038 quod
697 1977 860 2037 precemur
881 1961 1044 2038 quicquam

57 2053 216 2122 superest.
253 2045 286 2120 Q.
302 2044 465 2106 Pleminius
480 2047 600 2119 legatus
614 2046 730 2106 missus
745 2054 792 2107 est
807 2063 874 2106 cum
889 2046 1045 2122 praesidio

57 2131 99 2192 ad
114 2129 312 2206 recipiendos
328 2146 347 2189 a
360 2128 661 2204 Carthaginiensibus
670 2131 798 2205 Locros,
814 2137 844 2190 et
855 2145 925 2190 cum
936 2130 1044 2190 eodem
1059 2181 1071 2210 ,

57 2215 100 2275 ibi
126 2214 253 2275 relictus
278 2220 326 2275 est
346 2212 514 2290 praesidio.
549 2213 579 2273 in
601 2213 662 2275 hoc
682 2216 783 2290 legato
803 2219 908 2274 vestro
922 2246 961 2258 -
974 2213 1045 2273 dant

57 2299 141 2359 enim
162 2299 294 2359 animum
316 2298 356 2358 ad
377 2297 566 2375 loquendum
585 2298 682 2360 libere
701 2299 826 2359 ultimae
846 2295 989 2356 miseriae
1007 2330 1042 2340 -

57 2397 116 2443 nec
130 2381 263 2443 hominis
277 2381 442 2458 quicquam
453 2388 510 2454 est,
527 2388 630 2456 patres
642 2387 819 2458 conscripti,
835 2387 957 2457 praeter
968 2379 1044 2455 tigu-

57 2483 123 2527 ram
150 2467 357 2541 especiem,
386 2481 489 2542 neque
509 2465 638 2525 Romani
664 2466 740 2526 civis
765 2473 888 2542 praeter
910 2463 1046 2524 habitum

58 2549 266 2627 vestitumque
286 2557 317 2611 et
337 2566 449 2612 sonum
468 2549 595 2611 Latinae
615 2550 751 2625 linguae:
779 2549 876 2626 pestis
898 2563 935 2608 ac
955 2545 1045 2609 belua

67 2633 215 2709 mmanis,
226 2657 227 2660 ¹
239 2635 347 2711 quales
363 2634 472 2695 fretum
488 2634 659 2710 quondam,
682 2648 744 2709 quo
761 2633 799 2692 eb
815 2631 920 2694 Sicilia
935 2631 1045 2692 dividi·

58 2736 143 2793 mur,
168 2718 208 2779 ad
233 2719 402 2796 perniciem
427 2718 633 2793 navigantium
660 2717 898 2778 circumsedisse
922 2716 1046 2778 tabulae

59 2805 168 2864 lerunt.
206 2819 242 2864 ac
257 2803 283 2864 si
298 2803 402 2864 scelus
418 2802 638 2876 libidinemque
654 2808 684 2862 et
697 2801 856 2862 avaritiam
871 2803 958 2862 solus
975 2800 1044 2877 ipse

59 2901 207 2948 exercere
226 2887 258 2946 in
280 2888 385 2948 socios
405 2894 528 2947 vostros
551 2886 626 2945 satis
641 2886 782 2960 haberet,
805 2901 897 2945 unam
917 2886 1044 2960 prolun-

59 2972 130 3031 dam
153 2971 276 3046 quidem
298 2970 477 3046 voraginem
498 2977 599 3031 tamen
621 2969 765 3046 patientia
783 2977 890 3032 nostra
904 2970 1044 3043 explere-

59 3071 143 3116 mus=
165 3071 247 3116 nune
262 3071 369 3117 omnes
385 3053 580 3116 centuriones
591 3054 765 3130 militesque
777 3060 899 3114 vestros
910 3052 1044 3112 -adeo

60 3140 89 3198 in
104 3139 281 3216 promiscuo
296 3140 448 3200 licentiam
463 3145 556 3214 atque
571 3137 794 3214 improbitatem
809 3151 881 3198 esse
895 3135 993 3196 voluit
1002 3165 1043 3180 -·

60 3223 223 3285 Pleminios
239 3225 325 3294 lecit;
348 3238 455 3284 omnes
469 3223 603 3299 rapiunt,
625 3222 768 3297 spolient,
788 3220 961 3291 verberant,
976 3219 1043 3278 vul-

61 3313 179 3382 nerant,
203 3308 361 3382 occidunt,
385 3313 587 3384 constuprant
599 3312 771 3379 matronas,
791 3304 944 3379 virgines,
959 3302 1042 3377 inge-

62 3409 138 3454 nuos
163 3399 272 3470 raptos
299 3409 338 3455 ex
360 3394 525 3468 complexu
543 3391 733 3467 parentium3
765 3387 902 3464 quotidie
923 3386 1042 3462 capitur

63 3477 133 3538 urbs
157 3485 279 3551 nostra,
306 3477 442 3552 quotidie
465 3475 623 3550 diripitur;
660 3473 727 3534 dies
747 3479 919 3558 noctesque
940 3468 1039 3532 omnia
