2448 3900
155 213 218 280 808
261 215 376 278 lltllllt
389 213 480 276 XXX.
503 213 587 275 CAP.
599 221 646 276 sl.
655 219 700 276 ts.
722 213 759 290 [a.
771 217 805 272 U.
818 235 842 272 a.
855 221 917 276 551.
932 236 958 273 ι.
970 219 1003 271 0.
1014 217 1086 292 ΞΜ]

157 377 220 432 ham
240 365 280 428 ad
295 365 431 442 privatas
445 379 496 426 res
511 363 658 441 pertinet;
680 379 737 426 neo
752 363 835 425 iniis
851 364 1019 442 quicquam
1043 367 1153 428 acrius

158 467 250 529 quam
261 451 410 527 pecuniae
422 450 565 511 damnum
577 448 718 510 stimulat
738 449 1153 526 itaquecumspoliavicto-

156 535 400 611 riaeCurthagini
411 531 656 604 detrahebantur,
668 548 737 594 cum
749 532 895 594 inermem
907 533 967 593 iam
978 549 1018 594 ac
1031 535 1154 594 nudam

157 620 280 681 destitui
295 619 373 680 inter
384 625 430 679 tot
442 624 576 679 armatas
590 623 698 693 gentes
712 615 836 677 Africae
851 618 1030 693 cerneretis,
1055 634 1154 678 nemo

156 703 316 780 ingemuitr
331 717 412 763 nuno
424 700 498 778 quia
508 700 652 763 tributum
666 716 706 761 ex
717 700 836 777 privato
847 702 1074 763 conterendum
1089 710 1151 778 est,

157 795 309 864 tamquam
324 786 354 846 in
367 785 489 864 publico
503 787 608 846 lunare
622 785 830 862 comploratis.
859 802 950 861 quam
966 802 1092 860 vereor,
1110 803 1153 846 ne

157 871 338 949 propediem
358 870 496 932 sentiatis
516 869 675 931 levissimo
700 869 730 930 in
754 869 834 930 malo
859 886 917 931 vos
937 871 1035 931 hodie
1057 871 1151 931 lacn·-

156 959 290 1017 masse.“
321 955 399 1016 haec
412 953 564 1016 Hannibal
578 955 662 1030 apud
677 954 954 1030 Carthaginienses.

241 1039 347 1115 Scipio
361 1039 503 1102 contione
518 1039 670 1100 advocata
680 1038 877 1100 Masinissam
891 1039 932 1100 ad
943 1055 1075 1115 regnum
1091 1057 1148 1117 pa-

157 1132 273 1186 ternum
289 1123 369 1186 cirta
384 1125 501 1201 oppido
516 1130 547 1184 et
560 1124 669 1184 ceteris
683 1123 809 1185 urbibus
824 1123 984 1198 agrisque,
1007 1141 1093 1200 quae
1108 1141 1148 1185 ex

157 1225 252 1286 regno
268 1208 422 1286 Syphacis
441 1209 472 1269 in
493 1207 599 1285 populi
617 1207 747 1269 Romani
769 1214 953 1286 potestatem
974 1209 1146 1281 venissent,

157 1294 284 1356 adiectis
296 1294 431 1356 donavit
452 1294 504 1354 cn.
512 1291 670 1354 Octavium
686 1293 818 1354 classem
831 1293 861 1352 in
869 1290 1004 1353 Siciliam
1021 1294 1147 1356 ductam

158 1378 210 1438 cn.
226 1377 368 1441 comalio
382 1377 501 1440 consuli
515 1377 636 1438 tradere
656 1377 759 1453 iussit,
781 1377 898 1453 legatos
914 1377 1145 1454 carthaginien-

158 1462 235 1522 sium
241 1463 369 1524 Romam
383 1462 547 1539 prohcisci,
561 1469 603 1535 ut,
619 1477 699 1536 quae
714 1477 733 1522 a
746 1475 782 1522 sc
797 1476 836 1521 ex
848 1462 954 1523 decern
970 1464 1146 1538 legatorum

157 1547 309 1607 sententia
326 1555 394 1608 acto
414 1553 533 1620 essent,
569 1561 607 1606 ea
627 1551 747 1620 patrum
771 1546 950 1607 auctoritate
971 1548 1145 1623 populique

157 1631 244 1692 iussu
265 1631 526 1694 continnarentur.
573 1629 664 1689 XLV·
690 1628 771 1690 Pace
790 1637 870 1692 terro
891 1633 1029 1706 marique
1045 1639 1143 1708 porta,

158 1713 296 1774 exercitu
310 1714 340 1776 in
355 1729 452 1783 naves
468 1713 623 1790 imposito,
638 1714 669 1774 in
677 1712 811 1775 Siciliam
821 1714 1000 1792 Lilybaeum
1011 1716 1143 1776 traiecit
1221 1737 1222 1746 ¹

157 1798 229 1858 inde
243 1813 354 1873 magna
369 1804 456 1875 parte
475 1798 602 1858 militum
617 1797 747 1860 navibus
761 1797 859 1860 missa
877 1799 946 1874 ipse
960 1815 1018 1876 per
1032 1801 1144 1860 laetam
1221 1855 1222 1862 ,

158 1899 235 1959 pace
249 1899 309 1944 non
322 1884 421 1944 minus
434 1898 525 1960 quam
536 1882 665 1943 victoria
671 1882 796 1958 ltaliam,
812 1880 919 1944 effusis
934 1900 997 1945 non
1011 1883 1143 1946 urbibus

158 1969 250 2028 modo
272 1967 312 2028 ad
332 1967 493 2028 habendos
513 1966 665 2042 honores,
688 1968 747 2029 sed
766 1967 932 2042 agrestium
950 1969 1041 2028 etiam
1054 1967 1145 2030 turba

158 2050 319 2112 obsidente
340 2068 422 2126 vras,
443 2052 572 2113 Romam
593 2053 746 2128 pervenit,
769 2051 985 2128 triumphoque
1006 2054 1143 2114 omnium

158 2134 328 2198 clarissimo
349 2135 455 2196 urbem
470 2142 518 2198 est
537 2135 687 2198 invectus.
722 2136 839 2211 argenti
854 2137 921 2198 tulit
938 2137 967 2197 in
989 2137 1142 2198 acmrium

159 2219 262 2296 pondo
279 2224 400 2280 centum
414 2219 521 2295 viginti
535 2220 593 2281 tria
608 2219 699 2280 milia
720 2218 865 2281 militibus
880 2237 920 2280 ex
935 2221 1053 2297 praeda
1068 2235 1141 2295 qua-

158 2303 325 2379 dringenos
341 2303 423 2366 aeris
438 2304 551 2365 divisit.
585 2310 683 2366 morte
698 2304 871 2366 subtractus
887 2305 1064 2380 spectaculo
1078 2319 1141 2364 ma·

157 2387 204 2462 gis
219 2387 375 2448 hominum
392 2405 484 2464 quam
505 2387 719 2464 triumphantis
733 2388 850 2463 gloriae
866 2387 995 2467 Syphax
1010 2397 1073 2462 est,
1094 2387 1140 2446 Ti·
1220 2431 1221 2462 3

158 2471 223 2534 buri
237 2471 320 2532 haud
334 2472 376 2534 ita
389 2473 483 2534 multo
499 2479 568 2533 ante
582 2478 735 2546 manuus,
759 2488 821 2546 quo
836 2472 875 2532 ab
892 2472 970 2532 Alba
982 2473 1139 2533 traductus
1220 2473 1221 2476 ’

157 2557 264 2618 luerat.
298 2564 465 2634 conspecta
480 2572 563 2618 mors
578 2562 678 2616 tamen
694 2556 760 2617 eius
776 2555 846 2632 lult,
870 2557 942 2631 quia
957 2555 1080 2633 publico
1096 2557 1139 2616 lu·
1220 2549 1221 2556 ’

157 2655 230 2700 nere
245 2649 292 2702 est
306 2641 413 2704 elatus.
429 2641 511 2702 huno
525 2656 629 2716 regem
644 2639 673 2700 in
686 2640 839 2716 triumpho
851 2641 973 2703 ductum
984 2640 1138 2718 Polybius,

157 2724 393 2800 haudquaquam
413 2725 605 2801 spernendus
621 2731 735 2800 auctor,
750 2723 850 2786 tradit
883 2731 1007 2786 secutus
1021 2725 1137 2801 Scipio·

157 2824 226 2868 nem
242 2808 477 2884 triumphantem
491 2814 540 2869 est
553 2809 645 2884 pilleo
661 2809 753 2885 capiti
773 2808 917 2886 imposito
933 2809 967 2884 Q.
981 2809 1136 2870 Terentius

158 2893 276 2963 Cullour
301 2891 444 2969 omnique
465 2891 577 2953 deinde
596 2894 674 2968 vita,
695 2900 729 2954 ut
745 2893 870 2968 dignum
891 2901 971 2968 erat,
994 2893 1135 2954 libertatis

158 2983 313 3038 auctorem
320 2976 421 3037 coluit.
439 2977 575 3037 Africani
583 2992 752 3053 cognomen
765 2977 902 3039 militaris
910 2978 994 3054 prius
1007 2979 1135 3039 lavoran

157 3060 316 3137 popularis
331 3077 406 3122 aura
420 3060 633 3134 celebraverit,
656 3077 704 3136 an,
725 3061 815 3122 sicuti
829 3061 940 3124 Felicis
956 3061 1061 3140 Syllae
1075 3063 1134 3123 Ma-

156 3145 270 3221 gnique
277 3144 412 3223 Pompeii
424 3152 542 3223 patrum
555 3145 708 3218 memoria,
722 3151 863 3221 coeptum
876 3147 915 3208 ab
926 3147 1135 3208 adsentatione

157 3229 294 3288 familiari
311 3229 364 3303 sit,
387 3247 494 3305 parum
510 3236 697 3304 compertum
714 3229 824 3290 habeo.
862 3230 977 3306 primus
992 3239 1074 3292 certe
1089 3231 1134 3290 hio

156 3312 322 3385 imperator
332 3316 454 3373 nomine
466 3311 594 3372 victaea
608 3328 643 3372 se
654 3311 753 3385 gentis
768 3321 815 3374 est
827 3315 1012 3376 nobilitatus.
1035 3330 1133 3374 exem·
1219 3311 1220 3332 ¹

157 3393 209 3464 plo
224 3393 336 3453 deinde
349 3394 440 3456 huius
455 3410 649 3470 nequaquam
663 3394 791 3457 victoria
804 3414 895 3473 poros
911 3397 1049 3472 insignes
1064 3399 1133 3456 ima·

158 3473 258 3544 ginum
274 3474 378 3537 titulos
392 3479 535 3552 claraque
550 3478 673 3536 nomina
688 3477 818 3541 familiae
833 3481 995 3555 liquerunt
