2448 3900
202 139 318 198 LIBER
331 138 435 198 XXIX·
458 137 542 198 CAP·
557 146 583 199 1.
605 145 643 210 [a.
658 145 691 196 U.
708 162 732 198 c.
747 147 807 202 547.
822 163 847 200 s.
860 147 892 205 C.
904 87 967 213 illiti
1012 139 1074 203 279

148 293 225 344 milia.
254 292 319 340 inter
337 305 454 340 censores
473 292 507 340 M.
525 292 626 342 Livium
643 301 668 341 et
685 292 818 344 Claudium
834 294 959 348 Neronem
977 299 1075 348 notabi-

148 361 181 410 lis
199 359 326 410 discordia
342 359 406 410 luit:
430 375 490 412 uam
508 366 534 408 et
550 359 670 412 Claudius
687 362 761 411 Livio
785 363 898 430 collegae
920 381 1013 428 equum
1030 367 1075 417 ad-

149 431 225 489 emit,
244 428 312 491 quod
329 443 345 477 a
361 427 457 492 populo
473 427 607 480 damnatus
625 437 746 494 actusque
763 431 790 480 in
809 433 926 482 exsilium
945 434 1035 494 lueret,
1051 442 1076 485 et

146 499 234 548 Livius
246 494 361 561 Olaudio,
379 496 553 559 quodfalsum
571 499 598 546 ln
614 513 643 548 se
659 500 832 550 testimonium
845 501 951 551 dixisset
969 509 994 552 et
1007 503 1075 566 qnod

148 582 198 616 non
223 567 289 616 bone
304 566 355 616 lide
377 579 465 614 secum
481 567 508 614 in
526 567 633 630 gretiam
652 567 771 618 redisset.
803 570 872 620 idem
890 585 978 621 omnes
995 572 1076 622 tribus

145 645 304 686 exurunem
318 635 429 684 semries
443 633 555 697 reliquit,
574 634 642 698 qnod
657 641 682 685 et
695 637 855 688 innocentem
865 654 893 690 se
908 641 1076 690 condemnas·

147 712 204 754 sent
222 711 247 752 ot
259 713 349 768 postea
367 701 496 754 consulem
512 718 691 767 censoremque
709 704 837 756 iecissent.

180 808 202 866 Ι.
225 807 330 882 Scipio
342 813 509 882 postquam
522 807 552 867 in
564 807 697 868 Siciliam
711 807 802 881 venit,
819 807 1007 871 voluntarios
1021 811 1074 870 mi·

90 893 164 952 ites
185 891 337 953 ordinavit
357 891 607 968 centuriavttque.
645 906 685 950 ex
705 890 742 950 iis
764 897 917 951 trecentos
939 892 1076 970 iuvenes,

87 974 242 1037 florentes
258 981 355 1036 aetate
370 981 400 1035 et
413 975 524 1036 virium
537 969 666 1049 robore,
689 973 821 1034 inermes
837 975 919 1035 circa
933 991 969 1035 se
982 975 1074 1036 habe·

86 1059 161 1136 bat,
179 1060 371 1134 ignorantes,
395 1060 546 1135 quemad
567 1075 656 1119 usum
676 1074 777 1135 neque
798 1059 956 1120 centuriati
976 1075 1076 1136 neque
1105 1133 1106 1136 Ἴ

88 1144 201 1204 armati
222 1149 428 1204 servarentur.
460 1151 523 1205 turn
544 1159 583 1202 ex
605 1143 696 1202 totius
713 1141 834 1203 Siciliae
854 1143 1007 1205 iuniorum
1021 1161 1072 1204 nu·
1111 1169 1113 1174 v

86 1243 179 1288 mero
200 1229 356 1304 principes
376 1241 490 1302 genere
504 1233 534 1287 et
554 1228 674 1287 fortuna
690 1234 843 1296 trecentos
864 1228 998 1304 equites,
1024 1228 1076 1303 qui

90 1327 201 1373 secum
214 1312 246 1371 in
259 1311 394 1371 Africam
408 1311 578 1385 traicerent,
592 1311 674 1386 legit,
690 1310 833 1386 diemque
846 1311 894 1384 iis,
912 1328 972 1388 qua
987 1311 1076 1387 equis

90 1395 250 1470 mnusque
271 1395 409 1456 instructi
429 1401 522 1470 atque
537 1393 634 1455 ornati
654 1395 814 1470 adessent,
836 1394 940 1456 edixit.
972 1397 1075 1472 gravis

52 1494 57 1500 ·
89 1497 134 1540 ea
148 1480 254 1540 militia
268 1481 375 1556 procul
391 1479 482 1540 domu
498 1486 578 1540 terra
592 1478 730 1553 marique
743 1479 854 1540 multos
874 1479 998 1540 labores
1012 1496 1075 1540 ma-

91 1580 156 1639 gna
174 1564 311 1640 pericula
331 1563 470 1624 adlatura
484 1563 661 1632 videbatur;
681 1576 782 1638 neque
801 1563 888 1639 ipsus
909 1564 1003 1624 modu
1018 1563 1076 1624 sed

94 1655 238 1724 parentes
259 1655 471 1723 cognatosque
492 1663 598 1708 eorum
618 1662 656 1706 ea
677 1662 751 1706 cura
771 1648 912 1722 angebat
942 1647 993 1708 ubi
1009 1648 1075 1707 dies

90 1747 174 1806 quae
187 1733 268 1792 dicta
282 1739 347 1791 erat
359 1731 492 1802 advenit,
509 1747 593 1790 amia
607 1746 769 1806 equusque
783 1731 991 1792 ostenderunt.
1013 1739 1076 1792 tum

90 1815 200 1892 Scipio
221 1815 386 1876 renuntiari
407 1815 466 1875 sibi
484 1815 573 1886 dixit,
598 1815 749 1888 quosdam
770 1815 888 1888 equites
904 1814 1076 1876 Siculorum

90 1907 246 1975 mmquam
264 1915 389 1974 gravem
404 1907 434 1960 et
454 1899 561 1959 duram
575 1897 700 1956 horrere
722 1913 790 1957 eam
803 1897 947 1958 militiam.
981 1899 1075 1974 siqui

88 1986 137 2045 ita
150 1984 273 2043 animati
288 1990 409 2059 essent,
430 1983 521 2043 malle
534 1997 591 2042 eus
606 1980 667 2040 iam
681 1988 744 2041 tum
759 1981 861 2054 lateri,
885 1998 976 2056 quam
990 1990 1075 2057 post-

90 2067 187 2127 modo
208 2075 371 2143 querentes
387 2082 498 2142 segnes
514 2072 606 2142 atque
619 2063 740 2136 inutiles
755 2064 865 2124 milites
878 2065 923 2125 rei
933 2064 1076 2140 publicae

89 2167 176 2212 esse.
216 2159 431 2228 expromerent
452 2150 526 2226 quid
548 2148 707 2220 sentirent;
737 2164 806 2208 cum
827 2148 910 2209 bona
932 2149 1020 2208 venia
1040 2166 1076 2210 se

90 2236 276 2296 auditurum.
308 2235 361 2295 ubi
381 2251 422 2294 ex
440 2235 478 2294 iis
493 2251 573 2294 unus
595 2249 690 2294 ausus
706 2239 754 2293 est
768 2232 870 2292 dicere
885 2247 921 2292 se
935 2248 1074 2310 prorsus,

91 2321 122 2380 si
137 2319 197 2379 sibi
212 2327 309 2380 uuum
324 2319 397 2379 velit
410 2319 538 2380 liberum
553 2325 650 2392 esset,
673 2317 755 2377 nolle
769 2315 909 2376 militares
933 2322 995 2377 tum
1010 2315 1075 2377 Sci-

89 2405 147 2480 pio
162 2403 191 2463 cl
205 2402 371 2478 „quoniam
383 2403 482 2480 igitur,
497 2402 690 2476 adolescens,
708 2400 783 2477 quid
794 2399 924 2462 sentires
939 2417 1001 2462 non
1012 2399 1073 2461 dis-

90 2487 254 2562 simulasti,
268 2486 415 2548 vicarium
429 2485 483 2547 tibi
497 2485 668 2562 expediam,
689 2485 739 2546 cui
754 2493 786 2546 tu
803 2501 885 2545 arma
901 2501 1075 2563 equumque

90 2580 125 2632 et
145 2579 249 2632 cetera
268 2570 468 2648 instrumenta
487 2570 610 2630 militiae
632 2570 749 2644 uades,
773 2575 803 2629 et
822 2575 922 2630 tecum
936 2569 1006 2629 hinc
1021 2587 1074 2630 cx·

89 2656 208 2731 templo
230 2656 354 2716 dommn
375 2655 487 2731 ducas,
509 2669 671 2728 exerceas,
693 2653 867 2715 docendum
883 2669 971 2714 cures
993 2669 1074 2730 equo

91 2740 282 2815 armisque“.
299 2740 378 2800 laeto
395 2738 607 2801 condicionem
622 2736 783 2814 accipienti
796 2755 890 2799 unum
905 2754 945 2798 ex
958 2746 1074 2801 trecen·
1136 2791 1141 2812 ,

91 2823 142 2895 tis,
160 2839 238 2898 quos
253 2822 385 2882 inermes
399 2821 539 2896 habebat,
555 2821 654 2882 tradit
684 2821 736 2882 ubl
747 2821 807 2883 huc
822 2822 914 2884 modo
930 2829 1074 2883 exaucto·

91 2914 193 2968 ratum
208 2907 340 2981 equitem
355 2922 423 2966 cum
438 2907 535 2982 gratia
548 2905 741 2982 imperatoris
757 2906 848 2968 ceteri
863 2906 1018 2980 viderunt,
1040 2922 1075 2966 se

94 2989 227 3066 quisque
249 3006 398 3051 excusare
412 2997 443 3050 et
456 2990 604 3051 vicarium
623 2989 774 3065 accipere.
805 2991 848 3050 ita
869 2989 1012 3050 trecentis
1027 2989 1074 3050 Si·

93 3073 172 3134 culis
198 3073 327 3134 Rornani
354 3075 477 3154 equites
505 3073 658 3135 substituti
682 3074 749 3133 sine
773 3073 896 3149 publica
925 3073 1074 3149 impensa.

94 3157 305 3218 docendorum
327 3174 429 3218 curam
450 3157 544 3218 Siculi
565 3157 748 3230 habuerunt,
776 3156 849 3230 quia
868 3156 1000 3217 edictum
1020 3157 1072 3217 im-

95 3241 246 3317 peratoris
268 3249 347 3317 erat,
369 3242 470 3318 ipsum
490 3237 699 3314 militatumm,
723 3240 774 3316 qui
795 3241 837 3300 itu
857 3256 918 3301 non
940 3239 1073 3302 fecisset.

95 3325 250 3401 egregiam
265 3325 344 3387 hanc
366 3327 445 3386 alam
464 3325 598 3401 equitum
620 3325 759 3386 evasisse
774 3324 888 3399 lerunt,
911 3322 1074 3400 multisque

96 3409 221 3484 proeliis
235 3426 300 3469 rem
318 3410 470 3486 publicam
491 3409 658 3470 adiuvisse.
690 3407 843 3484 Legiones
861 3407 933 3468 inde
947 3423 1015 3470 cum
1029 3408 1072 3468 iu-
