2466 3900
158 293 180 356 o
327 291 564 353 emsaxxrv.
586 287 746 354 canae.
770 294 807 364 p.
822 293 857 348 o.
874 293 973 362 esan

161 443 382 522 quadrigisque
403 441 494 502 etiam
515 440 654 502 alborum
669 456 818 516 equomrn
839 438 989 500 interdum
1003 455 1044 500 ex
1058 440 1146 516 regia

160 527 378 606 procedentem
392 541 478 587 more
492 524 635 604 Dionysii
650 525 783 604 tyranni.
803 524 885 586 hunc
899 530 961 584 tam
976 523 1145 600 superbum

161 617 341 690 apparatum
353 609 551 684 habitumque
563 609 782 670 convenientes
793 608 1001 685 sequebantur
1010 615 1146 668 contem-

161 704 233 774 ptus
256 695 389 755 omnium
408 693 582 768 hominum,
612 692 767 769 superbae
787 708 894 766 aures,
923 692 1147 754 contumeliosa

163 781 258 852 dicta,
279 779 340 839 reri
363 777 464 840 aditus
486 794 548 840 non
568 777 676 838 alienis
691 778 784 838 modo
800 777 857 839 sed
872 777 1023 838 tutoribus
1044 776 1146 847 etiam,

163 863 305 924 libidines
316 877 426 938 novae,
439 862 604 923 inhumana
615 860 789 923 cmdclitas.
809 862 913 938 itaque
924 868 1025 922 tantus
1038 875 1148 921 omnes

163 957 261 1010 terror
273 947 437 1020 invaserat,
459 953 492 1006 ut
506 946 630 1021 quidam
645 962 684 1006 ex
698 945 848 1008 tutoribus
862 952 915 1006 aut
928 952 1025 1006 morte
1038 944 1148 1006 volun-

164 1033 242 1094 taria
255 1038 307 1093 aut
321 1031 394 1106 luga
407 1037 635 1108 praeverterent
649 1037 761 1091 metum
777 1030 1007 1107 suppliciorum.
1029 1037 1092 1089 tres
1109 1043 1149 1088 ex

164 1117 211 1192 iis,
228 1116 339 1193 quibus
355 1115 431 1176 solis
447 1115 547 1175 aditus
563 1114 593 1174 in
608 1115 734 1175 domum
748 1115 925 1176 familiarior
939 1119 1011 1188 erat,
1026 1113 1148 1174 Andra-

165 1201 303 1261 nodorus
318 1206 347 1260 et
360 1200 513 1276 Zoippus,
535 1199 640 1274 generi
654 1199 812 1274 Hieronis,
832 1205 862 1259 et
873 1197 990 1258 Thraso
1012 1196 1148 1273 quidam,

165 1284 205 1345 de
219 1284 287 1345 aliis
303 1283 427 1361 quidem
438 1284 530 1344 rebus
544 1283 628 1343 haud
643 1298 830 1360 magnopere
845 1281 1060 1343 audiebantur:
1082 1289 1149 1342 ten·

166 1369 269 1430 dendo
278 1375 378 1430 autem
386 1370 448 1429 duo
461 1369 501 1428 ad
509 1368 784 1443 Carthaginienses,
796 1367 913 1427 Tlrraso
922 1365 1150 1428 adsocietatem

166 1455 351 1526 Romanam,
373 1452 538 1513 certamine
553 1467 589 1511 ac
604 1451 714 1512 studiis
729 1452 880 1514 interdum
894 1451 925 1510 in
940 1465 976 1512 se
990 1457 1149 1512 converte-

165 1538 239 1597 bant
253 1538 385 1596 animum
401 1536 623 1610 adolescentis,
647 1551 715 1596 cum
731 1535 899 1598 coniuratio
914 1535 946 1595 in
960 1535 1082 1615 tyranni
1099 1549 1149 1593 oa-

165 1626 221 1696 put
245 1621 326 1679 lacta
351 1619 501 1680 indicatur
525 1634 582 1695 per
607 1620 763 1681 calonem
790 1620 957 1696 quendam,
989 1619 1150 1694 aequalem

165 1702 344 1780 Hieronymi
367 1711 398 1764 et
417 1704 476 1763 iam
498 1703 570 1764 inde
589 1720 719 1780 apuero
739 1704 771 1764 in
787 1705 889 1765 omnia
903 1703 1063 1764 familiaria
1083 1701 1150 1764 iura

166 1788 338 1848 adsuetum.
370 1788 465 1849 index
479 1805 574 1849 unum
588 1803 628 1848 ex
643 1789 807 1850 coniuratis
822 1787 1027 1862 Theodotum,
1052 1803 1071 1846 a
1088 1802 1149 1862 quo

166 1875 235 1948 ipse
254 1869 427 1949 appellatus
448 1879 527 1946 erat,
556 1873 714 1933 nominare
732 1872 844 1948 potuit,
874 1871 925 1949 qui
947 1883 1149 1947 comprensus

168 1959 319 2033 extemplo
344 1956 535 2032 traditusque
555 1957 783 2017 Andronodoro
808 1956 1016 2033 torquendus,
1050 1954 1089 2015 de
1114 1971 1150 2016 se

166 2040 234 2116 ipse
247 2040 331 2102 haud
353 2047 530 2101 cunctanter
543 2041 647 2102 lassus
663 2041 807 2102 conscios
822 2041 949 2101 celabat.
980 2045 1147 2116 postremo,

166 2139 235 2185 cum
250 2125 391 2187 omnibus
404 2124 604 2185 intolerandis
619 2125 784 2202 patientiae
797 2125 949 2186 humanae
964 2122 1148 2184 cruciatibus

165 2208 366 2283 laceraretur,
391 2209 505 2269 victum
520 2209 608 2269 malis
623 2225 659 2269 se
674 2209 821 2270 simulans
837 2209 946 2270 avertit
959 2207 998 2268 ab
1013 2206 1147 2268 consciis

166 2293 197 2352 in
217 2293 356 2354 insontes
377 2292 537 2367 indicium,
557 2293 747 2354 Thrasonem
762 2308 833 2354 esse
855 2299 1011 2354 auctorem
1027 2291 1146 2353 consilii

166 2378 323 2452 mentitus,
345 2392 403 2437 nec
422 2377 482 2436 nisi
497 2384 556 2436 tam
571 2377 687 2453 potenti
702 2377 781 2437 duce
796 2377 933 2438 confisos
954 2393 1019 2436 rem
1033 2382 1148 2437 tantam

167 2475 314 2532 ausuros,
338 2460 376 2520 ab
391 2461 486 2520 latere
506 2461 642 2537 tyranni,
667 2477 796 2536 quorum
811 2462 913 2536 capita
926 2459 1078 2521 vilissima
1092 2459 1147 2519 lin·

165 2545 247 2618 genti
261 2543 339 2604 inter
354 2543 479 2604 dolores
493 2545 687 2620 gemitusque
701 2559 870 2606 occurrere.
899 2545 1031 2605 maxime
1046 2543 1146 2605 animo

60 2705 62 2710 Ι
165 2628 287 2705 tyranni
302 2625 447 2688 credibile
460 2627 606 2688 indicium
616 2626 732 2690 Thraso
749 2629 922 2691 nominatus
933 2628 1019 2690 lecit:
1043 2629 1147 2704 itaque

165 2711 319 2786 extemplo
331 2711 459 2772 traditur
472 2712 513 2772 ad
527 2712 720 2789 supplicium,
735 2713 909 2788 adiectique
923 2727 1043 2789 poenae
1055 2711 1145 2772 ceteri

164 2795 249 2854 iuxta
261 2795 408 2857 insontes.
431 2795 625 2857 consciorum
639 2812 739 2874 nemo,
755 2812 824 2858 curn
840 2795 892 2859 diu
907 2797 1011 2858 socius
1026 2795 1145 2857 consilii

165 2885 371 2954 torqueretur,
393 2888 445 2941 aut
457 2880 543 2941 latuit
557 2881 712 2956 ablingit:
735 2888 849 2943 tantum
865 2881 924 2942 illis
938 2882 970 2942 in
984 2881 1096 2941 virtute
1110 2893 1146 2940 ac

164 2961 227 3022 fide
241 2961 390 3024 Tbeodoti
410 2965 542 3025 fiduciae
564 2965 634 3039 luit,
656 2971 835 3042 tantumque
850 2966 910 3042 ipsi
924 2964 1084 3026 Theodoto
1102 2963 1163 3064 νδ

164 3046 241 3107 rium
255 3047 296 3107 ad
311 3063 423 3112 arcena
439 3049 629 3110 oceidtanda.
818 3095 820 3100 .

249 3131 300 3190 vt.
331 3132 391 3206 Ita,
415 3133 500 3208 quod
514 3149 607 3193 unum
620 3131 778 3193 vinculum
800 3149 869 3193 cum
882 3132 1030 3195 Romanis
1046 3130 1143 3192 socie·

166 3213 235 3274 tatis
251 3221 323 3288 eret,
346 3215 503 3276 Thrasone
518 3215 637 3277 sublato
654 3215 797 3289 emedio,
821 3216 975 3292 extemplo
989 3215 1072 3276 haud
1091 3216 1143 3275 du-

162 3295 212 3356 bie
221 3297 261 3356 ad
269 3297 471 3359 delectionem
481 3314 533 3360 res
545 3298 719 3375 spectabat,
732 3299 887 3376 legatique
898 3299 1143 3361 adHannibalem

162 3380 248 3440 nnssi
268 3397 306 3441 ac
318 3382 441 3442 remissi
455 3380 494 3441 ab
510 3397 547 3442 eo
563 3397 632 3443 cum
644 3382 816 3444 Hannibale
830 3383 924 3446 nobili
946 3383 1143 3445 adolescente

161 3461 364 3538 Hippocrates
379 3471 409 3525 et
422 3465 596 3544 Epicydes,
618 3467 680 3526 nati
696 3466 876 3542 Cartbagine
891 3468 949 3528 sed
970 3466 1092 3529 oriundi
1107 3464 1143 3526 ab

157 3543 325 3620 Syracusis
347 3550 454 3608 exsule
473 3565 532 3609 avo
577 3549 670 3610 Poeni
691 3549 751 3629 ipsi
770 3558 907 3612 materno
928 3566 1051 3627 genere.
1090 3564 1144 3626 pcr
1225 3579 1226 3660 y
