2466 3900
172 195 213 260 70
324 194 439 256 Ltsslllt
449 193 541 252 XXV.
567 191 652 254 CAP-
664 200 706 253 1⁵.
720 197 761 254 16.
791 195 831 265 [a.
846 195 883 248 U.
898 211 923 249 o.
939 196 1004 263 54⁰]

173 346 239 408 acie
259 345 464 421 pugnantibus
477 342 640 415 Romanis,
661 339 806 402 Tburinis
830 338 1086 416 exspectantibus
1099 355 1151 400 ma-

174 431 221 507 gis
248 445 340 503 quum
371 426 584 488 adiuvantibus
611 431 768 485 eventum=
809 431 843 484 ct
869 422 1150 498 Carthaginiensium
1195 461 1196 496 5

176 513 258 575 acies
275 512 315 571 de
329 509 478 570 industria
494 508 604 585 pedem
618 507 787 580 referebat,
813 514 851 568 ut
865 507 909 568 ad
924 513 1014 582 terga
1028 505 1151 566 collisob
1195 507 1196 510 ’

176 596 278 670 capuita
292 609 350 654 suo
364 594 477 654 insessi
491 594 611 654 bostem
631 592 786 652 incautum
802 590 1019 667 pertraheret,
1041 577 1099 665 qum
1112 589 1152 649 ubl

176 685 224 738 est
238 684 368 750 ventum,
384 677 479 738 coorti
493 692 561 738 cunr
572 675 706 736 clamore
720 674 847 751 equites
864 689 970 751 prope
984 673 1153 734 incondium

175 760 375 822 Thurinorum
389 759 506 822 turbam
520 775 578 821 nec
592 760 668 820 satis
683 759 746 820 lida
762 759 882 831 animo,
902 759 991 819 unde
1005 757 1153 834 pugnabat

177 849 305 906 stantem
325 846 478 921 extemplo
493 844 523 905 in
539 845 643 919 lugam
663 847 854 904 averterunt.
887 842 1041 914 Romani,
1064 857 1153 915 quom·

178 942 270 1004 quam
281 928 505 990 circumventos
517 927 587 987 hinc
598 927 697 1003 pedes
708 927 780 986 blnc
791 942 896 1003 eques
912 926 1056 1002 urgebat,
1070 932 1153 986 mmor

178 1010 365 1084 aliquamdiu
384 1027 518 1087 pugnam
532 1017 661 1071 traxere.
691 1018 855 1086 postremo
871 1017 904 1072 et
925 1009 989 1088 ipsi
1004 1017 1090 1083 terga
1102 1023 1153 1066 ver-

179 1101 244 1155 tunt
264 1100 356 1169 mque
376 1095 417 1154 ad
436 1095 543 1156 urbem
562 1094 690 1169 lugiunt.
722 1094 766 1155 ibi
786 1096 974 1171 proditores
998 1091 1154 1166 conglobati

179 1193 247 1239 cum
259 1178 452 1255 popularium
466 1193 574 1255 agmen
586 1177 761 1253 patentibus
774 1180 878 1254 portis
894 1179 1101 1254 accepissent,
1114 1174 1153 1234 nbi

179 1264 336 1324 Rornanos
350 1263 437 1324 iuso's
451 1263 491 1324 ad
512 1261 617 1323 urbem
632 1263 704 1323 terri
725 1262 888 1338 viderunt,
913 1264 1106 1325 conclamant
1121 1259 1154 1316 in·

180 1354 261 1406 sture
274 1345 425 1419 Poenum,
447 1347 677 1422 pennixtosquo
692 1353 723 1406 et
735 1346 845 1408 hostes
863 1347 978 1409 urbem
997 1347 1152 1413 invasuros,

180 1430 211 1491 ni
227 1445 358 1504 propera
373 1437 478 1506 portas
492 1430 644 1491 claudant
675 1429 718 1490 ila
737 1431 889 1494 exclusos
905 1433 1067 1493 Romanos
1082 1441 1153 1504 prae·

181 1512 1153 1593 buarchostladmedem,Atiniustamencumpaucisreoeplus.
1195 1513 1196 1542 l

182 1596 291 1658 seditio
303 1595 375 1657 inde
383 1598 540 1674 paulisper
549 1597 645 1660 tenuit
658 1613 727 1660 cion
749 1601 1077 1664 mttwbemtuenacm
1098 1593 1154 1654 inde

183 1682 233 1742 alii
253 1680 424 1742 cedendum
448 1682 586 1743 fortunae
607 1688 639 1743 et
659 1683 843 1748 uadendum
864 1685 977 1748 urbem
1004 1679 1154 1743 victoribus

184 1772 353 1826 censerent
394 1773 541 1841 ceterum,
563 1773 596 1826 ut
617 1766 814 1844 plerumque,
843 1770 973 1834 fortuna
995 1776 1025 1828 et
1044 1761 1155 1826 consilia

184 1850 264 1910 mala
274 1847 426 1911 vicerunt=
441 1850 543 1911 Atinio
554 1865 624 1910 cnm
635 1851 701 1912 suis
713 1851 754 1912 ad
765 1869 851 1913 mare
861 1871 902 1916 ac
914 1869 1015 1914 naves
1028 1848 1154 1913 deducto,

185 1933 280 2008 magis
303 1934 375 2009 quia
395 1934 455 2010 ipsi
476 1934 516 1996 ob
536 1934 698 2009 imperium
717 1935 797 1996 inse
813 1936 888 1999 mite
904 1955 943 2000 ac
964 1938 1078 1999 iustum
1097 1944 1154 1989 con·

185 2020 296 2080 sultam
315 2019 461 2080 volebant
481 2035 572 2094 quam
592 2026 735 2094 respectu
756 2021 988 2096 Romanorum,
1018 2013 1153 2087 emungi-

187 2105 308 2164 nienses
322 2101 354 2162 in
367 2103 474 2164 urbem
488 2102 650 2179 accipiunt
723 2114 730 2120 ·

270 2186 418 2249 Consules
433 2204 452 2247 a
465 2187 641 2248 Benevento
657 2188 687 2246 in
702 2187 894 2263 Campanum
910 2207 1021 2268 agrurn
1034 2184 1155 2262 legiones

187 2272 303 2334 ducunt
315 2287 377 2331 non
392 2273 432 2332 ad
447 2273 596 2332 trurnentn
609 2273 713 2345 modo,
737 2288 818 2347 quae
833 2273 894 2336 iarn
909 2276 942 2336 in
961 2272 1063 2334 herbis
1077 2269 1156 2332 erant
1193 2319 1194 2326 ,

188 2355 419 2431 corrumpenda,
435 2357 491 2416 sed
506 2356 546 2416 ad
561 2356 697 2430 Capuam
711 2359 967 2433 oppugnandam,
991 2355 1118 2418 nobilem
1130 2361 1157 2437 ss

189 2441 379 2502 consulatum
394 2447 454 2500 tarn
468 2442 631 2516 opulentae
644 2440 729 2502 urbis
744 2441 867 2505 excidio
882 2444 942 2506 rati
958 2444 1106 2509 tacturos,
1126 2446 1156 2490 st·

189 2526 251 2588 mul
263 2523 411 2599 elingens
423 2523 570 2598 flagitium
582 2524 713 2601 imperio
724 2525 917 2602 dempturus,
935 2527 1024 2604 qnod
1034 2521 1098 2586 urbi
1109 2525 1156 2577 tarn

192 2609 384 2685 propinquae
395 2608 513 2668 tertium
527 2624 640 2670 annum
654 2609 802 2687 impunita
816 2611 951 2674 delectio
967 2616 1061 2674 esset
1091 2605 1157 2694 celi·

190 2709 258 2753 nint
271 2709 310 2753 ne
324 2693 531 2754 Beneventum
545 2694 612 2756 sine
626 2694 784 2769 praesidio
800 2703 902 2772 esset,
925 2706 957 2759 et
971 2703 1006 2758 ut
1019 2693 1061 2754 ad
1073 2684 1157 2750 sublit

191 2776 278 2850 bem,
300 2777 327 2839 si
347 2777 511 2851 annon,
533 2780 618 2854 quon
639 2780 790 2842 factumn
809 2780 895 2844 naua
916 2779 1106 2846 dubitabant,
1126 2763 1156 2825 al

192 2877 284 2938 opem
298 2862 454 2924 fenennam
467 2862 562 2923 sociis
577 2864 713 2940 capuam
727 2867 873 2942 venissel,
892 2868 1014 2945 equites
1030 2861 1089 2922 tim
1102 2865 1157 2916 sus·

191 2946 287 3008 tinere
306 2954 448 3027 possent,
470 2945 534 3006 lib.
548 2947 719 3012 Gracchum
738 2967 778 3013 ex
791 2951 926 3014 Lucanis
947 2967 1018 3014 cum
1039 2941 1156 3020 equibll

192 3047 229 3091 ac
247 3033 309 3096 levi
329 3039 481 3096 armatura
499 3029 708 3098 Beneventum
729 3037 834 3099 venire
852 3037 974 3100 iubent=
1000 3023 1156 3117 legionibus

192 3118 371 3197 statiuisque
391 3117 433 3178 ad
453 3114 637 3181 obtinendas
652 3139 703 3184 res
717 3124 749 3185 in
762 3122 894 3185 Lucanis
915 3122 1047 3198 aliquem
1062 3107 1157 3190 praeb-

190 3210 283 3264 ceret
325 3203 405 3266 XVI.
434 3197 589 3276 Graccho,
617 3207 797 3284 priusquam
817 3223 857 3268 ex
874 3205 1007 3268 Lucanis
1026 3193 1154 3283 moverat

190 3288 372 3352 sacnncmu
387 3284 475 3348 triste
490 3283 664 3360 prodigium
679 3293 790 3358 lactum
804 3300 868 3356 est=
883 3293 925 3354 ad
938 3297 1009 3353 exta
1020 3276 1155 3348 sacrifico
1191 3281 1192 3373 l

193 3379 364 3444 perpetrato
380 3377 500 3440 angues
512 3363 574 3424 dno
590 3384 631 3430 ex
646 3381 767 3440 occulto
783 3377 905 3454 adlapsi
919 3365 1154 3450 manderemus,

239 3456 411 3533 *specuque
425 3451 552 3520 ΐθΡθΰῑθ
567 3464 608 3510 ex
624 3462 723 3522 oculis
739 3462 887 3523 abierunt.
909 3461 942 3521 id
953 3454 1155 3521 cumbarusll'
