2434 3902
217 209 332 272 LlBER
345 211 465 274 xxvii.
489 213 571 272 CAP.
586 221 630 276 49.
646 223 689 276 50.
712 220 748 288 [a.
763 220 795 272 C.
810 221 873 288 aot]
971 215 1031 279 itt

38 365 227 426 nantissima
247 365 362 426 laboris
384 382 529 443 corpora,
549 367 602 426 vix
617 383 701 428 arma
715 368 849 429 humeris
864 368 1034 443 gestabant.

40 457 78 512 et
93 450 157 510 iam
173 449 233 510 diei
248 451 381 511 medium
397 459 469 524 erat
485 451 613 526 sitisque
628 457 659 512 et
671 452 755 514 calor
769 452 888 512 hiantes
904 454 1031 513 caeden-

40 534 108 593 dos
132 534 365 610 capiendosque
387 535 512 595 adfatim
532 535 709 610 praebebat.
752 535 853 597 XLIX.
880 537 1034 612 elephanti

41 619 157 693 plures
170 617 209 678 ab
222 619 299 695 ipsis
312 618 481 680 rectoribus
492 635 583 695 quam
595 619 633 678 ab
645 619 735 681 hoste
746 620 904 681 interlecti.
927 621 1035 682 fabrile

40 705 209 778 scalprum
223 719 291 763 cum
305 703 415 763 malleo
430 702 597 764 habebantz
612 703 653 777 id,
669 703 720 764 ubl
736 704 857 788 saevire
871 704 982 765 beluae
996 722 1034 766 ac

41 803 141 848 ruere
165 787 195 846 in
216 803 291 849 suos
315 793 495 863 coeperant,
516 786 662 862 magister
680 789 759 849 inter
778 805 869 850 aures
891 789 1031 865 positum,

41 870 119 947 ipso
133 870 166 932 in
177 872 312 946 articulo,
327 887 387 946 quo
398 872 530 947 iungitur
541 871 633 948 capiti
645 872 761 949 cervix,
774 879 887 948 quanto
900 873 1034 934 maximo
1077 918 1081 924 .

44 962 174 1031 poterat
194 957 255 1017 ictu
275 955 427 1032 adigebat.
458 973 496 1016 ea
516 957 674 1017 celerrima
689 957 740 1018 via
753 957 859 1017 mortis
880 956 910 1016 in
932 964 1035 1018 tantae

44 1039 141 1100 molis
157 1039 250 1101 belua
263 1042 386 1102 inventa
400 1048 473 1116 erat,
489 1041 540 1101 ubi
554 1041 682 1116 regendi
697 1057 786 1118 spem
800 1040 956 1115 vicissent,
972 1040 1033 1117 pri·

44 1140 184 1199 musque
205 1124 237 1185 id
252 1125 426 1186 Hasdrubal
452 1125 634 1200 instituerat,
666 1126 729 1187 dux
748 1142 817 1187 cum
838 1140 933 1202 saepe
957 1124 1034 1186 alias

46 1208 276 1285 memorabilis,
299 1217 361 1271 tum
382 1210 434 1270 illa
453 1210 620 1286 praecipue
637 1207 754 1287 'pugna
792 1209 842 1272 ille
862 1216 1033 1286 pugnantes

46 1293 205 1354 hortando
220 1294 394 1370 pariterque
416 1295 559 1356 obeundo
575 1294 712 1370 pericula
726 1293 884 1364 sustinuit;
907 1294 958 1354 ille
973 1294 1029 1354 les·

45 1393 107 1438 sos
129 1375 364 1454 abnuentesque
387 1379 488 1440 taedio
504 1386 535 1440 et
554 1377 659 1440 labore
681 1395 761 1440 nunc
782 1378 938 1455 precando
954 1392 1034 1438 nunc
1137 1386 1142 1396 ·

45 1462 234 1537 castigando
248 1461 402 1535 ascendia
423 1464 473 1524 ille
488 1462 638 1538 fugientes
652 1463 810 1525 revocavit
825 1462 1032 1536 omissamque

47 1562 189 1622 pugnam
209 1547 327 1623 aliquot
341 1545 417 1608 locis
432 1547 575 1609 restituit:
597 1556 764 1624 postremo,
787 1563 856 1608 cum
876 1547 959 1608 haud
979 1547 1033 1607 du·

47 1631 102 1691 bie
123 1631 245 1692 icauna
265 1632 399 1692 hostium
420 1639 517 1707 esset,
547 1648 586 1693 ne
606 1641 763 1710 superstes
784 1638 866 1693 tanto
889 1629 1034 1692 exercitui

52 1733 144 1776 suum
158 1731 270 1802 nomen
285 1723 392 1778 secuto
408 1724 500 1790 esset
517 1716 667 1780 concitato
683 1733 765 1794 equo
781 1731 816 1778 se
831 1717 861 1777 in
877 1716 1033 1778 cohortem

49 1801 222 1860 Romanam
242 1799 374 1866 immisit
406 1801 463 1875 ibi,
487 1807 519 1862 ut
532 1809 619 1878 patre
634 1803 805 1864 Hamilcare
820 1808 851 1862 ct
864 1799 1033 1861 Hannibale

48 1886 145 1945 tratre
159 1883 284 1960 dignum
298 1891 372 1962 erat,
393 1901 534 1962 pugnans
549 1887 668 1947 cecidit.

138 1969 309 2044 Numquam
329 1985 366 2032 eo
387 1969 468 2030 bello
490 1988 551 2032 una
570 1971 637 2031 acie
655 1977 769 2031 tantmn
789 1968 923 2029 hostium
942 1968 1033 2026 inter-

46 2054 166 2114 iectum
187 2060 250 2128 est,
272 2053 454 2130 redditaque
474 2071 576 2130 aequa
592 2053 742 2115 Cannensi
757 2053 862 2113 clades
880 2051 929 2112 vel
943 2050 1033 2111 ducis

46 2139 100 2198 vel
122 2139 278 2199 exercitus
299 2137 419 2216 interitu
441 2138 612 2200 videbatur.
645 2136 866 2214 quinquaginta
881 2151 938 2196 sex
951 2134 1034 2195 milia

44 2221 188 2285 hostium
202 2222 315 2300 occisa,
330 2231 420 2301 capta
436 2224 571 2300 quinque
585 2223 668 2284 milia
681 2228 713 2283 et
726 2218 953 2297 quadringenta
970 2235 1033 2278 ma·

45 2323 110 2383 gna
123 2307 243 2384 praeda
257 2307 317 2368 alia
331 2323 400 2369 cum
415 2307 515 2370 omnis
526 2308 647 2383 generis
660 2315 723 2368 tum
737 2303 803 2366 auri
819 2305 909 2364 etiam
923 2318 1033 2378 argen-

28 2391 145 2468 tique.
180 2389 291 2451 civium
309 2392 400 2454 etiam
414 2394 637 2467 Romanorum,
660 2391 713 2468 qui
728 2390 807 2466 capti
828 2388 912 2465 apud
927 2387 1033 2448 hostes
1115 2443 1120 2452 .

46 2483 147 2552 erant,
165 2491 260 2552 supra
274 2476 331 2537 tria
345 2477 429 2537 milio
443 2477 575 2554 capitum
589 2483 722 2554 recepta.
745 2475 777 2534 id
792 2472 893 2534 solatii
909 2471 963 2532 luit
976 2486 1033 2548 pro

45 2559 177 2622 amissis
189 2575 226 2620 eo
238 2561 357 2637 proelio
370 2561 524 2624 militibus.
546 2577 616 2622 nam
626 2556 865 2635 haudquaquam
876 2558 1035 2618 incruenta

45 2645 180 2707 victoria
200 2644 271 2706 luit=
295 2653 364 2707 octo
379 2648 474 2708 lerme
494 2645 577 2707 milia
589 2647 796 2708 Romanorum
818 2640 1035 2717 sociommque

46 2731 168 2791 occisa.
201 2729 343 2806 adeoque
363 2731 455 2792 etiam
471 2731 603 2793 victores
624 2727 783 2806 sanguinis
800 2727 970 2803 caedisque
984 2741 1033 2785 ce

45 2820 141 2891 perat
155 2812 290 2889 satietas,
313 2822 347 2876 ut
360 2823 485 2892 postero
502 2817 560 2890 die,
583 2832 652 2876 curn
667 2820 752 2876 esset
765 2813 932 2875 nuntiatum
946 2810 1034 2871 Livio

46 2896 172 2959 consuli
198 2897 302 2960 Gallos
327 2900 499 2977 Cisalpinos
524 2899 730 2975 Liguresque,
762 2899 815 2974 qui
840 2905 891 2959 aut
915 2894 1035 2972 proelio

44 2999 110 3044 non
126 2981 310 3058 adfuissent,
333 2991 384 3045 aut
398 2983 476 3045 inter
490 2984 617 3044 caedem
631 2982 822 3059 effugissent
836 2997 898 3042 uno
913 2980 1034 3056 agmine

45 3067 135 3128 abire
147 3065 215 3128 sine
230 3074 313 3129 certo
329 3068 417 3142 duce,
433 3068 502 3129 sine
512 3069 618 3144 signis,
633 3069 701 3148 sine
716 3066 823 3129 ordine
837 3066 899 3125 ullo
914 3070 966 3125 aut
980 3063 1033 3122 im·

47 3152 154 3228 pedm
176 3166 281 3229 posse,
303 3153 330 3212 si
344 3170 405 3214 una
420 3152 556 3228 equitum
570 3155 620 3212 ala
633 3152 775 3224 mittatur,
799 3165 906 3212 omnes
922 3146 1033 3207 delerit

47 3235 153 3334 „quin
168 3235 326 3354 supersint
340 3236 435 3314 aliqui
450 3237 545 3298 nuntii
560 3244 591 3298 et
604 3236 738 3298 hostium
752 3233 849 3310 cladis
866 3239 896 3292 ct
910 3238 1034 3293 nostrae

47 3327 169 3463 mutis.
194 3362 279 3466 ‘Nero
294 3413 444 3481 senocto,
462 3423 541 3484 quae
556 3412 661 3466 secuta
675 3411 722 3465 est
737 3417 880 3480 pugnam,
897 3399 1034 3460 citatiore

49 3504 143 3564 quam
166 3487 240 3549 iude
258 3496 385 3551 venerat
405 3491 525 3568 agmine
548 3490 598 3550 die
617 3498 706 3550 sexto
722 3486 763 3548 ad
778 3483 888 3546 stativa
903 3499 960 3544 sua
978 3480 1033 3543 ad-
