2448 3900
183 269 245 335 aaa
348 265 579 328 aroannam.
602 260 685 322 cnr.
700 269 727 326 ι.
743 267 770 324 ι.
793 265 831 334 [ι.
846 263 882 316 n.
897 282 922 317 a
937 260 1003 326 sin

184 425 234 502 plo
248 422 287 482 iis
300 418 510 495 remissisque,
526 431 593 476 cum
609 414 748 478 ordinem
763 413 904 490 agendae
914 411 960 471 rci
975 411 1163 486 composuis

182 513 251 568 sent
262 505 421 580 signaque,
437 518 517 579 quae
526 501 635 577 procul
650 498 733 560 adita
748 499 962 570 observarent,
977 494 1043 571 ipsi
1060 493 1175 554 adsci-

182 591 304 667 pionem
330 587 502 664 Syracusas
526 583 671 661 proiecti,
700 581 785 660 apud
810 596 902 657 quem
927 595 1004 655 pars
1032 579 1177 638 exsulum

182 679 260 743 erat,
279 671 446 730 relerentes
461 669 502 728 ibi
516 667 672 745 promissa
686 666 877 742 captivorum
893 679 983 740 spem
1000 661 1041 722 ab
1066 659 1177 722 effectu

183 754 265 816 haud
279 752 492 815 abhorrentem
507 751 625 813 consuli
641 750 806 825 iecissent,
828 748 941 808 tribuni
955 747 1095 806 militurn
1113 763 1177 806 cun

182 840 220 900 iis
230 837 271 897 Μ.
284 836 410 914 Sergius
424 844 455 898 et
464 836 496 895 Ρ.
508 835 659 897 Matienus
674 834 771 909 missi,
793 833 935 908 iussique
949 831 990 890 ab
1002 829 1112 905 Regio
1127 831 1177 891 tria

182 921 264 982 milia
283 921 408 981 militum
421 920 537 982 Locros
560 921 689 990 ducere;
711 925 742 978 et
757 918 790 992 Q.
805 914 952 976 Pleminio
974 916 1179 990 propraetori

182 1006 338 1081 scriptum,
353 1012 386 1066 ut
399 1004 443 1063 rei
458 1004 596 1080 agendae
610 1003 745 1064 adesset.
777 1000 908 1077 proiecti
922 998 963 1059 ab
977 998 1101 1074 Regio,
1117 1014 1179 1057 sea-

182 1093 228 1152 las
243 1090 283 1150 ad
298 1089 409 1150 editam
429 1087 617 1149 altitudinem
632 1087 713 1148 arcis
728 1085 892 1146 fabricatas
906 1090 1099 1160 portanteS,
1122 1097 1180 1141 me-

183 1175 234 1234 dia
248 1175 342 1233 ferme
356 1177 445 1232 nocte
458 1187 498 1232 ex
513 1186 550 1232 eo
565 1171 644 1244 loeo,
666 1170 750 1232 unde
765 1174 960 1242 convenerat
980 1167 1117 1242 signum
1132 1167 1175 1226 de

184 1258 257 1321 lere
267 1254 473 1333 proditoribus
486 1255 582 1325 arcis3
600 1253 652 1330 qui
663 1253 761 1330 parati
772 1253 941 1328 intentique
953 1259 985 1311 et
995 1249 1066 1326 ipsi
1080 1253 1180 1310 scalas

184 1341 223 1401 ad
242 1340 274 1400 id
296 1340 398 1416 ipsum
418 1339 514 1400 lactas
536 1354 604 1399 curn
626 1339 838 1410 demisissent,
861 1335 1079 1412 pluribusque
1094 1335 1180 1394 simul

184 1424 260 1484 loeis
275 1424 459 1484 scandentes
475 1423 676 1499 accepissem,
692 1421 873 1497 priusquam
888 1420 1008 1480 clamor
1024 1426 1179 1494 oreretur,
1214 1491 1215 1496 ἵ

184 1509 213 1567 in
228 1507 336 1582 vigiles
350 1507 537 1584 Poenorum,
558 1512 592 1567 ut
604 1506 635 1565 in
650 1506 734 1566 nullo
749 1505 801 1565 tali
816 1511 898 1565 metu
913 1503 1061 1578 sopitos,
1087 1503 1179 1579 impe
1214 1499 1215 1579 l

184 1598 233 1651 tus
246 1597 294 1650 est
309 1590 417 1651 lactus.
448 1599 576 1666 quorum
591 1589 721 1666 gemitus
744 1589 843 1665 primo
859 1587 1064 1649 morientium
1088 1602 1178 1646 exau·
1214 1587 1215 1592 ’

185 1675 279 1744 ditus;
296 1673 365 1732 dein
378 1672 479 1735 subita
490 1673 695 1735 consternatio
710 1689 750 1734 ex
762 1688 872 1734 somno
888 1678 919 1732 et
927 1671 1099 1747 tumultus,
1116 1687 1179 1732 cun
1214 1743 1215 1748 ἵ

187 1773 279 1817 causa
293 1757 497 1831 ignoraretur;
515 1765 671 1834 postremo
687 1757 799 1818 certior
811 1772 863 1817 res
878 1755 947 1816 aliis
963 1756 1179 1816 excitantibus
1214 1753 1215 1832 l

185 1840 272 1902 alios.
295 1840 416 1916 iamque
430 1841 470 1901 ad
485 1858 569 1902 arma
583 1859 640 1918 pro
656 1857 691 1902 se
707 1842 838 1916 quisque
852 1839 1002 1900 vocabam
1018 1839 1140 1900 hostes
1155 1840 1180 1898 in

186 1939 255 1985 arce
270 1940 341 1985 esse
355 1933 385 1985 et
400 1926 487 1986 caedi
502 1926 626 2002 vigilem
642 1925 849 2003 oppressique
864 1923 1117 1984 lorentRomani
1133 1939 1179 1982 ne
1214 1973 1215 1982 ,

187 2024 338 2084 quaquam
353 2025 477 2071 numero
493 2025 594 2086 pares,
614 2010 644 2068 ni
660 2009 776 2070 clamor
791 2007 829 2068 ab
845 2007 882 2068 iis
899 2008 952 2083 qui
967 2014 1064 2067 extra
1079 2023 1180 2068 arcem
1214 2005 1215 2020 ²

186 2100 272 2152 erant
285 2093 422 2154 sublatus
436 2093 591 2169 incertum,
611 2094 694 2154 unde
708 2092 881 2168 accidisset,
903 2091 1009 2152 onmia
1024 2107 1116 2151 vana
1132 2108 1180 2150 aa·
1214 2089 1215 2104 ²

186 2182 276 2252 gente
290 2185 439 2240 nocturno
453 2179 597 2252 tumultu,
620 2177 754 2242 lecisset.
787 2177 890 2251 itaque
904 2177 989 2236 velut
1004 2176 1107 2251 plena
1122 2176 1180 2235 iam
1214 2181 1215 2240 ἶ

186 2259 317 2321 hostium
332 2277 402 2321 arce
412 2261 506 2322 territi
513 2261 606 2322 Poeni
622 2262 738 2322 omisso
754 2261 919 2322 certamine
933 2261 964 2320 in
980 2260 1120 2320 alteram
1135 2276 1179 2319 ar-
1214 2247 1215 2270 ¹

187 2358 252 2403 cern
266 2345 399 2405 -duae
414 2353 484 2407 sunt
498 2345 581 2406 haud
594 2345 721 2406 multum
735 2346 813 2406 inter
827 2361 863 2407 se
878 2345 1030 2406 distantes
1042 2375 1091 2387 ·-
1107 2359 1179 2404 con·
1214 2377 1215 2380 =

186 2427 312 2504 lugiunt.
344 2430 491 2505 oppidani
510 2429 616 2490 urbem
636 2428 790 2489 habebant
808 2427 977 2490 victoribus
1001 2428 1179 2504 praemium

186 2511 217 2573 in
235 2511 337 2572 medio
358 2514 499 2588 positam.
539 2530 578 2573 cx
598 2511 719 2574 arcibus
741 2512 862 2573 duabus
884 2511 1012 2588 proeliis
1035 2512 1179 2587 quotidie
1214 2505 1215 2588 i

187 2595 305 2656 levibus
327 2597 505 2657 certabatur.
540 2597 573 2671 Q.
588 2597 752 2658 Pleminius
766 2599 921 2672 Romano,
943 2595 1108 2657 Hamilcar
1123 2589 1177 2655 P'u-
1214 2605 1215 2674 t

187 2679 256 2738 nico
272 2680 427 2754 praesidio
442 2688 599 2756 praeerat;
623 2688 817 2742 arcessentes
838 2697 878 2742 ex
891 2679 1084 2757 propinquis
1099 2680 1178 2740 locis
1214 2687 1215 2763 l

188 2761 324 2822 subsidia
339 2764 446 2840 copias
461 2765 622 2841 augebant.
643 2765 712 2842 ipse
726 2774 883 2842 postremo
897 2763 1044 2825 veniebat
1060 2762 1178 2822 Hanni·
1214 2773 1215 2830 l

186 2846 324 2907 babuco
340 2848 699 2926 sustinuissentRomani,
716 2849 982 2912 nisiLocrensium
997 2847 1176 2919 multitudo,

187 2932 371 2993 exacerbata
385 2933 530 3010 superbia
544 2942 636 3010 atque
650 2934 778 2994 avaritia
792 2933 979 3005 Poenorum,
1004 2930 1045 2992 ad
1060 2933 1176 2992 Roma·
1214 2977 1215 3002 ι

187 3030 245 3077 nos
261 3015 447 3078 inclinasset.
1214 3025 1215 3092 l

270 3101 335 3162 Vll.
361 3102 497 3179 Scipioni
518 3108 551 3164 ut
571 3101 740 3171 nuntiatum
755 3102 847 3162 estin
862 3100 978 3160 maiore
994 3097 1175 3158 discrimine
1214 3099 1215 3138 l

187 3184 292 3246 Locris
313 3203 378 3247 rem
402 3188 480 3246 verti
504 3189 669 3263 ipsumque
691 3186 893 3246 llannibalem
917 3182 1107 3258 adventare,
1139 3197 1175 3241 ne

187 3269 374 3342 praesidium
394 3271 484 3329 etiarn
504 3269 724 3345 periclitaretur
736 3269 820 3330 haud
837 3267 918 3328 laeili
937 3266 1010 3326 inde
1031 3273 1173 3341 receptu,
1214 3259 1215 3290 ¹

188 3355 219 3408 et
238 3351 307 3425 ipse
320 3369 339 3411 a
353 3353 500 3412 Messana
513 3353 546 3411 L.
563 3351 708 3426 Scipione
728 3353 821 3412 fratre
835 3352 866 3410 in
889 3349 1045 3426 praesidio
1071 3347 1115 3408 ibi
1128 3364 1174 3407 re·

189 3429 269 3504 licto,
286 3434 494 3507 cumprimum
507 3434 711 3495 aestulretum
725 3435 901 3494 inclinatum
916 3439 971 3505 est,
987 3447 1087 3491 naves
1097 3432 1174 3491 mari

190 3514 327 3574 secundo
349 3517 439 3575 misit.
471 3517 620 3577 Hannibal
640 3515 780 3576 aBuloto
802 3517 883 3578 amni
903 3549 946 3562 ·-
958 3515 1042 3575 baud
1064 3515 1173 3590 procul
