<?xml version="1.0" encoding="UTF-8"?>
<!DOCTYPE html PUBLIC "-//W3C//DTD XHTML 1.0 Transitional//EN"
    "http://www.w3.org/TR/xhtml1/DTD/xhtml1-transitional.dtd">
<html xmlns="http://www.w3.org/1999/xhtml" xml:lang="en" lang="en">
 <head>
  <title>
</title>
<meta http-equiv="Content-Type" content="text/html;charset=utf-8" />
  <meta name='ocr-system' content='tesseract 3.04.00' />
  <meta name='ocr-capabilities' content='ocr_page ocr_carea ocr_par ocr_line ocrx_word'/>
</head>
<body>
  <div class='ocr_page' id='page_1' title='image "./titiliviaburbec09livygoog_0121.png"; bbox 0 0 2428 3892; ppageno 0'>
   <div class='ocr_carea' id='block_1_1' title="bbox 174 239 995 312">
    <p class='ocr_par' dir='ltr' id='par_1_1' title="bbox 174 239 995 312">
     <span class='ocr_line' id='line_1_1' title="bbox 174 239 995 312; baseline -0.013 -2"><span class='ocrx_word' id='word_1_1' title='bbox 174 245 219 310; x_wconf 77' lang='grc'>96</span> <span class='ocrx_word' id='word_1_2' title='bbox 374 241 488 305; x_wconf 75' lang='lat' dir='ltr'><strong>LIBER</strong></span> <span class='ocrx_word' id='word_1_3' title='bbox 501 241 595 302; x_wconf 86' lang='lat' dir='ltr'><strong>XXV.</strong></span> <span class='ocrx_word' id='word_1_4' title='bbox 618 239 703 301; x_wconf 78' lang='lat' dir='ltr'>cAP.</span> <span class='ocrx_word' id='word_1_5' title='bbox 715 246 759 302; x_wconf 77' lang='grc'>38.</span> <span class='ocrx_word' id='word_1_6' title='bbox 784 245 822 312; x_wconf 82' lang='lat' dir='ltr'>[a.</span> <span class='ocrx_word' id='word_1_7' title='bbox 836 244 873 296; x_wconf 89' lang='lat' dir='ltr'>U.</span> <span class='ocrx_word' id='word_1_8' title='bbox 886 260 910 294; x_wconf 86' lang='lat' dir='ltr'>c.</span> <span class='ocrx_word' id='word_1_9' title='bbox 924 241 995 308; x_wconf 77' lang='lat' dir='ltr'>sto]</span> 
     </span>
    </p>
   </div>
   <div class='ocr_carea' id='block_1_2' title="bbox 176 390 1193 3592">
    <p class='ocr_par' dir='ltr' id='par_1_2' title="bbox 176 390 1166 472">
     <span class='ocr_line' id='line_1_2' title="bbox 176 390 1166 472; baseline -0.016 -9"><span class='ocrx_word' id='word_1_10' title='bbox 176 401 268 463; x_wconf 85' lang='lat' dir='ltr'>fldem</span> <span class='ocrx_word' id='word_1_11' title='bbox 284 399 381 461; x_wconf 88' lang='lat' dir='ltr'>cuivis</span> <span class='ocrx_word' id='word_1_12' title='bbox 396 398 499 458; x_wconf 85' lang='lat' dir='ltr'>lacere</span> <span class='ocrx_word' id='word_1_13' title='bbox 513 404 625 472; x_wconf 77' lang='lat' dir='ltr'>potest,</span> <span class='ocrx_word' id='word_1_14' title='bbox 640 392 713 453; x_wconf 91' lang='lat' dir='ltr'>mibi</span> <span class='ocrx_word' id='word_1_15' title='bbox 729 393 790 454; x_wconf 89' lang='lat' dir='ltr'>boo</span> <span class='ocrx_word' id='word_1_16' title='bbox 802 390 982 466; x_wconf 86' lang='lat' dir='ltr'>imperium,</span> <span class='ocrx_word' id='word_1_17' title='bbox 1000 394 1036 450; x_wconf 90' lang='lat' dir='ltr'>ut</span> <span class='ocrx_word' id='word_1_18' title='bbox 1047 391 1166 464; x_wconf 85' lang='lat' dir='ltr'>amptum</span> 
     </span>
    </p>

    <p class='ocr_par' dir='ltr' id='par_1_3' title="bbox 178 471 1193 1818">
     <span class='ocr_line' id='line_1_3' title="bbox 178 473 1167 554; baseline -0.013 -9"><span class='ocrx_word' id='word_1_19' title='bbox 178 484 291 546; x_wconf 89' lang='lat' dir='ltr'>iudicio</span> <span class='ocrx_word' id='word_1_20' title='bbox 311 489 430 552; x_wconf 88' lang='lat' dir='ltr'>vestro,</span> <span class='ocrx_word' id='word_1_21' title='bbox 452 481 493 540; x_wconf 91' lang='lat' dir='ltr'>ita</span> <span class='ocrx_word' id='word_1_22' title='bbox 511 479 630 554; x_wconf 90' lang='lat' dir='ltr'>reipsa</span> <span class='ocrx_word' id='word_1_23' title='bbox 644 491 741 553; x_wconf 76' lang='lat' dir='ltr'>gravo</span> <span class='ocrx_word' id='word_1_24' title='bbox 756 492 793 537; x_wconf 86' lang='lat' dir='ltr'>ac</span> <span class='ocrx_word' id='word_1_25' title='bbox 809 473 981 536; x_wconf 89' lang='lat' dir='ltr'>sollicitum</span> <span class='ocrx_word' id='word_1_26' title='bbox 1000 488 1087 534; x_wconf 90' lang='lat' dir='ltr'>esse.</span> <span class='ocrx_word' id='word_1_27' title='bbox 1118 489 1167 548; x_wconf 91' lang='lat' dir='ltr'>quo</span> 
     </span>
     <span class='ocr_line' id='line_1_4' title="bbox 178 557 1193 641; baseline -0.016 -12"><span class='ocrx_word' id='word_1_28' title='bbox 178 569 257 629; x_wconf 86' lang='lat' dir='ltr'>enim</span> <span class='ocrx_word' id='word_1_29' title='bbox 274 575 427 641; x_wconf 88' lang='lat' dir='ltr'>tempore,</span> <span class='ocrx_word' id='word_1_30' title='bbox 449 563 508 624; x_wconf 91' lang='lat' dir='ltr'>nisi</span> <span class='ocrx_word' id='word_1_31' title='bbox 523 568 623 624; x_wconf 87' lang='lat' dir='ltr'>metus</span> <span class='ocrx_word' id='word_1_32' title='bbox 638 575 812 622; x_wconf 86' lang='lat' dir='ltr'>maerorem</span> <span class='ocrx_word' id='word_1_33' title='bbox 829 559 1108 634; x_wconf 74' lang='lat' dir='ltr'>obstupefaceret,</span> <span class='ocrx_word' id='word_1_34' title='bbox 1128 557 1168 614; x_wconf 86' lang='lat' dir='ltr'>vix</span> <span class='ocrx_word' id='word_1_35' title='bbox 1192 579 1193 624; x_wconf 63' lang='grc' dir='ltr'>ι</span> 
     </span>
     <span class='ocr_line' id='line_1_5' title="bbox 179 641 1193 725; baseline -0.01 -14"><span class='ocrx_word' id='word_1_36' title='bbox 179 652 221 712; x_wconf 88' lang='lat' dir='ltr'>ita</span> <span class='ocrx_word' id='word_1_37' title='bbox 241 665 370 725; x_wconf 91' lang='lat' dir='ltr'>compos</span> <span class='ocrx_word' id='word_1_38' title='bbox 389 649 448 709; x_wconf 92' lang='lat' dir='ltr'>mei</span> <span class='ocrx_word' id='word_1_39' title='bbox 469 663 587 720; x_wconf 90' lang='lat' dir='ltr'>essem,</span> <span class='ocrx_word' id='word_1_40' title='bbox 607 652 641 707; x_wconf 90' lang='lat' dir='ltr'>ut</span> <span class='ocrx_word' id='word_1_41' title='bbox 661 646 766 722; x_wconf 90' lang='lat' dir='ltr'>aliqua</span> <span class='ocrx_word' id='word_1_42' title='bbox 786 643 900 706; x_wconf 89' lang='lat' dir='ltr'>solatia</span> <span class='ocrx_word' id='word_1_43' title='bbox 922 641 1073 704; x_wconf 88' lang='lat' dir='ltr'>invenire</span> <span class='ocrx_word' id='word_1_44' title='bbox 1089 656 1168 716; x_wconf 78' lang='lat' dir='ltr'>aegro</span> <span class='ocrx_word' id='word_1_45' title='bbox 1192 645 1193 711; x_wconf 81' lang='lat' dir='ltr'>l</span> 
     </span>
     <span class='ocr_line' id='line_1_6' title="bbox 180 723 1193 810; baseline -0.011 -15"><span class='ocrx_word' id='word_1_46' title='bbox 180 735 281 795; x_wconf 86' lang='lat' dir='ltr'>animo</span> <span class='ocrx_word' id='word_1_47' title='bbox 295 747 432 810; x_wconf 87' lang='lat' dir='ltr'>possem,</span> <span class='ocrx_word' id='word_1_48' title='bbox 448 746 545 808; x_wconf 79' lang='lat' dir='ltr'>cogor</span> <span class='ocrx_word' id='word_1_49' title='bbox 561 737 696 791; x_wconf 89' lang='lat' dir='ltr'>vestram</span> <span class='ocrx_word' id='word_1_50' title='bbox 710 728 849 796; x_wconf 86' lang='lat' dir='ltr'>omnium</span> <span class='ocrx_word' id='word_1_51' title='bbox 863 727 979 803; x_wconf 88' lang='lat' dir='ltr'>vicem,</span> <span class='ocrx_word' id='word_1_52' title='bbox 999 725 1089 803; x_wconf 91' lang='lat' dir='ltr'>quod</span> <span class='ocrx_word' id='word_1_53' title='bbox 1105 724 1169 786; x_wconf 89' lang='lat' dir='ltr'>dili·</span> <span class='ocrx_word' id='word_1_54' title='bbox 1192 723 1193 792; x_wconf 84' lang='lat' dir='ltr'>l</span> 
     </span>
     <span class='ocr_line' id='line_1_7' title="bbox 180 809 1168 892; baseline -0.012 -13"><span class='ocrx_word' id='word_1_55' title='bbox 180 818 324 879; x_wconf 89' lang='lat' dir='ltr'>eillimum</span> <span class='ocrx_word' id='word_1_56' title='bbox 341 818 372 878; x_wconf 92' lang='lat' dir='ltr'>in</span> <span class='ocrx_word' id='word_1_57' title='bbox 387 819 469 877; x_wconf 88' lang='lat' dir='ltr'>luctu</span> <span class='ocrx_word' id='word_1_58' title='bbox 482 821 539 892; x_wconf 79' lang='lat' dir='ltr'>est,</span> <span class='ocrx_word' id='word_1_59' title='bbox 555 831 635 877; x_wconf 90' lang='lat' dir='ltr'>unus</span> <span class='ocrx_word' id='word_1_60' title='bbox 652 815 827 875; x_wconf 74' lang='lat' dir='ltr'>considere.</span> <span class='ocrx_word' id='word_1_61' title='bbox 859 818 891 873; x_wconf 92' lang='lat' dir='ltr'>et</span> <span class='ocrx_word' id='word_1_62' title='bbox 905 827 945 874; x_wconf 88' lang='lat' dir='ltr'>ne</span> <span class='ocrx_word' id='word_1_63' title='bbox 960 818 1032 872; x_wconf 90' lang='lat' dir='ltr'>tum</span> <span class='ocrx_word' id='word_1_64' title='bbox 1050 809 1168 888; x_wconf 86' lang='lat' dir='ltr'>quidem,</span> 
     </span>
     <span class='ocr_line' id='line_1_8' title="bbox 180 895 1193 977; baseline -0.01 -15"><span class='ocrx_word' id='word_1_65' title='bbox 180 901 247 976; x_wconf 85' lang='lat' dir='ltr'>ubi,</span> <span class='ocrx_word' id='word_1_66' title='bbox 277 917 411 977; x_wconf 88' lang='lat' dir='ltr'>quonam</span> <span class='ocrx_word' id='word_1_67' title='bbox 438 900 530 961; x_wconf 88' lang='lat' dir='ltr'>modo</span> <span class='ocrx_word' id='word_1_68' title='bbox 559 899 616 960; x_wconf 85' lang='lat' dir='ltr'>has</span> <span class='ocrx_word' id='word_1_69' title='bbox 643 898 793 974; x_wconf 79' lang='lat' dir='ltr'>reliquias</span> <span class='ocrx_word' id='word_1_70' title='bbox 823 899 956 959; x_wconf 88' lang='lat' dir='ltr'>duorum</span> <span class='ocrx_word' id='word_1_71' title='bbox 988 895 1169 956; x_wconf 87' lang='lat' dir='ltr'>exercituum</span> <span class='ocrx_word' id='word_1_72' title='bbox 1192 951 1193 968; x_wconf 27' lang='lat' dir='ltr'>q</span> 
     </span>
     <span class='ocr_line' id='line_1_9' title="bbox 181 971 1193 1061; baseline -0.011 -14"><span class='ocrx_word' id='word_1_73' title='bbox 181 985 298 1061; x_wconf 79' lang='lat' dir='ltr'>patriae</span> <span class='ocrx_word' id='word_1_74' title='bbox 313 999 499 1047; x_wconf 80' lang='lat' dir='ltr'>conservare</span> <span class='ocrx_word' id='word_1_75' title='bbox 515 999 650 1060; x_wconf 90' lang='lat' dir='ltr'>possem,</span> <span class='ocrx_word' id='word_1_76' title='bbox 668 982 868 1059; x_wconf 83' lang='lat' dir='ltr'>cogitandum</span> <span class='ocrx_word' id='word_1_77' title='bbox 881 990 939 1056; x_wconf 82' lang='lat' dir='ltr'>est,</span> <span class='ocrx_word' id='word_1_78' title='bbox 957 978 1169 1042; x_wconf 89' lang='lat' dir='ltr'>avertereani-</span> <span class='ocrx_word' id='word_1_79' title='bbox 1192 971 1193 1056; x_wconf 54' lang='lat' dir='ltr'>l</span> 
     </span>
     <span class='ocr_line' id='line_1_10' title="bbox 180 1057 1193 1148; baseline -0.006 -20"><span class='ocrx_word' id='word_1_80' title='bbox 180 1085 262 1129; x_wconf 93' lang='lat' dir='ltr'>mum</span> <span class='ocrx_word' id='word_1_81' title='bbox 285 1069 323 1130; x_wconf 90' lang='lat' dir='ltr'>ab</span> <span class='ocrx_word' id='word_1_82' title='bbox 344 1069 475 1130; x_wconf 88' lang='lat' dir='ltr'>adsiduo</span> <span class='ocrx_word' id='word_1_83' title='bbox 491 1082 629 1129; x_wconf 86' lang='lat' dir='ltr'>maerore</span> <span class='ocrx_word' id='word_1_84' title='bbox 644 1067 725 1128; x_wconf 88' lang='lat' dir='ltr'>libet.</span> <span class='ocrx_word' id='word_1_85' title='bbox 756 1074 885 1143; x_wconf 90' lang='lat' dir='ltr'>praesto</span> <span class='ocrx_word' id='word_1_86' title='bbox 900 1072 950 1128; x_wconf 87' lang='lat' dir='ltr'>est</span> <span class='ocrx_word' id='word_1_87' title='bbox 966 1065 1059 1148; x_wconf 32' lang='lat' dir='ltr'>enim,</span> <span class='ocrx_word' id='word_1_88' title='bbox 1072 1062 1169 1124; x_wconf 86' lang='lat' dir='ltr'>acerba</span> <span class='ocrx_word' id='word_1_89' title='bbox 1192 1057 1193 1122; x_wconf 62' lang='grc'>1</span> 
     </span>
     <span class='ocr_line' id='line_1_11' title="bbox 181 1147 1193 1230; baseline -0.01 -18"><span class='ocrx_word' id='word_1_90' title='bbox 181 1155 342 1226; x_wconf 87' lang='lat' dir='ltr'>memoria,</span> <span class='ocrx_word' id='word_1_91' title='bbox 359 1161 389 1215; x_wconf 90' lang='lat' dir='ltr'>ct</span> <span class='ocrx_word' id='word_1_92' title='bbox 403 1151 565 1230; x_wconf 79' lang='lat' dir='ltr'><strong>Scipiones</strong></span> <span class='ocrx_word' id='word_1_93' title='bbox 581 1167 630 1212; x_wconf 91' lang='lat' dir='ltr'>mo</span> <span class='ocrx_word' id='word_1_94' title='bbox 644 1152 736 1214; x_wconf 90' lang='lat' dir='ltr'>ambo</span> <span class='ocrx_word' id='word_1_95' title='bbox 753 1152 821 1212; x_wconf 89' lang='lat' dir='ltr'>dies</span> <span class='ocrx_word' id='word_1_96' title='bbox 837 1157 1021 1228; x_wconf 85' lang='lat' dir='ltr'>noctesque</span> <span class='ocrx_word' id='word_1_97' title='bbox 1038 1147 1122 1211; x_wconf 81' lang='lat' dir='ltr'>cuns</span> <span class='ocrx_word' id='word_1_98' title='bbox 1135 1147 1168 1204; x_wconf 91' lang='lat' dir='ltr'>in·</span> <span class='ocrx_word' id='word_1_99' title='bbox 1192 1147 1193 1203; x_wconf 81' lang='lat' dir='ltr'>l</span> 
     </span>
     <span class='ocr_line' id='line_1_12' title="bbox 181 1236 1193 1313; baseline -0.009 -15"><span class='ocrx_word' id='word_1_100' title='bbox 181 1237 373 1313; x_wconf 88' lang='lat' dir='ltr'>somniisque</span> <span class='ocrx_word' id='word_1_101' title='bbox 388 1237 511 1313; x_wconf 81' lang='lat' dir='ltr'>agitant,</span> <span class='ocrx_word' id='word_1_102' title='bbox 530 1242 560 1297; x_wconf 92' lang='lat' dir='ltr'>et</span> <span class='ocrx_word' id='word_1_103' title='bbox 573 1236 708 1296; x_wconf 83' lang='lat' dir='ltr'>excitant</span> <span class='ocrx_word' id='word_1_104' title='bbox 723 1250 821 1312; x_wconf 82' lang='lat' dir='ltr'>saepe</span> <span class='ocrx_word' id='word_1_105' title='bbox 837 1250 960 1310; x_wconf 86' lang='lat' dir='ltr'>somno,</span> <span class='ocrx_word' id='word_1_106' title='bbox 979 1250 1047 1295; x_wconf 91' lang='lat' dir='ltr'>neu</span> <span class='ocrx_word' id='word_1_107' title='bbox 1062 1247 1106 1305; x_wconf 89' lang='lat' dir='ltr'>sc,</span> <span class='ocrx_word' id='word_1_108' title='bbox 1122 1245 1169 1290; x_wconf 86' lang='lat' dir='ltr'>neu</span> <span class='ocrx_word' id='word_1_109' title='bbox 1192 1247 1193 1312; x_wconf 57' lang='grc' dir='ltr'>ι</span> 
     </span>
     <span class='ocr_line' id='line_1_13' title="bbox 181 1313 1193 1400; baseline -0.005 -19"><span class='ocrx_word' id='word_1_110' title='bbox 181 1321 312 1383; x_wconf 84' lang='lat' dir='ltr'>invictos</span> <span class='ocrx_word' id='word_1_111' title='bbox 328 1338 384 1400; x_wconf 91' lang='lat' dir='ltr'>per</span> <span class='ocrx_word' id='word_1_112' title='bbox 399 1331 468 1386; x_wconf 89' lang='lat' dir='ltr'>octo</span> <span class='ocrx_word' id='word_1_113' title='bbox 484 1336 583 1381; x_wconf 88' lang='lat' dir='ltr'>annos</span> <span class='ocrx_word' id='word_1_114' title='bbox 598 1319 629 1380; x_wconf 92' lang='lat' dir='ltr'>in</span> <span class='ocrx_word' id='word_1_115' title='bbox 643 1319 692 1380; x_wconf 92' lang='lat' dir='ltr'>bis</span> <span class='ocrx_word' id='word_1_116' title='bbox 710 1320 801 1382; x_wconf 82' lang='lat' dir='ltr'>terris</span> <span class='ocrx_word' id='word_1_117' title='bbox 816 1319 930 1380; x_wconf 87' lang='lat' dir='ltr'>milites</span> <span class='ocrx_word' id='word_1_118' title='bbox 946 1335 1042 1394; x_wconf 89' lang='lat' dir='ltr'>suos,</span> <span class='ocrx_word' id='word_1_119' title='bbox 1059 1315 1169 1378; x_wconf 89' lang='lat' dir='ltr'>commi·</span> <span class='ocrx_word' id='word_1_120' title='bbox 1192 1313 1193 1376; x_wconf 70' lang='lat' dir='ltr'>f</span> 
     </span>
     <span class='ocr_line' id='line_1_14' title="bbox 181 1403 1168 1480; baseline -0.009 -15"><span class='ocrx_word' id='word_1_121' title='bbox 181 1407 293 1467; x_wconf 88' lang='lat' dir='ltr'>litones</span> <span class='ocrx_word' id='word_1_122' title='bbox 307 1413 439 1480; x_wconf 86' lang='lat' dir='ltr'>uestros,</span> <span class='ocrx_word' id='word_1_123' title='bbox 454 1421 515 1467; x_wconf 91' lang='lat' dir='ltr'>neu</span> <span class='ocrx_word' id='word_1_124' title='bbox 529 1419 593 1464; x_wconf 88' lang='lat' dir='ltr'>rem</span> <span class='ocrx_word' id='word_1_125' title='bbox 609 1404 763 1480; x_wconf 87' lang='lat' dir='ltr'>publicam</span> <span class='ocrx_word' id='word_1_126' title='bbox 776 1404 877 1480; x_wconf 88' lang='lat' dir='ltr'>patiar</span> <span class='ocrx_word' id='word_1_127' title='bbox 892 1403 1037 1478; x_wconf 87' lang='lat' dir='ltr'>inultam,</span> <span class='ocrx_word' id='word_1_128' title='bbox 1054 1410 1085 1463; x_wconf 91' lang='lat' dir='ltr'>et</span> <span class='ocrx_word' id='word_1_129' title='bbox 1097 1415 1168 1460; x_wconf 89' lang='lat' dir='ltr'>suan</span> 
     </span>
     <span class='ocr_line' id='line_1_15' title="bbox 181 1483 1167 1564; baseline -0.008 -16"><span class='ocrx_word' id='word_1_130' title='bbox 181 1489 375 1564; x_wconf 82' lang='lat' dir='ltr'>disciplinam</span> <span class='ocrx_word' id='word_1_131' title='bbox 399 1504 519 1563; x_wconf 89' lang='lat' dir='ltr'>suaque</span> <span class='ocrx_word' id='word_1_132' title='bbox 539 1489 675 1550; x_wconf 88' lang='lat' dir='ltr'>instituta</span> <span class='ocrx_word' id='word_1_133' title='bbox 696 1489 786 1564; x_wconf 88' lang='lat' dir='ltr'>sequi</span> <span class='ocrx_word' id='word_1_134' title='bbox 803 1486 924 1562; x_wconf 89' lang='lat' dir='ltr'>iubent,</span> <span class='ocrx_word' id='word_1_135' title='bbox 946 1496 979 1550; x_wconf 90' lang='lat' dir='ltr'>et</span> <span class='ocrx_word' id='word_1_136' title='bbox 993 1495 1031 1549; x_wconf 87' lang='lat' dir='ltr'>ut</span> <span class='ocrx_word' id='word_1_137' title='bbox 1045 1483 1167 1561; x_wconf 88' lang='lat' dir='ltr'>imperiis</span> 
     </span>
     <span class='ocr_line' id='line_1_16' title="bbox 185 1571 1193 1648; baseline 0.002 -18"><span class='ocrx_word' id='word_1_138' title='bbox 185 1573 323 1632; x_wconf 82' lang='lat' dir='ltr'>vivorum</span> <span class='ocrx_word' id='word_1_139' title='bbox 338 1589 427 1633; x_wconf 93' lang='lat' dir='ltr'>nemo</span> <span class='ocrx_word' id='word_1_140' title='bbox 443 1571 635 1634; x_wconf 84' lang='lat' dir='ltr'>obedientior</span> <span class='ocrx_word' id='word_1_141' title='bbox 648 1588 698 1633; x_wconf 93' lang='lat' dir='ltr'>me</span> <span class='ocrx_word' id='word_1_142' title='bbox 711 1588 775 1633; x_wconf 94' lang='lat' dir='ltr'>uno</span> <span class='ocrx_word' id='word_1_143' title='bbox 791 1573 890 1648; x_wconf 77' lang='lat' dir='ltr'>luerit,</span> <span class='ocrx_word' id='word_1_144' title='bbox 906 1573 949 1633; x_wconf 86' lang='lat' dir='ltr'>ita</span> <span class='ocrx_word' id='word_1_145' title='bbox 965 1576 1168 1648; x_wconf 87' lang='lat' dir='ltr'>postmortem</span> <span class='ocrx_word' id='word_1_146' title='bbox 1192 1577 1193 1632; x_wconf 89' lang='lat' dir='ltr'>l</span> 
     </span>
     <span class='ocr_line' id='line_1_17' title="bbox 186 1653 1167 1732; baseline -0.007 -17"><span class='ocrx_word' id='word_1_147' title='bbox 186 1671 289 1726; x_wconf 89' lang='lat' dir='ltr'>suam,</span> <span class='ocrx_word' id='word_1_148' title='bbox 317 1655 451 1732; x_wconf 88' lang='lat' dir='ltr'>quadiu</span> <span class='ocrx_word' id='word_1_149' title='bbox 474 1671 653 1732; x_wconf 85' lang='lat' dir='ltr'>quoquere</span> <span class='ocrx_word' id='word_1_150' title='bbox 674 1658 811 1718; x_wconf 87' lang='lat' dir='ltr'>tacturos</span> <span class='ocrx_word' id='word_1_151' title='bbox 833 1657 903 1718; x_wconf 93' lang='lat' dir='ltr'>illos</span> <span class='ocrx_word' id='word_1_152' title='bbox 926 1658 1030 1718; x_wconf 88' lang='lat' dir='ltr'>luisse</span> <span class='ocrx_word' id='word_1_153' title='bbox 1051 1653 1167 1714; x_wconf 85' lang='lat' dir='ltr'>maxime</span> 
     </span>
     <span class='ocr_line' id='line_1_18' title="bbox 186 1737 1167 1818; baseline -0.007 -18"><span class='ocrx_word' id='word_1_154' title='bbox 186 1752 344 1816; x_wconf 88' lang='lat' dir='ltr'>censeam,</span> <span class='ocrx_word' id='word_1_155' title='bbox 366 1740 398 1799; x_wconf 91' lang='lat' dir='ltr'>id</span> <span class='ocrx_word' id='word_1_156' title='bbox 414 1740 559 1817; x_wconf 89' lang='lat' dir='ltr'>optimum</span> <span class='ocrx_word' id='word_1_157' title='bbox 575 1741 696 1801; x_wconf 89' lang='lat' dir='ltr'>ducere.</span> <span class='ocrx_word' id='word_1_158' title='bbox 720 1758 779 1802; x_wconf 93' lang='lat' dir='ltr'>vos</span> <span class='ocrx_word' id='word_1_159' title='bbox 796 1757 924 1818; x_wconf 90' lang='lat' dir='ltr'>quoque</span> <span class='ocrx_word' id='word_1_160' title='bbox 939 1743 1046 1817; x_wconf 89' lang='lat' dir='ltr'>velim,</span> <span class='ocrx_word' id='word_1_161' title='bbox 1063 1737 1167 1805; x_wconf 77' lang='lat' dir='ltr'>milites,</span> 
     </span>
    </p>

    <p class='ocr_par' dir='ltr' id='par_1_4' title="bbox 186 1821 1193 2834">
     <span class='ocr_line' id='line_1_19' title="bbox 187 1821 1193 1917; baseline -0.001 -34"><span class='ocrx_word' id='word_1_162' title='bbox 187 1837 248 1883; x_wconf 92' lang='lat' dir='ltr'>non</span> <span class='ocrx_word' id='word_1_163' title='bbox 263 1823 401 1885; x_wconf 88' lang='lat' dir='ltr'>lamentis</span> <span class='ocrx_word' id='word_1_164' title='bbox 412 1825 608 1900; x_wconf 86' lang='lat' dir='ltr'>lacrimisque</span> <span class='ocrx_word' id='word_1_165' title='bbox 618 1833 775 1902; x_wconf 86' lang='lat' dir='ltr'>tamquam</span> <span class='ocrx_word' id='word_1_166' title='bbox 787 1826 961 1887; x_wconf 89' lang='lat' dir='ltr'>exstinctos</span> <span class='ocrx_word' id='word_1_167' title='bbox 974 1821 1166 1903; x_wconf 90' lang='lat' dir='ltr'>prosequl—</span> <span class='ocrx_word' id='word_1_168' title='bbox 1192 1829 1193 1917; x_wconf 62' lang='lat' dir='ltr'>l</span> 
     </span>
     <span class='ocr_line' id='line_1_20' title="bbox 186 1906 1193 1990; baseline -0.003 -22"><span class='ocrx_word' id='word_1_169' title='bbox 186 1907 294 1968; x_wconf 86' lang='lat' dir='ltr'>vivunt</span> <span class='ocrx_word' id='word_1_170' title='bbox 313 1908 476 1986; x_wconf 84' lang='lat' dir='ltr'>vigentque</span> <span class='ocrx_word' id='word_1_171' title='bbox 496 1910 577 1970; x_wconf 85' lang='lat' dir='ltr'>lama</span> <span class='ocrx_word' id='word_1_172' title='bbox 596 1917 871 1986; x_wconf 80' lang='lat' dir='ltr'>rerumgestarum</span> <span class='ocrx_word' id='word_1_173' title='bbox 886 1943 930 1954; x_wconf 92' lang='lat'><em>-</em></span> <span class='ocrx_word' id='word_1_174' title='bbox 945 1911 1005 1971; x_wconf 90' lang='lat' dir='ltr'>sed</span> <span class='ocrx_word' id='word_1_175' title='bbox 1024 1906 1167 1987; x_wconf 87' lang='lat' dir='ltr'>quotiens·</span> <span class='ocrx_word' id='word_1_176' title='bbox 1192 1919 1193 1990; x_wconf 72' lang='lat' dir='ltr'>l</span> 
     </span>
     <span class='ocr_line' id='line_1_21' title="bbox 188 1993 1193 2069; baseline -0.006 -16"><span class='ocrx_word' id='word_1_177' title='bbox 188 2007 321 2068; x_wconf 89' lang='lat' dir='ltr'>cumque</span> <span class='ocrx_word' id='word_1_178' title='bbox 342 2000 484 2055; x_wconf 88' lang='lat' dir='ltr'>occurret</span> <span class='ocrx_word' id='word_1_179' title='bbox 503 1993 651 2054; x_wconf 88' lang='lat' dir='ltr'>memoria</span> <span class='ocrx_word' id='word_1_180' title='bbox 671 1994 808 2069; x_wconf 89' lang='lat' dir='ltr'>illorum,</span> <span class='ocrx_word' id='word_1_181' title='bbox 830 1995 915 2054; x_wconf 87' lang='lat' dir='ltr'>velut</span> <span class='ocrx_word' id='word_1_182' title='bbox 934 1995 961 2055; x_wconf 93' lang='lat' dir='ltr'>si</span> <span class='ocrx_word' id='word_1_183' title='bbox 977 1995 1167 2055; x_wconf 80' lang='lat' dir='ltr'>adhortantes</span> <span class='ocrx_word' id='word_1_184' title='bbox 1192 2013 1193 2066; x_wconf 66' lang='lat' dir='ltr'>q</span> 
     </span>
     <span class='ocr_line' id='line_1_22' title="bbox 189 2071 1193 2154; baseline -0.011 -16"><span class='ocrx_word' id='word_1_185' title='bbox 189 2077 370 2154; x_wconf 83' lang='lat' dir='ltr'>signumque</span> <span class='ocrx_word' id='word_1_186' title='bbox 385 2077 493 2138; x_wconf 89' lang='lat' dir='ltr'>dantes</span> <span class='ocrx_word' id='word_1_187' title='bbox 508 2077 639 2138; x_wconf 88' lang='lat' dir='ltr'>videatis</span> <span class='ocrx_word' id='word_1_188' title='bbox 654 2093 720 2151; x_wconf 89' lang='lat' dir='ltr'>eos,</span> <span class='ocrx_word' id='word_1_189' title='bbox 736 2078 778 2138; x_wconf 88' lang='lat' dir='ltr'>ita</span> <span class='ocrx_word' id='word_1_190' title='bbox 792 2079 914 2154; x_wconf 86' lang='lat' dir='ltr'>proelia</span> <span class='ocrx_word' id='word_1_191' title='bbox 927 2077 1017 2139; x_wconf 90' lang='lat' dir='ltr'>inire.</span> <span class='ocrx_word' id='word_1_192' title='bbox 1047 2093 1105 2138; x_wconf 90' lang='lat' dir='ltr'>neo</span> <span class='ocrx_word' id='word_1_193' title='bbox 1119 2071 1164 2132; x_wconf 86' lang='lat' dir='ltr'>alia</span> <span class='ocrx_word' id='word_1_194' title='bbox 1192 2081 1193 2136; x_wconf 66' lang='lat'>3</span> 
     </span>
     <span class='ocr_line' id='line_1_23' title="bbox 191 2161 1166 2238; baseline -0.001 -18"><span class='ocrx_word' id='word_1_195' title='bbox 191 2161 326 2238; x_wconf 89' lang='lat' dir='ltr'>prolecto</span> <span class='ocrx_word' id='word_1_196' title='bbox 349 2162 475 2238; x_wconf 88' lang='lat' dir='ltr'>species</span> <span class='ocrx_word' id='word_1_197' title='bbox 500 2162 645 2224; x_wconf 88' lang='lat' dir='ltr'>hesterno</span> <span class='ocrx_word' id='word_1_198' title='bbox 672 2163 722 2223; x_wconf 90' lang='lat' dir='ltr'>die</span> <span class='ocrx_word' id='word_1_199' title='bbox 748 2161 852 2223; x_wconf 89' lang='lat' dir='ltr'>oblata</span> <span class='ocrx_word' id='word_1_200' title='bbox 878 2162 978 2226; x_wconf 89' lang='lat' dir='ltr'>oculis</span> <span class='ocrx_word' id='word_1_201' title='bbox 1005 2161 1166 2231; x_wconf 74' lang='lat' dir='ltr'>animisque</span> 
     </span>
     <span class='ocr_line' id='line_1_24' title="bbox 187 2241 1193 2323; baseline -0.005 -19"><span class='ocrx_word' id='word_1_202' title='bbox 187 2245 300 2306; x_wconf 81' lang='lat' dir='ltr'>uestris</span> <span class='ocrx_word' id='word_1_203' title='bbox 320 2245 518 2308; x_wconf 85' lang='lat' dir='ltr'>memorabile</span> <span class='ocrx_word' id='word_1_204' title='bbox 538 2246 613 2306; x_wconf 90' lang='lat' dir='ltr'>illud</span> <span class='ocrx_word' id='word_1_205' title='bbox 627 2247 724 2308; x_wconf 89' lang='lat' dir='ltr'>edidit</span> <span class='ocrx_word' id='word_1_206' title='bbox 738 2246 907 2322; x_wconf 90' lang='lat' dir='ltr'>proelium,</span> <span class='ocrx_word' id='word_1_207' title='bbox 929 2263 992 2323; x_wconf 92' lang='lat' dir='ltr'>quo</span> <span class='ocrx_word' id='word_1_208' title='bbox 1010 2249 1164 2308; x_wconf 83' lang='lat' dir='ltr'>documen·</span> <span class='ocrx_word' id='word_1_209' title='bbox 1192 2241 1193 2316; x_wconf 75' lang='lat' dir='ltr'>l</span> 
     </span>
     <span class='ocr_line' id='line_1_25' title="bbox 186 2319 1193 2407; baseline -0.006 -17"><span class='ocrx_word' id='word_1_210' title='bbox 186 2339 252 2390; x_wconf 88' lang='lat' dir='ltr'>tum</span> <span class='ocrx_word' id='word_1_211' title='bbox 278 2329 407 2391; x_wconf 89' lang='lat' dir='ltr'>dedistis</span> <span class='ocrx_word' id='word_1_212' title='bbox 432 2329 572 2392; x_wconf 84' lang='lat' dir='ltr'>hostibus</span> <span class='ocrx_word' id='word_1_213' title='bbox 598 2347 661 2392; x_wconf 92' lang='lat' dir='ltr'>non</span> <span class='ocrx_word' id='word_1_214' title='bbox 681 2346 749 2391; x_wconf 89' lang='lat' dir='ltr'>cum</span> <span class='ocrx_word' id='word_1_215' title='bbox 772 2329 971 2407; x_wconf 88' lang='lat' dir='ltr'>Scipionibus</span> <span class='ocrx_word' id='word_1_216' title='bbox 993 2331 1166 2392; x_wconf 85' lang='lat' dir='ltr'>exstinctum</span> <span class='ocrx_word' id='word_1_217' title='bbox 1192 2319 1193 2372; x_wconf 72' lang='grc'>1</span> 
     </span>
     <span class='ocr_line' id='line_1_26' title="bbox 191 2412 1193 2492; baseline -0.01 -19"><span class='ocrx_word' id='word_1_218' title='bbox 191 2427 262 2473; x_wconf 90' lang='lat' dir='ltr'>esse</span> <span class='ocrx_word' id='word_1_219' title='bbox 276 2429 387 2474; x_wconf 89' lang='lat' dir='ltr'>nomeu</span> <span class='ocrx_word' id='word_1_220' title='bbox 408 2415 594 2490; x_wconf 82' lang='lat' dir='ltr'>Romanum,</span> <span class='ocrx_word' id='word_1_221' title='bbox 619 2423 650 2478; x_wconf 91' lang='lat' dir='ltr'>et</span> <span class='ocrx_word' id='word_1_222' title='bbox 669 2416 757 2477; x_wconf 88' lang='lat' dir='ltr'>cuius</span> <span class='ocrx_word' id='word_1_223' title='bbox 772 2416 881 2492; x_wconf 90' lang='lat' dir='ltr'>populi</span> <span class='ocrx_word' id='word_1_224' title='bbox 903 2415 951 2477; x_wconf 88' lang='lat' dir='ltr'>vis</span> <span class='ocrx_word' id='word_1_225' title='bbox 969 2421 1066 2492; x_wconf 89' lang='lat' dir='ltr'>atque</span> <span class='ocrx_word' id='word_1_226' title='bbox 1086 2412 1166 2472; x_wconf 76' lang='lat' dir='ltr'>sinus</span> <span class='ocrx_word' id='word_1_227' title='bbox 1192 2419 1193 2488; x_wconf 69' lang='lat' dir='ltr'>l</span> 
     </span>
     <span class='ocr_line' id='line_1_27' title="bbox 193 2489 1193 2576; baseline -0.01 -21"><span class='ocrx_word' id='word_1_228' title='bbox 193 2511 251 2556; x_wconf 88' lang='lat' dir='ltr'>oon</span> <span class='ocrx_word' id='word_1_229' title='bbox 268 2497 377 2558; x_wconf 85' lang='lat' dir='ltr'>obruta</span> <span class='ocrx_word' id='word_1_230' title='bbox 397 2497 436 2557; x_wconf 90' lang='lat' dir='ltr'>sit</span> <span class='ocrx_word' id='word_1_231' title='bbox 451 2498 602 2558; x_wconf 87' lang='lat' dir='ltr'>Cannensi</span> <span class='ocrx_word' id='word_1_232' title='bbox 617 2499 719 2576; x_wconf 74' lang='lat' dir='ltr'>clade,</span> <span class='ocrx_word' id='word_1_233' title='bbox 741 2501 878 2561; x_wconf 88' lang='lat' dir='ltr'>exomni</span> <span class='ocrx_word' id='word_1_234' title='bbox 894 2500 1038 2576; x_wconf 87' lang='lat' dir='ltr'>prolecto</span> <span class='ocrx_word' id='word_1_235' title='bbox 1054 2491 1165 2562; x_wconf 79' lang='lat' dir='ltr'>sactitia</span> <span class='ocrx_word' id='word_1_236' title='bbox 1192 2489 1193 2546; x_wconf 75' lang='lat' dir='ltr'>t</span> 
     </span>
     <span class='ocr_line' id='line_1_28' title="bbox 190 2573 1193 2660; baseline -0.004 -22"><span class='ocrx_word' id='word_1_237' title='bbox 190 2581 332 2641; x_wconf 78' lang='lat' dir='ltr'>fortunae</span> <span class='ocrx_word' id='word_1_238' title='bbox 356 2595 543 2642; x_wconf 88' lang='lat' dir='ltr'>emersuram</span> <span class='ocrx_word' id='word_1_239' title='bbox 564 2597 645 2644; x_wconf 92' lang='lat' dir='ltr'>esse.</span> <span class='ocrx_word' id='word_1_240' title='bbox 682 2600 762 2645; x_wconf 91' lang='lat' dir='ltr'>nunc</span> <span class='ocrx_word' id='word_1_241' title='bbox 783 2583 856 2660; x_wconf 89' lang='lat' dir='ltr'>quia</span> <span class='ocrx_word' id='word_1_242' title='bbox 876 2591 993 2645; x_wconf 85' lang='lat' dir='ltr'>tantum</span> <span class='ocrx_word' id='word_1_243' title='bbox 1015 2583 1086 2646; x_wconf 86' lang='lat' dir='ltr'>ausi</span> <span class='ocrx_word' id='word_1_244' title='bbox 1106 2576 1166 2639; x_wconf 87' lang='lat' dir='ltr'>estis</span> <span class='ocrx_word' id='word_1_245' title='bbox 1192 2573 1193 2654; x_wconf 41' lang='lat' dir='ltr'><em>g</em></span> 
     </span>
     <span class='ocr_line' id='line_1_29' title="bbox 192 2655 1193 2745; baseline -0.001 -24"><span class='ocrx_word' id='word_1_246' title='bbox 192 2670 306 2736; x_wconf 90' lang='lat' dir='ltr'>sponte</span> <span class='ocrx_word' id='word_1_247' title='bbox 330 2671 447 2740; x_wconf 86' lang='lat' dir='ltr'>vestra,</span> <span class='ocrx_word' id='word_1_248' title='bbox 477 2666 611 2741; x_wconf 86' lang='lat' dir='ltr'>experiri</span> <span class='ocrx_word' id='word_1_249' title='bbox 640 2669 727 2742; x_wconf 91' lang='lat' dir='ltr'>libet,</span> <span class='ocrx_word' id='word_1_250' title='bbox 758 2677 906 2745; x_wconf 87' lang='lat' dir='ltr'>quantum</span> <span class='ocrx_word' id='word_1_251' title='bbox 932 2668 1077 2730; x_wconf 88' lang='lat' dir='ltr'>audeatis</span> <span class='ocrx_word' id='word_1_252' title='bbox 1101 2664 1166 2724; x_wconf 84' lang='lat' dir='ltr'>duce</span> <span class='ocrx_word' id='word_1_253' title='bbox 1192 2655 1193 2670; x_wconf 62' lang='lat'>¹</span> 
     </span>
     <span class='ocr_line' id='line_1_30' title="bbox 192 2752 1165 2834; baseline 0.005 -30"><span class='ocrx_word' id='word_1_254' title='bbox 192 2752 297 2807; x_wconf 78' lang='lat' dir='ltr'>uestro</span> <span class='ocrx_word' id='word_1_255' title='bbox 319 2757 452 2810; x_wconf 86' lang='lat' dir='ltr'>auctore.</span> <span class='ocrx_word' id='word_1_256' title='bbox 484 2767 545 2812; x_wconf 93' lang='lat' dir='ltr'>non</span> <span class='ocrx_word' id='word_1_257' title='bbox 566 2752 645 2813; x_wconf 89' lang='lat' dir='ltr'>enim</span> <span class='ocrx_word' id='word_1_258' title='bbox 659 2753 805 2815; x_wconf 88' lang='lat' dir='ltr'>hesterno</span> <span class='ocrx_word' id='word_1_259' title='bbox 821 2753 887 2825; x_wconf 84' lang='lat' dir='ltr'>die,</span> <span class='ocrx_word' id='word_1_260' title='bbox 910 2769 981 2814; x_wconf 90' lang='lat' dir='ltr'>oum</span> <span class='ocrx_word' id='word_1_261' title='bbox 996 2753 1117 2834; x_wconf 77' lang='lat' dir='ltr'>signum</span> <span class='ocrx_word' id='word_1_262' title='bbox 1129 2759 1165 2804; x_wconf 50' lang='lat' dir='ltr'>re*</span> 
     </span>
    </p>

    <p class='ocr_par' dir='ltr' id='par_1_5' title="bbox 194 2831 1193 3010">
     <span class='ocr_line' id='line_1_31' title="bbox 194 2831 1193 2913; baseline -0.001 -25"><span class='ocrx_word' id='word_1_263' title='bbox 194 2831 296 2904; x_wconf 91' lang='lat' dir='ltr'>ceptui</span> <span class='ocrx_word' id='word_1_264' title='bbox 321 2831 393 2893; x_wconf 90' lang='lat' dir='ltr'>dedi</span> <span class='ocrx_word' id='word_1_265' title='bbox 417 2837 618 2913; x_wconf 86' lang='lat' dir='ltr'>sequentibus</span> <span class='ocrx_word' id='word_1_266' title='bbox 644 2835 743 2899; x_wconf 87' lang='lat' dir='ltr'>elluse</span> <span class='ocrx_word' id='word_1_267' title='bbox 765 2837 853 2899; x_wconf 90' lang='lat' dir='ltr'>vobis</span> <span class='ocrx_word' id='word_1_268' title='bbox 873 2838 1029 2899; x_wconf 89' lang='lat' dir='ltr'>turbatum</span> <span class='ocrx_word' id='word_1_269' title='bbox 1051 2837 1165 2898; x_wconf 87' lang='lat' dir='ltr'>hostem,</span> <span class='ocrx_word' id='word_1_270' title='bbox 1192 2837 1193 2882; x_wconf 74' lang='lat'>1</span> 
     </span>
     <span class='ocr_line' id='line_1_32' title="bbox 194 2915 1165 3010; baseline 0.007 -37"><span class='ocrx_word' id='word_1_271' title='bbox 194 2915 336 3010; x_wconf 74' lang='lat' dir='ltr'>frangere</span> <span class='ocrx_word' id='word_1_272' title='bbox 350 2918 509 2982; x_wconf 86' lang='lat' dir='ltr'>audacium</span> <span class='ocrx_word' id='word_1_273' title='bbox 523 2929 672 2998; x_wconf 67' lang='lat' dir='ltr'>vestram</span> <span class='ocrx_word' id='word_1_274' title='bbox 694 2922 751 2982; x_wconf 90' lang='lat' dir='ltr'>sed</span> <span class='ocrx_word' id='word_1_275' title='bbox 767 2921 893 2982; x_wconf 89' lang='lat' dir='ltr'>dillcrre</span> <span class='ocrx_word' id='word_1_276' title='bbox 906 2922 938 2983; x_wconf 91' lang='lat' dir='ltr'>in</span> <span class='ocrx_word' id='word_1_277' title='bbox 952 2921 1101 2983; x_wconf 90' lang='lat' dir='ltr'>maiorem</span> <span class='ocrx_word' id='word_1_278' title='bbox 1113 2915 1165 2992; x_wconf 81' lang='lat' dir='ltr'>glo·</span> 
     </span>
    </p>

    <p class='ocr_par' dir='ltr' id='par_1_6' title="bbox 195 2992 1193 3340">
     <span class='ocr_line' id='line_1_33' title="bbox 195 2992 1193 3094; baseline -0.025 -18"><span class='ocrx_word' id='word_1_279' title='bbox 195 3005 375 3094; x_wconf 73' lang='lat' dir='ltr'>memetque</span> <span class='ocrx_word' id='word_1_280' title='bbox 392 3008 651 3080; x_wconf 86' lang='lat' dir='ltr'>opportunitatem</span> <span class='ocrx_word' id='word_1_281' title='bbox 663 3006 756 3082; x_wconf 82' lang='lat' dir='ltr'>volui,</span> <span class='ocrx_word' id='word_1_282' title='bbox 772 3013 807 3068; x_wconf 91' lang='lat' dir='ltr'>ut</span> <span class='ocrx_word' id='word_1_283' title='bbox 821 3005 989 3082; x_wconf 88' lang='lat' dir='ltr'>postmodo</span> <span class='ocrx_word' id='word_1_284' title='bbox 1003 2992 1166 3082; x_wconf 86' lang='lat' dir='ltr'>praeparati</span> <span class='ocrx_word' id='word_1_285' title='bbox 1192 3051 1193 3076; x_wconf 28' lang='lat'>1</span> 
     </span>
     <span class='ocr_line' id='line_1_34' title="bbox 195 3084 1193 3168; baseline -0.012 -8"><span class='ocrx_word' id='word_1_286' title='bbox 195 3089 344 3158; x_wconf 69' lang='lat' dir='ltr'>¹¹¹⁰atll⁰⁸÷</span> <span class='ocrx_word' id='word_1_287' title='bbox 360 3091 467 3152; x_wconf 90' lang='lat' dir='ltr'>armati</span> <span class='ocrx_word' id='word_1_288' title='bbox 480 3093 611 3155; x_wconf 89' lang='lat' dir='ltr'>inermes</span> <span class='ocrx_word' id='word_1_289' title='bbox 626 3099 719 3168; x_wconf 89' lang='lat' dir='ltr'>atque</span> <span class='ocrx_word' id='word_1_290' title='bbox 733 3091 825 3153; x_wconf 90' lang='lat' dir='ltr'>otiam</span> <span class='ocrx_word' id='word_1_291' title='bbox 840 3091 960 3167; x_wconf 88' lang='lat' dir='ltr'>sopitos</span> <span class='ocrx_word' id='word_1_292' title='bbox 972 3105 1031 3166; x_wconf 88' lang='lat' dir='ltr'>per</span> <span class='ocrx_word' id='word_1_293' title='bbox 1042 3084 1165 3152; x_wconf 80' lang='lat' dir='ltr'>occasio·</span> <span class='ocrx_word' id='word_1_294' title='bbox 1192 3107 1193 3110; x_wconf 43' lang='lat'>¹</span> 
     </span>
     <span class='ocr_line' id='line_1_35' title="bbox 196 3169 1193 3250; baseline -0.01 -5"><span class='ocrx_word' id='word_1_295' title='bbox 196 3180 265 3226; x_wconf 73' lang='grc'>1111111</span> <span class='ocrx_word' id='word_1_296' title='bbox 280 3169 405 3244; x_wconf 80' lang='lat' dir='ltr'>adgredi</span> <span class='ocrx_word' id='word_1_297' title='bbox 419 3179 565 3248; x_wconf 82' lang='lat' dir='ltr'>possetis.</span> <span class='ocrx_word' id='word_1_298' title='bbox 587 3193 645 3240; x_wconf 92' lang='lat' dir='ltr'>nec</span> <span class='ocrx_word' id='word_1_299' title='bbox 656 3177 747 3238; x_wconf 91' lang='lat' dir='ltr'>huius</span> <span class='ocrx_word' id='word_1_300' title='bbox 760 3175 935 3238; x_wconf 87' lang='lat' dir='ltr'>occasionis</span> <span class='ocrx_word' id='word_1_301' title='bbox 947 3190 1046 3250; x_wconf 88' lang='lat' dir='ltr'>spem,</span> <span class='ocrx_word' id='word_1_302' title='bbox 1062 3171 1166 3235; x_wconf 80' lang='lat' dir='ltr'>milltes</span> <span class='ocrx_word' id='word_1_303' title='bbox 1192 3237 1193 3240; x_wconf 67' lang='grc'>,</span> 
     </span>
     <span class='ocr_line' id='line_1_36' title="bbox 196 3248 1164 3340; baseline -0.023 -9"><span class='ocrx_word' id='word_1_304' title='bbox 196 3248 274 3309; x_wconf 61' lang='grc'>10111</span> <span class='ocrx_word' id='word_1_305' title='bbox 294 3259 422 3329; x_wconf 60' lang='lat' dir='ltr'>temere,</span> <span class='ocrx_word' id='word_1_306' title='bbox 444 3264 503 3324; x_wconf 92' lang='lat' dir='ltr'>sed</span> <span class='ocrx_word' id='word_1_307' title='bbox 524 3279 565 3326; x_wconf 88' lang='lat' dir='ltr'>ex</span> <span class='ocrx_word' id='word_1_308' title='bbox 581 3262 703 3340; x_wconf 84' lang='lat' dir='ltr'>reipsa</span> <span class='ocrx_word' id='word_1_309' title='bbox 720 3266 901 3336; x_wconf 85' lang='lat' dir='ltr'>conceptam</span> <span class='ocrx_word' id='word_1_310' title='bbox 915 3258 1027 3320; x_wconf 90' lang='lat' dir='ltr'>babeo.</span> <span class='ocrx_word' id='word_1_311' title='bbox 1061 3248 1164 3319; x_wconf 83' lang='lat' dir='ltr'>anobis</span> 
     </span>
    </p>

    <p class='ocr_par' dir='ltr' id='par_1_7' title="bbox 196 3334 1165 3434">
     <span class='ocr_line' id='line_1_37' title="bbox 196 3334 1165 3434; baseline -0.009 -28"><span class='ocrx_word' id='word_1_312' title='bbox 196 3348 322 3430; x_wconf 83' lang='lat' dir='ltr'>quoque</span> <span class='ocrx_word' id='word_1_313' title='bbox 342 3337 483 3434; x_wconf 70' lang='lat' dir='ltr'>protecto</span> <span class='ocrx_word' id='word_1_314' title='bbox 505 3343 616 3428; x_wconf 80' lang='lat' dir='ltr'>si&#39;quis</span> <span class='ocrx_word' id='word_1_315' title='bbox 637 3354 779 3425; x_wconf 88' lang='lat' dir='ltr'>quaerat,</span> <span class='ocrx_word' id='word_1_316' title='bbox 802 3360 936 3420; x_wconf 87' lang='lat' dir='ltr'>quonam</span> <span class='ocrx_word' id='word_1_317' title='bbox 951 3342 1045 3407; x_wconf 87' lang='lat' dir='ltr'>modo</span> <span class='ocrx_word' id='word_1_318' title='bbox 1059 3334 1165 3420; x_wconf 78' lang='lat' dir='ltr'>paucio</span> 
     </span>
    </p>

    <p class='ocr_par' dir='ltr' id='par_1_8' title="bbox 198 3413 1164 3500">
     <span class='ocr_line' id='line_1_38' title="bbox 198 3413 1164 3500; baseline -0.012 -8"><span class='ocrx_word' id='word_1_319' title='bbox 198 3415 312 3491; x_wconf 76' lang='lat' dir='ltr'>murus,</span> <span class='ocrx_word' id='word_1_320' title='bbox 338 3417 409 3478; x_wconf 76' lang='lat' dir='ltr'>nen</span> <span class='ocrx_word' id='word_1_321' title='bbox 435 3433 638 3495; x_wconf 71' lang='lat' dir='ltr'>auctoribus</span> <span class='ocrx_word' id='word_1_322' title='bbox 664 3439 764 3492; x_wconf 75' lang='lat' dir='ltr'>casua</span> <span class='ocrx_word' id='word_1_323' title='bbox 787 3429 979 3500; x_wconf 70' lang='lat' dir='ltr'>cunctans,</span> <span class='ocrx_word' id='word_1_324' title='bbox 1006 3426 1080 3488; x_wconf 73' lang='lat' dir='ltr'>nino</span> <span class='ocrx_word' id='word_1_325' title='bbox 1098 3413 1164 3484; x_wconf 79' lang='lat' dir='ltr'>utut</span> 
     </span>
    </p>

    <p class='ocr_par' dir='ltr' id='par_1_9' title="bbox 197 3497 1163 3592">
     <span class='ocr_line' id='line_1_39' title="bbox 197 3497 1163 3592; baseline -0.003 -20"><span class='ocrx_word' id='word_1_326' title='bbox 197 3497 420 3572; x_wconf 62' lang='lat' dir='ltr'>&#39;&#39;⁸⁸⁸P0ndeb1ss,</span> <span class='ocrx_word' id='word_1_327' title='bbox 438 3526 536 3586; x_wconf 81' lang='lat' dir='ltr'>quam</span> <span class='ocrx_word' id='word_1_328' title='bbox 550 3517 697 3592; x_wconf 89' lang='lat' dir='ltr'>idipsum</span> <span class='ocrx_word' id='word_1_329' title='bbox 713 3514 853 3575; x_wconf 90' lang='lat' dir='ltr'>timentes</span> <span class='ocrx_word' id='word_1_330' title='bbox 870 3527 927 3572; x_wconf 91' lang='lat' dir='ltr'>vos</span> <span class='ocrx_word' id='word_1_331' title='bbox 944 3510 1049 3574; x_wconf 88' lang='lat' dir='ltr'>omnia</span> <span class='ocrx_word' id='word_1_332' title='bbox 1063 3520 1091 3571; x_wconf 93' lang='lat' dir='ltr'>et</span> <span class='ocrx_word' id='word_1_333' title='bbox 1105 3515 1163 3577; x_wconf 74' lang='lat' dir='ltr'>ppo</span> 
     </span>
    </p>
   </div>
   <div class='ocr_carea' id='block_1_3' title="bbox 0 0 1236 3892">
    <p class='ocr_par' dir='ltr' id='par_1_10' title="bbox 0 0 1236 3892">
     <span class='ocr_line' id='line_1_40' title="bbox 0 0 1236 3892; baseline 0 0"><span class='ocrx_word' id='word_1_334' title='bbox 0 0 1236 3892; x_wconf 95' lang='lat' dir='ltr'> </span> 
     </span>
    </p>
   </div>
  </div>
 </body>
</html>
