2428 3892
219 241 457 305 annosxvi.
478 244 561 306 cnr.
574 253 601 309 a.
617 252 643 309 ι.
665 253 703 322 [ι.
719 245 751 306 c.
765 251 829 324 ιιι]
954 243 1017 311 too

32 397 219 476 elephantos
231 397 295 473 igni
309 399 447 459 ecastris
461 405 599 460 exactos.
620 398 687 460 lloc
701 399 837 461 ultirtmm
847 435 891 446 —
900 407 1017 461 utemu-

35 499 95 559 que
105 481 215 542 initum
225 481 405 558 finitumque
416 489 587 544 est-ante
599 483 785 545 deditionem
794 485 917 561 capuae
927 500 1017 562 proe-

33 568 108 628 lium
129 566 195 627 fuit.
227 565 332 626 medix
351 568 478 642 tuticus,
500 569 552 642 qui
566 583 702 629 summus
717 568 912 644 magistratus
935 569 1018 646 apud

33 653 211 728 Campanos
232 658 295 723 est,
318 666 356 710 eo
376 666 457 712 anno
473 650 608 728 Seppius
623 653 754 714 Loesius
770 660 848 728 erat,
877 653 947 712 loco
962 652 1016 714 ob-

30 749 127 796 scuro
142 735 289 811 tenuique
302 735 424 796 fortuna
437 742 533 797 ortus.
564 744 690 797 matrem
704 737 770 797 eins
788 737 944 814 quondam
958 753 1016 812 pro

30 819 153 896 pupillo
169 833 208 879 eo
225 827 439 894 procurantem
453 819 601 880 familiare
615 826 783 896 ostentum,
806 837 874 881 cum
887 836 1016 896 respon·

31 904 134 965 disset
154 901 315 979 haruspex
336 919 488 965 summum
510 906 596 980 quod
615 913 699 967 esset
719 905 879 981 imperium
893 905 1017 981 Capuae

31 994 254 1064 perventurum
275 988 315 1048 ad
335 1003 406 1048 eum
426 1003 569 1064 pmmm,
591 988 666 1049 nihil
684 988 805 1049 adeam
821 1004 909 1066 spem
922 1003 1017 1064 agno-

33 1080 176 1133 scentem
189 1071 308 1132 dixisse
321 1071 422 1133 ferunt
436 1077 517 1132 “non
531 1079 564 1133 tu
578 1073 713 1148 perditas
728 1089 779 1133 res
795 1073 1018 1149 Campanorum

33 1171 158 1228 limnas,
181 1154 235 1215 ubi
255 1171 393 1218 summus
407 1156 508 1217 honos
523 1157 564 1216 ad
578 1157 673 1217 filium
693 1173 794 1218 meum
814 1156 1017 1233 pervenietl„

33 1257 70 1301 ea
83 1239 256 1301 ludificatio
272 1240 337 1300 veri
351 1247 382 1301 et
396 1241 465 1317 ipsa
478 1241 509 1302 in
522 1257 629 1302 verum
643 1240 746 1302 veruo
769 1257 839 1300 nam
854 1255 923 1300 cum
938 1242 1018 1300 fame

37 1328 183 1400 ferroque
195 1332 384 1400 urgerentur,
400 1339 459 1387 nec
470 1340 546 1402 spos
559 1326 622 1385 ulla
635 1330 816 1401 superesset
830 1323 896 1386 sisti
912 1323 1017 1402 [possa

37 1410 220 1488 abominata]
232 1408 263 1468 in
274 1410 520 1486 spemhonorum
532 1410 759 1471 erunthonores
770 1407 1017 1483 detractantibus,

36 1493 167 1555 Loesius
180 1493 339 1568 querendo
351 1493 505 1555 desertam
519 1510 556 1554 ac
571 1493 723 1570 proditam
738 1510 757 1553 a
771 1491 956 1570 primoribus
963 1492 1018 1553 ca-

35 1591 126 1653 puam
146 1593 301 1638 summum
321 1577 529 1654 magistratum
550 1578 673 1640 alhmus
694 1578 826 1639 omnium
848 1577 1017 1654 campano-

35 1679 100 1724 rum
115 1662 210 1737 cepit.

116 1746 187 1806 Vll.
209 1747 348 1808 ceterum
354 1746 507 1808 Hannibal
517 1755 550 1808 ut
561 1761 619 1808 nec
630 1747 738 1810 hostes
750 1747 819 1808 eliel
832 1746 963 1824 amplius
978 1747 1018 1807 ad

36 1847 174 1908 pugnam
191 1830 269 1891 vidit
288 1847 390 1907 nequo
411 1847 468 1908 per
482 1837 584 1893 castra
604 1848 710 1894 eorum
731 1831 886 1908 perrumpi
907 1830 949 1891 ad
963 1831 1018 1892 ca-

36 1931 128 1991 puam
144 1929 257 1993 posse,
280 1931 320 1976 ne
335 1932 411 1977 suos
428 1932 553 1993 quoque
573 1923 762 1978 commeatus
784 1914 1020 1977 intercluderent

35 2000 107 2059 novi
129 2002 292 2076 consules,
314 2001 485 2062 abscedere
499 2001 583 2061 irrito
604 2001 726 2078 incepto
742 2006 773 2060 et
785 2013 910 2060 movere
930 1998 1018 2059 atla-

35 2101 96 2160 pua
117 2085 223 2145 statuit
242 2091 352 2145 castra
384 2086 479 2147 mrdta
498 2101 619 2162 secum,
643 2101 704 2160 quo
724 2085 786 2145 iam
805 2083 877 2143 inde
890 2082 935 2142 ire
949 2097 1019 2157 per-

35 2174 136 2244 geret,
160 2169 298 2230 volventi
313 2168 407 2230 subiit
426 2169 558 2230 animum
579 2169 711 2247 impetus
727 2174 820 2246 capnt
832 2167 934 2243 ipsum
947 2166 1018 2226 belli

35 2251 167 2314 Romam
181 2253 322 2329 petendi3
341 2254 430 2315 omns
444 2253 489 2314 rei
500 2269 623 2330 semper
637 2253 758 2330 cupitae
771 2249 1020 2329 praetenuissam
1038 2253 1050 2263 “

37 2338 235 2399 occasionem
251 2344 323 2414 post
337 2337 528 2399 cannensem
543 2354 678 2414 pugnam
693 2343 724 2398 et
737 2337 789 2397 alii
802 2337 895 2411 vulgo
911 2335 1019 2394 heme-

39 2421 112 2482 bant
126 2428 158 2482 et
177 2423 247 2498 ipse
262 2436 324 2485 non
339 2421 569 2483 dissimulabat:
590 2421 775 2498 necopinato
789 2434 907 2497 pavore
921 2433 958 2478 ac
974 2424 1019 2478 tu·

37 2505 131 2568 multu
152 2521 216 2567 non
236 2521 308 2568 csse
329 2506 557 2583 desperandum
578 2507 712 2582 aliquam
725 2513 843 2582 partem
861 2501 946 2563 urbis
968 2517 1019 2562 oc-

39 2590 144 2666 cupari
164 2605 277 2667 posse;
300 2598 332 2651 et
350 2590 378 2651 si
399 2591 498 2652 Roma
517 2591 548 2650 in
570 2589 745 2651 discrimine
765 2596 863 2662 esset,
886 2587 1020 2663 Capuam

39 2675 193 2751 extenrplo
209 2674 381 2736 omissuros
396 2682 449 2736 aut
463 2674 553 2735 ambo
575 2675 775 2752 imperatores
789 2673 947 2734 Romanos
968 2679 1020 2732 aut

40 2759 166 2819 altemm
186 2775 227 2820 ex
248 2759 301 2831 iis;
325 2766 356 2820 et
370 2759 398 2820 si
419 2759 598 2822 divisissent
611 2758 734 2835 copias,
756 2765 918 2834 utrumque
938 2755 1020 2816 intir-

40 2842 165 2906 miorem
180 2844 293 2904 fuctum
315 2850 367 2904 aut
382 2842 440 2904 sibi
463 2850 517 2904 aut
531 2841 694 2918 Campanis
708 2843 787 2902 bene
807 2840 961 2918 gerendae
967 2838 1020 2899 'rei

40 2927 191 2989 fortunam
211 2927 340 2990 daturos
361 2943 442 2988 csse.
481 2943 542 2989 una
563 2943 600 2988 ea
621 2941 695 2987 cura
716 2927 862 3001 angebat,
888 2940 942 3000 ne,
968 2923 1020 2985 ubi

42 3010 262 3085 abscessisset,
292 3012 445 3088 extemplo
467 3013 653 3073 dederentur
672 3010 827 3086 campani.
858 3007 1021 3071 Numidam

44 3103 214 3172 promptum
223 3095 266 3156 ad
277 3095 381 3157 omnia
391 3098 513 3172 agenda
526 3095 731 3172 audendaquc
742 3094 834 3155 donis
845 3093 971 3171 perlicit,
986 3101 1020 3153 ut

46 3178 146 3241 litteris
162 3180 301 3256 acceptis
316 3181 423 3257 specie
436 3183 615 3257 transfugae
629 3188 731 3241 castra
743 3179 883 3240 Romana
902 3178 1019 3252 ingres·

48 3279 97 3322 sus
116 3267 211 3328 altera
232 3272 320 3341 parte
334 3268 412 3326 elam
428 3267 564 3342 Capuam
585 3265 742 3341 pervadat.
781 3264 898 3324 litterae
919 3267 1019 3321 autem

47 3356 127 3410 erant
139 3349 355 3411 adhortatione
370 3350 496 3426 plenae:
519 3351 740 3427 profectionem
755 3364 852 3422 suam,
874 3360 954 3421 quae
970 3361 1018 3406 sa-

20 3437 22 3486 2
49 3430 144 3495 labris
158 3433 219 3496 illis
234 3435 328 3509 foret,
352 3435 573 3497 abstracturam
593 3434 634 3494 ad
649 3431 876 3495 defendendam
889 3429 1017 3490 Romam

20 3507 22 3526 '
49 3511 85 3572 ab
106 3517 314 3597 oppugnanda
328 3518 433 3596 Capua
453 3520 549 3581 duces
570 3525 662 3595 atque
684 3515 836 3577 exercitus
850 3514 1027 3576 Rommros·
