2428 3892
176 188 238 250 rar
329 191 565 254 nmuuxxvt
589 193 783 256 curren.
805 197 1002 274 possm

174 347 321 410 lustititun
343 347 477 410 omniurn
498 363 600 409 rerum
620 349 755 409 tutorum
768 348 951 425 videbatur,
968 349 1069 411 donee
1084 351 1159 411 alter

174 433 283 493 consul
298 431 338 492 ad
351 433 456 492 urbem
469 431 614 496 venisset.
637 433 740 508 otium,
755 440 788 494 ut
799 433 886 508 solet,
902 433 1048 494 excitavit
1059 433 1157 510 plebis

173 532 329 579 rumores:
351 515 422 576 belli
444 515 671 578 diuturnitatem
692 523 723 579 et
746 523 883 578 vastatos
904 532 997 592 agros
1012 517 1096 578 cirea
1110 536 1156 578 ur·

173 601 251 673 bem,
269 617 330 676 qua
344 599 455 662 infesto
471 600 592 676 agmine
605 602 682 662 isset
694 600 855 676 Hannibal,
871 609 902 663 et
915 600 1101 664 exhaustam
1116 602 1157 662 pp,

172 685 301 752 lectibus
316 684 432 745 ltaliam
447 691 477 746 et
491 700 591 762 prope
606 686 769 761 quotannis
785 700 897 746 caesos
912 684 1068 746 exercitus
1085 703 1158 762 que-

172 769 332 843 rebantur,
359 775 390 829 et
411 771 556 844 consides
576 768 744 831 bellicosos
765 767 871 845 ambo,
896 768 983 830 viros
1006 785 1158 848 acresque

172 852 262 913 nimis
283 860 313 914 et
327 853 462 929 seroces,
485 859 622 929 creatos,
644 853 696 930 qui
711 855 761 913 vol
776 853 807 912 in
822 867 900 928 pace
914 853 1082 929 tranquilla
1096 855 1157 914 bel·

173 937 236 997 lum
250 937 385 999 excitare
399 944 544 1014 possent,
567 937 680 998 nedum
695 937 723 998 iu
739 938 819 997 bollo
835 935 991 1012 respirare
1006 937 1157 998 ciiitatem

171 1023 271 1082 lorent
288 1021 421 1097 passuri.

254 1104 375 1190 xltvll.
395 1105 558 1182 Interrupit
578 1105 636 1167 bos
658 1121 817 1167 sermones
832 1113 937 1180 nocte,
961 1120 1044 1181 quae
1057 1105 1158 1180 pridie

171 1188 378 1266 Quinquatrus
392 1190 464 1265 fuit,
485 1191 626 1266 pluribus
642 1190 732 1251 simul
746 1189 824 1250 locis
840 1189 922 1249 circa
937 1190 1039 1251 lorum
1053 1189 1157 1248 incen·

170 1275 253 1336 dium
268 1281 377 1336 ortum.
400 1275 510 1338 eodem
525 1281 663 1352 tempore
675 1280 793 1350 septem
806 1273 959 1350 tabernae,
977 1287 1058 1350 quae
1071 1279 1154 1348 post-

170 1374 208 1420 ca
225 1359 370 1436 quinque,
387 1365 417 1420 et
431 1359 630 1434 argentariae,
646 1374 726 1434 quae
740 1373 823 1419 nunc
838 1373 938 1418 norae
952 1358 1157 1434 appellantur,

169 1458 283 1504 arsere.
322 1442 547 1518 comprehensa
569 1449 680 1519 postea
700 1442 820 1518 privata
841 1441 1038 1502 aedilicia-
1053 1457 1158 1517 neque

169 1526 250 1586 enim
273 1533 336 1588 tum
362 1527 510 1588 basilicae
535 1534 622 1588 crant
639 1561 692 1601 -,
721 1525 965 1602 comprehensae
992 1525 1157 1587 lautumiae

169 1611 333 1685 forumque
348 1610 548 1686 piscatorium
561 1619 590 1672 ct
602 1611 710 1672 atrium
721 1610 849 1685 regium.
871 1609 958 1670 aedis
971 1610 1094 1669 Vestae
1111 1610 1156 1668 rix

168 1693 298 1754 detensa
322 1703 369 1756 est
394 1695 540 1757 tredecim
565 1695 697 1756 inaximo
722 1710 883 1756 servorum
909 1709 1021 1770 opera,
1049 1695 1156 1770 quiin

167 1778 325 1853 publicum
340 1779 492 1854 redempti
508 1795 543 1840 ac
558 1777 751 1840 manumissi
767 1784 848 1839 sunt.
884 1785 976 1839 nocte
991 1777 1041 1837 die
1057 1779 1155 1839 conti·

167 1869 292 1925 nuatum
313 1863 488 1924 incendium
508 1863 580 1934 luit;
608 1879 666 1924 noc
685 1863 739 1923 ulli
754 1862 880 1924 dubium
895 1871 960 1924 erat
974 1861 1114 1922 huruuua
1128 1862 1155 1922 id

166 1947 275 2009 fraude
295 1949 408 2009 iactum
424 1963 512 2022 esse,
534 1948 619 2024 quod
633 1947 773 2023 pluribus
789 1946 879 2008 simul
893 1947 987 2019 locis,
1010 1951 1041 2006 et
1055 1945 1098 2006 iis
1114 1947 1144 2006 di

166 2030 281 2107 vorsis,
302 2032 391 2108 ignes
413 2032 510 2094 coorti
525 2037 639 2092 essent.
673 2031 777 2107 itaqua
793 2029 902 2093 consul
918 2047 958 2090 cx
973 2031 1156 2092 auctoritate

166 2123 292 2177 senatus
307 2133 364 2192 pro
381 2116 523 2178 contione
538 2116 646 2190 edixit,
663 2115 715 2191 qui
731 2131 860 2191 quorum
876 2129 973 2190 opera
987 2114 1021 2174 id
1036 2113 1143 2176 contla

165 2207 229 2260 tum
249 2200 424 2261 incendium
445 2201 655 2275 profiteretur,
676 2199 845 2275 praemium
861 2200 928 2258 lore
941 2198 1040 2260 libero
1059 2215 1154 2278 pecu·

166 2283 256 2356 niam,
270 2300 361 2346 servo
373 2285 553 2348 libertatem.
577 2299 614 2344 eo
623 2281 760 2358 praemio
772 2281 916 2344 inductus
924 2282 1156 2358 campanorum

167 2367 358 2429 Calaviorum
378 2383 488 2429 servus
503 2398 546 2410 ——
558 2367 668 2428 Manus
690 2365 718 2426 ci
738 2381 849 2428 nomen
871 2373 936 2428 erat
950 2399 993 2409 -
1008 2367 1156 2427 indicarit

168 2449 309 2524 dominos
323 2459 353 2513 et
369 2452 505 2528 quinque
519 2459 680 2528 praeterea
692 2449 819 2510 iuvenes
832 2449 951 2511 nobiles
966 2449 1154 2527 Campanos,

167 2551 297 2610 quorum
312 2541 458 2610 parentes
473 2553 492 2596 a
506 2537 539 2610 Q.
551 2535 659 2597 Fulvio
674 2534 776 2595 securi
790 2534 933 2610 percussi
947 2543 1044 2612 erant,
1062 2536 1094 2596 id
1110 2535 1157 2594 in-

167 2619 309 2680 cendium
323 2620 451 2694 iecisse,
465 2621 621 2694 tulgoque
636 2620 773 2680 tacturos
789 2618 864 2695 alia,
879 2619 910 2678 ni
926 2619 1154 2696 comprendan-

164 2708 222 2762 tur.
243 2703 458 2778 comprehensi
472 2703 533 2779 ipsi
548 2702 741 2779 familiaeque
756 2717 871 2764 eorum.
894 2711 924 2764 et
935 2703 1036 2778 primo
1050 2707 1154 2765 eleva-

164 2786 254 2848 batur
267 2788 362 2849 index
376 2786 600 2864 indiciumque:
620 2786 719 2863 pridie
734 2802 804 2847 eum
820 2787 1001 2850 verberibus
1018 2788 1153 2864 castiga-

164 2877 228 2931 tum
248 2872 287 2931 ab
309 2870 440 2933 dominis
456 2872 657 2948 discessisse,
678 2871 825 2947 per-iram
840 2888 877 2934 uc
891 2872 1047 2934 levitatem
1063 2888 1103 2933 ex
1116 2889 1154 2933 re

164 2955 288 3016 fortuita
304 2956 418 3016 crimen
440 2964 652 3018 commentum.
682 2961 817 3017 ceterum
831 2962 865 3018 ut
880 2972 985 3018 coram
1000 2973 1152 3034 coargue-

162 3037 289 3114 bantur,
312 3047 342 3100 et
357 3040 496 3116 quaestio
519 3055 558 3100 ex
572 3039 717 3101 ministris
732 3039 878 3102 facinoris
894 3041 962 3104 ioro
978 3043 1081 3105 medio
1096 3041 1151 3102 ha-

163 3122 229 3184 beri
252 3127 361 3199 coepta
382 3131 444 3200 est,
466 3125 543 3186 lassi
564 3139 686 3200 omnes,
709 3129 801 3200 atque
816 3126 847 3186 in
863 3125 1007 3190 dominos
1023 3142 1150 3188 servos-

165 3225 225 3282 que
246 3208 390 3269 conscios
412 3208 658 3270 animadversum
679 3215 735 3270 est.
769 3209 862 3270 iudici
885 3210 1011 3273 libertas
1032 3214 1103 3275 data
1117 3218 1151 3272 et

163 3291 268 3366 viginti
282 3291 363 3353 milia
376 3293 467 3356 acris.
843 3347 845 3352 ,

250 3375 373 3436 Consuli
399 3377 535 3439 Laevino
561 3377 697 3454 Capuam
723 3381 931 3455 praetereunti
960 3381 1149 3444 circumfusa

165 3457 321 3520 multitudo
337 3458 559 3535 Campanorum
581 3467 644 3537 est,
667 3461 893 3526 obsecrantium
914 3480 981 3527 cum
1001 3463 1147 3542 lacrimis
