2428 3892
181 171 296 234 imit
308 171 416 234 xxvi.
439 173 521 234 cAP.
535 181 580 238 st.
594 181 638 238 ee
661 180 698 248 [ι.
712 183 745 234 c.
759 179 824 247 mo]
926 171 988 238 tta

26 327 89 388 adeo
103 339 137 386 se
152 330 290 404 spretos,
312 329 346 386 ut
360 324 539 386 sedentibus
560 325 637 403 ipsis
653 328 694 387 ad
707 327 847 388 Romana
866 328 987 390 moenia

26 411 71 470 uia
89 419 174 488 porta
199 409 353 470 exercitus
374 409 532 474 Romanus
557 410 587 470 in
609 409 789 487 Hispaniam
814 411 985 474 duceretur.

26 510 94 574 psae
108 507 232 570 quoque
243 493 419 569 Hispaniae,
437 510 498 570 quo
514 494 644 570 propius
659 510 747 570 spem
763 502 908 557 venerant
922 503 986 556 tan-

26 581 49 638 is
68 577 187 640 duobus
213 577 346 639 ducibus
366 575 615 654 exercitibusque
629 579 731 642 caesis
747 577 929 640 debellatum
946 579 986 638 ibi

26 663 163 738 repulsos
178 660 252 721 inde
267 661 424 725 Romanos
441 676 527 738 esse,
550 677 587 723 eo
602 663 687 739 plue,
708 661 746 723 ab
762 663 795 724 i.
809 663 925 728 Marcio
941 672 986 724 tu-

26 745 163 808 nultuario
185 745 267 806 duce
288 745 328 806 ad
342 761 455 805 vanum
474 751 505 805 et
524 744 639 808 irritum
654 747 811 812 victoriam
831 747 986 810 redactam

26 823 86 904 esse,
99 829 321 906 indignationis
336 827 534 906 praebebant
561 830 603 892 ita
617 837 768 906 aequante
784 831 903 893 torinna
918 847 985 892 sus·

26 930 102 988 pensa
122 913 225 974 omnia
245 914 399 989 utrimque
421 919 508 975 erant
529 913 647 993 integra
660 931 734 992 spe,
756 914 874 990 integro
895 921 985 990 metu,

26 1000 89 1058 uelut
100 998 149 1058 illo
165 1003 308 1074 tempore
321 995 452 1074 primum
466 997 578 1058 bellum
592 999 770 1075 inciperent.

89 1081 247 1149 xxxviii.
270 1081 471 1142 Hannibalem
486 1089 555 1143 ante
568 1083 669 1147 omnia
683 1083 822 1158 angebat,
838 1082 987 1160 quodcu-

26 1182 71 1243 pua
83 1166 267 1242 pertinacius
290 1172 469 1244 oppugnata
482 1167 522 1226 ab
536 1167 682 1228 Romanis
698 1183 790 1244 quam
805 1167 934 1228 detensa
947 1165 985 1226 ab

26 1250 323 1315 semultorumltaliue
335 1252 520 1328 populorum
531 1251 650 1312 animos
665 1257 825 1324 averterat,
843 1265 922 1326 quos
933 1265 985 1309 ne-

26 1349 72 1407 que
85 1351 183 1396 omnes
198 1341 307 1396 tenere
322 1334 496 1412 praesidiis,
512 1331 571 1396 nisi
584 1336 674 1396 vellet
688 1335 718 1394 in
733 1337 842 1394 multas
856 1349 985 1409 parvas·

26 1434 71 1491 que
89 1425 186 1494 partes
207 1434 340 1496 carpere
361 1419 544 1495 exercitum,
567 1420 654 1496 quod
671 1419 871 1479 minimatum
891 1432 985 1494 expe·
1046 1441 1066 1462 ο

26 1501 120 1574 tiebat,
141 1511 282 1580 poterat,
307 1518 364 1564 nec
379 1503 520 1564 deductis
536 1503 700 1580 praesidiis
716 1504 782 1582 spei
797 1502 923 1563 liberam
936 1502 987 1561 vel

26 1583 165 1648 obnoxiam
179 1588 284 1650 timori
300 1589 454 1649 sociorum
467 1588 641 1665 relinquere
655 1588 758 1648 iidem.
790 1601 940 1664 praeceps
955 1583 985 1644 in

26 1671 158 1732 avaritiam
172 1679 203 1734 ct
218 1671 432 1734 crudelitatem
446 1671 566 1733 animus
582 1673 622 1734 ad
636 1671 800 1748 spolianda
815 1686 895 1746 quae
910 1670 986 1730 tueri

26 1756 161 1832 nequibat,
180 1763 215 1818 ut
234 1762 359 1819 vastata
379 1756 461 1816 hosti
482 1757 739 1832 relinquerentur,
758 1753 922 1814 inclinavit.
955 1754 986 1812 id

27 1837 126 1900 loedum
139 1841 303 1904 consilium
318 1856 388 1901 cum
402 1840 541 1918 incepto,
564 1847 626 1900 tum
641 1839 731 1900 etiam
745 1840 827 1899 exitu
842 1839 905 1898 luit.
934 1852 986 1896 ne-

28 1937 73 1994 que
85 1925 157 1984 enirn
169 1925 299 2002 indigna
313 1924 493 2002 patientium
506 1926 600 1984 nrodo
621 1923 871 1984 abalienabantur
884 1919 985 1994 animi,

28 2007 70 2064 sed
83 2015 245 2071 ceterorum
268 2009 374 2070 etiam=
397 2009 511 2086 quippe
526 2010 566 2070 ad
581 2011 685 2084 plures
707 2007 880 2082 exemplum
895 2018 987 2079 quam

28 2089 146 2155 damnum
159 2094 343 2171 pertinebat.
366 2109 423 2154 nec
439 2093 547 2153 consul
562 2093 719 2154 Romanus
738 2088 922 2164 temptandis
938 2102 983 2146 ur·

29 2171 111 2250 bibus,
131 2179 263 2239 sicunde
277 2193 352 2254 spes
367 2178 471 2253 aliqua
485 2192 520 2237 se
535 2175 731 2248 ostendisset,
751 2174 866 2233 decrat.
901 2169 986 2238 Sala-

29 2257 83 2330 piae
95 2261 244 2340 principos
263 2269 351 2322 erant
363 2261 478 2322 Dasius
495 2267 526 2320 ct
538 2261 677 2320 Blattius.
698 2257 811 2318 Dasius
825 2252 987 2314 Hannibali

30 2342 135 2404 amicust
156 2346 297 2426 Blattius,
315 2352 461 2422 quantum
476 2361 516 2404 ex
530 2350 593 2404 tuto
607 2349 732 2420 poterat,
748 2356 811 2400 rem
818 2339 988 2400 Romanam

32 2423 143 2505 lavabat,
164 2438 193 2491 et
206 2447 267 2508 per
282 2430 421 2491 occultos
436 2428 560 2488 nuntios
575 2441 663 2504 spem
678 2423 859 2504 proditionis
876 2423 989 2482 lecerat

32 2505 159 2573 llarcello.¹
189 2517 249 2576 sed
265 2515 333 2576 sine
353 2515 494 2574 adiutore
507 2511 603 2572 Dasio
617 2525 668 2571 res
682 2507 809 2583 transigi
824 2523 886 2566 non
901 2509 988 2581 pote-

32 2599 71 2650 rat.
97 2599 216 2660 multum
238 2615 277 2659 ac
292 2598 347 2659 diu
362 2603 536 2671 cunctatus,
560 2601 668 2656 ettam
688 2608 813 2669 quoque
826 2589 924 2665 magis
945 2588 989 2648 in·

33 2676 86 2748 ⁰lia
102 2684 216 2744 consilii
230 2681 364 2762 potioris
381 2697 472 2757 quam
488 2695 545 2758 spe
565 2678 692 2739 effectus
707 2676 833 2737 Dasium
853 2673 990 2750 appella·

34 2755 77 2818 bat.
105 2771 133 2824 at
150 2767 215 2844 ille,
238 2782 310 2828 cum
328 2765 365 2824 ab
378 2782 413 2825 re
428 2780 574 2836 aversus,
596 2769 659 2822 tum
681 2763 800 2821 aemulo
815 2763 988 2837 potentatus

35 2839 521 2926 inimicus,remHannibnliaperit.
544 2845 692 2906 arcessito
703 2839 989 2918 utroqueHannibal

36 2937 85 2986 mm
102 2947 152 3006 pro
167 2934 310 2996 tribunali
327 2933 480 3010 quaedam
502 2937 605 3007 ageret
619 2945 693 2988 mox
708 2928 748 2988 de
761 2926 870 2986 Blattio
886 2922 989 2998 cogni-

36 3011 107 3086 illlus,
119 3023 293 3096 starentque
306 3022 459 3080 summoto
472 3017 590 3092 populo
602 3018 764 3074 aecusator
774 3018 804 3071 et
814 3023 895 3078 reus,
909 3007 990 3066 Blat-

37 3091 80 3178 tius
92 3098 126 3158 de
139 3104 312 3177 proditione
326 3101 454 3161 Dasium
469 3098 653 3176 appellabat.
675 3095 829 3156 enimvero
845 3092 896 3150 ille
910 3087 992 3147 velut

38 3189 59 3233 11
70 3185 214 3248 manitesta
223 3204 258 3248 re
273 3187 434 3260 exclamat,
456 3184 515 3244 sub
530 3181 627 3243 oculis
638 3177 817 3240 Hannibalis
833 3187 937 3234 secum
952 3167 991 3226 de

39 3264 182 3334 lroditione
194 3274 254 3347 agi.
286 3267 452 3331 Hannibali
467 3275 561 3344 atque
575 3265 621 3325 eis
637 3264 689 3340 qui
704 3263 838 3330 aderant,
861 3268 922 3350 quo
938 3265 991 3308 au-

41 3339 121 3412 dacior
132 3369 181 3416 res
196 3363 269 3434 erat,
283 3354 387 3416 minus
403 3351 511 3414 similis
525 3349 590 3410 veri
602 3349 669 3408 visa
684 3351 739 3406 est.
761 3337 992 3434 aemulationem

41 3432 151 3502 Proiecto
167 3440 263 3518 'atque
285 3439 392 3502 odium
414 3452 501 3510 esse,
525 3441 555 3495 et
574 3432 606 3492 id
622 3430 734 3491 crimen
756 3423 876 3494 adtern,
899 3411 990 3496 quod.
