2448 3900
237 170 352 230 emsa
367 170 502 250 xxvm.
526 168 608 232 cnr.
623 176 667 232 er.
680 177 725 232 aa.
749 175 831 244 [ac.
846 175 909 244 roo]
994 171 1056 236 aaa

66 341 141 386 rum
167 339 202 384 se
215 356 258 367 —
272 329 303 382 ct
323 321 384 382 iarn
410 327 579 382 extremum
605 321 740 382 autumni
766 329 887 384 erat-
901 323 1055 386 credebat.

65 415 209 470 ceterum
221 407 305 467 haud
320 421 429 480 secus,
451 421 543 481 quarn
558 404 585 465 si
599 405 729 466 Romani
744 421 812 466 earn
826 407 957 468 insulam
972 407 1056 469 inco·

65 496 179 568 lerent,
193 491 344 570 hostiliter
359 489 453 552 classi
468 504 632 551 occursum
646 496 703 550 est.
728 490 832 551 lundis
848 498 881 552 ut
893 508 974 552 nunc
989 493 1056 568 plu-

64 579 197 652 rimum,
223 577 265 637 ita
289 582 353 636 tum
378 571 446 636 solo
469 589 506 634 eo
527 575 588 635 telo
609 573 786 648 utebantur,
813 591 871 636 nec
892 576 1056 652 quisquam

65 661 198 722 alterius
220 659 319 736 gentis
342 675 423 722 unus
442 664 559 720 tantum
579 674 618 718 ea
637 665 703 719 arte
724 666 870 735 quantum
885 660 963 721 inter
978 661 1056 723 alios

64 762 182 808 omnes
195 745 333 806 Baliares
354 743 516 805 excellunt.
552 743 657 819 itaque
676 751 761 804 tarrta
776 743 824 804 vis
839 744 976 821 lapidum
992 762 1055 807 cre·

65 832 225 892 berrimae
249 829 407 904 grandinis
428 829 521 889 modo
542 828 573 887 in
594 827 852 904 propinquantem
877 829 938 890 iarn
957 837 1056 892 terrac

66 919 206 976 classem
221 913 392 988 effusaest,
413 919 446 973 ut
460 913 573 978 intrare
587 919 710 988 portum
725 928 787 972 non
801 913 869 975 ausi
884 921 1058 976 averterent

66 1003 102 1060 in
118 1001 211 1059 altum
226 1014 332 1059 naves.
354 998 384 1058 in
399 998 549 1058 minorem
564 997 635 1058 inde
646 997 811 1057 Baliarium
825 996 956 1058 insulam
966 999 1056 1060 traie-

66 1078 194 1160 cerunt,
216 1081 345 1144 fertilem
366 1097 457 1157 agro,
478 1082 553 1142 viris
574 1081 668 1142 armis
689 1081 773 1142 haud
793 1097 893 1158 aeque
912 1081 1056 1143 validam.

68 1170 177 1246 itaque
199 1167 317 1244 egressi
338 1167 471 1227 navibus
493 1160 589 1242 super
603 1172 725 1242 portum
739 1167 809 1227 loco
824 1166 940 1227 munito
955 1166 1059 1227 locant

69 1261 193 1324 castra;
222 1267 258 1313 ae
279 1251 347 1312 sine
368 1251 533 1329 certamine
553 1251 629 1311 urbe
651 1266 790 1326 agroque
809 1250 911 1326 potiti,
934 1251 1056 1313 duobus

67 1337 195 1398 milibus
218 1336 409 1398 auxiliarium
430 1336 502 1396 inde
518 1335 703 1411 conscriptis
720 1335 887 1412 missisque
903 1335 1056 1410 Carthagi·

68 1439 153 1494 nem,
170 1422 210 1482 ad
224 1420 448 1482 hibernandum
462 1437 558 1482 naves
574 1420 797 1482 subduxerunt.
829 1428 902 1496 post
914 1419 1056 1495 Magonis

67 1508 111 1568 ab
128 1505 242 1567 Oceani
259 1503 314 1568 o'ra
329 1506 503 1568 discessum
520 1505 659 1566 Gaditani
673 1504 820 1567 Romanis
836 1504 998 1567 deduntur.

156 1591 318 1652 XXXVIII.
339 1591 423 1651 Haec
434 1590 464 1650 in
475 1589 626 1666 Hispania
635 1589 667 1650 P.
681 1589 835 1666 Scipionis
848 1590 942 1650 ductu
952 1590 1056 1665 auspi-

69 1676 186 1752 cioque
205 1683 302 1751 gesta.
337 1676 407 1750 ipse
419 1675 453 1734 L.
468 1675 598 1735 Lentulo
619 1681 650 1735 et
661 1675 694 1734 L.
710 1673 823 1735 Manlio
838 1675 970 1735 Acidino
985 1691 1056 1749 pro-

69 1760 267 1836 praetoribus
287 1759 446 1834 provincia
466 1758 577 1820 tradita
597 1759 705 1820 decern
719 1758 850 1820 navibus
865 1760 994 1820 Romam
1008 1775 1056 1818 re·
1151 1817 1153 1822 .

67 1843 142 1920 diit,
163 1851 194 1905 et
214 1851 323 1905 senatu
343 1852 430 1904 extra
450 1844 557 1904 urbem
573 1843 644 1904 dato
658 1845 689 1902 in
704 1845 781 1904 aede
794 1843 956 1918 Bellonae,
978 1860 1056 1919 quas

66 1943 122 1990 res
138 1928 171 1988 in
184 1929 335 2004 Hispania
348 1929 514 2004 gessisset,
537 1927 696 2003 disseruit,
720 1926 863 2002 quotiens
879 1927 976 2001 signis
992 1928 1056 1988 col-

66 2012 142 2074 latis
167 2013 358 2088 dimicasset,
385 2019 460 2088 quot
486 2012 603 2088 oppida
627 2027 667 2071 ex
690 2009 832 2072 hostibus
857 2011 889 2070 vi
910 2011 1055 2086 cepisset,

72 2114 153 2174 quas
174 2106 281 2172 gentes
302 2098 333 2157 in
353 2097 506 2158 dicionem
526 2095 633 2172 populi
647 2095 777 2157 Romani
791 2095 981 2170 redegissetz
1003 2096 1076 2159 ad·.

68 2198 182 2243 versus
206 2188 349 2257 quattuor
369 2197 406 2242 se
418 2182 637 2257 imperatores,
659 2185 803 2256 quattuor
818 2181 953 2240 victores
968 2194 1056 2240 exer·

69 2267 152 2328 citus
167 2267 197 2327 in
212 2265 392 2343 Hispaniam
413 2267 489 2340 isse,
512 2265 662 2326 neminem
678 2263 959 2340 Carthaginiensem
972 2263 1056 2324 iniis

68 2350 162 2412 terris
182 2351 356 2429 reliquisse.
387 2351 427 2412 cb
447 2351 504 2411 has
524 2366 576 2410 res
597 2357 701 2424 gestas
722 2349 821 2424 magis
842 2355 988 2424 temptata
1007 2359 1057 2410 est

67 2436 217 2512 triumphi
232 2453 305 2513 spes
322 2452 414 2512 quam
427 2436 522 2512 petita
535 2434 740 2511 pertinaciter,
764 2432 836 2509 quia
849 2433 1001 2493 neminem
1015 2433 1054 2494 ad

69 2523 142 2582 eam'
157 2521 237 2581 diem
251 2521 467 2596 triumphasse,
484 2519 536 2596 qui
551 2519 619 2580 sinc
634 2521 814 2594 magistratu
828 2534 878 2578 res
894 2517 1055 2592 gessisset,

68 2604 243 2666 constabat.
272 2610 382 2665 senatu
395 2605 491 2666 misso
507 2606 615 2666 urbem
629 2611 678 2664 cst
691 2604 860 2678 ingressus,
878 2602 1056 2678 argentique

69 2705 146 2766 prae
166 2704 203 2748 se
222 2689 252 2749 in
267 2689 418 2750 aerarium
438 2690 505 2751 tulit
520 2688 765 2766 quattuordecim
780 2687 863 2748 milia
876 2687 981 2762 pondo
996 2693 1053 2746 tre·

70 2781 161 2835 centa
183 2773 384 2850 quadraginta
405 2773 466 2835 duo
488 2782 519 2835 et
532 2773 643 2848 signati
660 2773 778 2848 argenti
793 2787 937 2848 magnum
951 2787 1055 2832 nume·

68 2873 148 2918 rum.
172 2858 293 2919 comitia
306 2858 379 2918 inde
394 2859 534 2919 creandis
551 2857 729 2918 consulibus
744 2857 850 2918 habuit
862 2857 896 2916 L.
910 2855 1056 2916 Veturius

69 2941 173 3018 Philo,
196 2943 413 3019 centuriaeque
434 2959 541 3003 omnes
562 2942 677 3018 ingenti
698 2943 805 3002 lavore
825 2941 857 3002 P.
880 2940 1058 3016 Scipionem

71 3027 231 3089 consulem
245 3027 396 3090 dixerunt.
419 3029 538 3102 collega
553 3026 674 3087 additur
688 3026 716 3086 ei
730 3025 763 3086 P.
774 3025 909 3085 Licinius
924 3025 1054 3084 Crassus

71 3111 210 3187 pontifex
234 3113 396 3173 maximus.
433 3118 566 3172 ceterum
592 3111 715 3172 comitia
739 3110 854 3169 maiore
880 3125 972 3185 quarn
993 3109 1057 3168 ulla

57 3213 127 3272 ‚per
150 3196 183 3256 id
202 3195 317 3258 bellurn
342 3196 494 3257 celebrata
519 3194 693 3271 frequentia
714 3194 868 3269 proditum
890 3192 1057 3253 memoriae

70 3287 134 3342 est:
166 3288 375 3342 convenerant
396 3281 534 3357 undique
560 3295 623 3341 non
643 3277 834 3354 suffragandi
860 3277 969 3351 modo,
998 3277 1056 3338 sed

69 3366 161 3427 etiam
181 3366 342 3442 spectandi
363 3383 458 3428 causa
477 3366 509 3424 P.
527 3364 697 3440 scipionia
721 3361 1006 3438 concurrebantque
1026 3369 1057 3422 et

70 3450 195 3512 domum
218 3451 395 3526 frequenter
409 3451 484 3510 etin
500 3448 682 3524 Capitolium
696 3447 737 3506 ad
752 3447 959 3506 immolantem
973 3460 1055 3526 eum,
