2428 3892
213 220 330 292 LIBER
342 227 435 292 XXV.
460 229 543 294 cal).
558 234 659 294 arat.
684 230 845 311 [scara]
972 229 1016 290 titt

45 383 128 442 nub
140 382 287 445 avaritiae
298 384 390 446 taeda
400 385 542 460 exempla
552 382 725 458 ederentur,
738 382 942 445 Archimeden
954 401 1003 444 me

45 464 147 526 moriae
159 467 317 542 proditum
332 475 381 544 est
391 467 422 528 in
434 477 516 530 tanto
528 468 666 543 tmnultu,
681 473 829 544 quantum
840 477 931 544 capta
943 467 1016 530 urbs

42 549 67 608 in
87 549 224 611 discursu
245 551 452 628 diripientium
473 551 600 614 militum
617 550 699 614 ciere
712 557 849 629 poterat,
869 553 1016 614 intentum

40 632 145 707 tarmis,
160 651 240 710 quas
255 635 287 695 in
304 637 430 711 pulvere
441 636 657 711 descripserat,
672 635 711 698 ab
722 635 829 712 ignaro
841 637 933 697 milite
947 637 1016 714 quis

39 723 115 778 esset
132 717 344 789 interiectum
366 735 459 795 aegre
482 721 514 782 id
535 719 712 781 Marcellum
734 719 858 796 tulisse,
879 724 1016 796 sepultu-

38 816 144 877 raeque
157 818 265 864 caram
282 803 430 879 habitam,
446 810 477 866 et
492 803 675 882 propinquis
689 804 780 866 etiarn
795 805 947 880 inquisitis
962 805 1017 867 ho·

40 884 98 945 nari
117 887 341 964 praesidioque
362 903 473 949 nomen
493 904 531 950 ac
544 887 720 950 memoriam
734 889 802 950 eius
818 889 924 950 luisse.
958 890 1017 952 hoc

39 970 159 1030 maxime
172 971 273 1034 modo
289 970 468 1051 Syracusae
484 980 608 1049 papiae,
630 972 659 1033 in
676 970 787 1049 quibus
803 975 939 1048 praedae
953 980 1017 1035 tun·

40 1059 94 1112 tum
107 1054 166 1129 ituit,
186 1063 339 1132 quantum
353 1057 405 1117 vix
421 1062 510 1133 capta
525 1056 705 1132 Cartlrngine
719 1063 782 1117 tum
799 1056 923 1132 luisset,
948 1073 1018 1119 cunt

42 1153 94 1211 qua
108 1139 221 1202 viribus
237 1141 350 1217 aequb
365 1141 547 1203 certabatur.
876 1135 883 1148 “

111 1221 220 1286 Paucis
243 1231 318 1288 ante
338 1224 449 1287 diebus
471 1241 564 1301 quam
585 1225 763 1304 Syracusae
783 1231 966 1300 caperentur
984 1225 1018 1284 T.

46 1302 171 1368 Otacilius
193 1324 270 1370 eum
292 1309 564 1386 quinqueremibus
580 1308 736 1384 octoginta
750 1307 869 1369 Uticam
883 1307 921 1367 ab
936 1307 1017 1386 Lily·

46 1386 109 1452 bueo
122 1393 301 1469 transmisit,
317 1400 431 1456 etcum
445 1400 516 1455 ante
530 1395 631 1456 lucem
640 1400 764 1469 portum
775 1391 929 1465 intrasset,
944 1407 1017 1452 one-

45 1473 125 1536 radas
138 1477 297 1540 frumento
312 1483 442 1540 onustas
458 1479 554 1555 cepit,
570 1490 781 1554 egressusque
796 1474 826 1535 in
840 1481 951 1536 terram
965 1475 1018 1536 de-

44 1559 193 1632 populatus
208 1569 262 1624 est
277 1563 465 1639 aliquantum
480 1562 546 1637 agri
560 1563 643 1623 cirea
656 1561 789 1634 Uticam,
810 1560 1018 1636 praedamque

45 1643 128 1703 omnis
145 1647 277 1721 generis
297 1654 379 1710 retro
395 1647 434 1707 ud
449 1661 546 1708 naves
561 1647 632 1722 egit.
669 1643 850 1722 Lilybaeum
864 1643 953 1705 tertio
969 1644 1019 1704 die

45 1742 120 1799 quam
139 1729 212 1792 inde
232 1731 394 1808 proiectus
415 1738 483 1792 erat
502 1747 573 1791 cum
592 1736 714 1791 centum
733 1727 855 1803 triginta
870 1727 1018 1789 onerariis

45 1810 156 1874 natibus
171 1815 329 1876 frumento
345 1815 526 1891 praedaque
541 1813 661 1876 onmtis
675 1811 763 1883 redit,
779 1811 874 1887 idque
886 1812 1017 1874 trumen-

46 1899 96 1952 tum
113 1901 271 1976 extemplo
287 1897 465 1978 Syracusas
486 1898 584 1971 misit,
607 1896 692 1974 quod
712 1896 743 1956 ni
761 1901 821 1955 tam
836 1895 1019 1971 intempore

45 1977 235 2059 subvenisset,
255 1983 422 2046 stateribus
436 1983 590 2059 victisque
605 1982 718 2058 pariter
732 1977 908 2056 perniciosa
922 1978 1017 2038 rames

47 2060 171 2126 instabat.

114 2148 232 2212 XXXll.
256 2151 374 2212 Eadem
388 2158 505 2212 aestate
520 2151 550 2211 in
565 2148 722 2226 Hispania,
739 2164 808 2212 cum
823 2144 946 2207 biennio
962 2143 1019 2202 ler-

47 2243 85 2288 ne
98 2231 167 2293 nihil
181 2236 353 2297 admodum
367 2234 566 2296 memorabile
580 2234 694 2295 iactum
709 2238 802 2294 esset
819 2227 1020 2303 consiliisque

47 2311 128 2388 inagis
143 2336 236 2394 quam
254 2320 348 2381 amnis
363 2319 657 2393 bellamgardam,
674 2315 803 2378 Romani
818 2313 1019 2390 imperatores

47 2401 149 2470 egressi
171 2403 311 2466 hibernis
329 2403 438 2479 copias
460 2403 696 2464 coniunxerunt
727 2399 768 2462 ibi
790 2396 950 2460 consilium
966 2393 1020 2455 ad·

50 2488 188 2558 vocatum,
216 2487 418 2563 omuimuqae
439 2487 471 2548 in
495 2503 588 2548 unum
614 2487 820 2560 congruerunt
840 2478 1019 2551 sententiae,

49 2568 156 2636 quando
177 2570 218 2632 ad
241 2571 274 2632 id
289 2573 429 2632 locormn
444 2571 476 2632 id
490 2569 583 2633 modo
599 2577 700 2630 actum
715 2574 814 2639 esset,
837 2572 871 2628 ut
883 2562 1020 2625 Hasdru·

50 2646 133 2712 balam
146 2655 326 2718 tendentem
340 2655 372 2715 in
383 2654 500 2715 ltaliam
511 2653 685 2726 retinerent,
698 2659 819 2726 tempus
831 2664 903 2710 esse
914 2648 945 2708 id
961 2647 1022 2706 iam
1039 2683 1042 2688 -

49 2732 100 2804 agi,
114 2743 145 2796 ut
156 2737 274 2800 bellum
288 2737 318 2798 in
333 2738 483 2814 Hispania
497 2737 644 2798 liniretur.
677 2741 708 2794 et
721 2734 797 2795 satis
812 2732 852 2793 ad
867 2732 898 2793 id
912 2731 1021 2790 uirium

50 2817 200 2884 credebant
219 2821 399 2884 accessisse
418 2821 525 2896 viginti
539 2819 623 2882 milia
638 2818 856 2881 celtiberorum
871 2831 909 2877 ea
921 2814 1021 2874 hieme

51 2897 82 2957 ld
94 2917 171 2966 mma
183 2907 297 2970 excita.
319 2905 455 2968 hostiam
471 2911 533 2965 tres
548 2903 702 2964 exercitus
718 2906 813 2961 eraut.
846 2894 1021 2960 Hasdrubal

52 2979 177 3059 Gisgonis
198 2992 283 3054 lilius
298 2996 330 3052 et
344 2989 437 3065 Mago
458 2987 631 3050 coniunctis
649 2984 758 3047 castris
774 2985 911 3060 quinque
927 2981 1022 3071 terme

53 3063 153 3134 dicrum
169 3074 226 3136 iter
241 3076 281 3138 ab
297 3074 445 3138 Romanis
461 3073 598 3132 aberant.
621 3069 748 3145 propior
762 3073 828 3127 erat
841 3064 1021 3126 Hamilcaris

54 3146 119 3214 ilius
132 3156 317 3234 Hasdrubal,
341 3164 433 3220 vetus
448 3157 479 3216 in
493 3153 644 3230 Hispania
658 3153 839 3227 imperator:
860 3147 900 3208 ad
916 3143 1021 3235 arbem

56 3237 157 3302 nomine
170 3243 334 3320 Antorgim
348 3240 518 3303 exercitum
532 3237 673 3300 babebat
692 3249 762 3296 eum
777 3232 921 3293 volebant
933 3238 1020 3318 prius

57 3322 169 3394 0lirini
183 3328 283 3390 duces
297 3325 445 3400 Romani,
461 3332 493 3386 et
505 3337 581 3399 spes
595 3326 661 3381 erat
674 3317 750 3380 satis
765 3324 921 3390 superque
935 3303 975 3366 ad
989 3303 1021 3362 rd

57 3397 147 3468 niniam
158 3425 241 3472 esse.
277 3411 331 3471 illa
344 3409 482 3471 restabat
496 3422 585 3478 cura,
606 3419 646 3464 ne
661 3403 730 3463 taso
745 3414 782 3460 eo
797 3390 931 3490 perculsi
946 3387 1022 3448 alter

60 3480 206 3558 llasdruun
221 3502 252 3560 et
265 3493 359 3571 Mago
376 3494 407 3555 in
426 3492 515 3554 avios
530 3491 626 3550 saltus
642 3488 824 3556 montesque
838 3471 1021 3550 recipientes
