2448 3900
208 245 331 306 LIBER
345 247 450 307 XXIX.
473 247 554 307 cAP.
569 258 596 310 5.
610 257 636 311 6.
660 256 696 323 [a.
707 255 740 308 (l.
754 257 818 324 206]
945 251 1007 316 285

20 413 181 458 ursuros=
207 413 251 458 ea
265 399 304 458 ab
320 399 414 461 Gallis
430 399 633 474 desideraret,
656 400 767 476 quibus
783 403 902 462 occulte
922 405 1006 466 adiu-

20 483 69 541 'ari
84 489 218 556 posset.
252 482 422 558 Liguribus,
440 483 524 558 quod
539 485 645 559 procul
660 499 734 560 agro
749 485 939 561 urbibusque
954 504 1006 548 eo-

20 582 71 626 um
88 573 202 626 castra
209 565 354 626 Romana
369 567 436 638 sint,
452 565 546 626 libera
561 567 689 628 consilia
703 584 784 629 esse.
804 569 874 630 illos
889 587 1007 631 arnrare

20 655 205 709 urentutem
229 656 263 710 et
283 665 449 726 capessere
464 667 521 726 pro
536 659 622 727 parte
635 651 749 712 bellum
770 669 904 730 aequum
924 671 1006 715 esse.

20 731 136 808 ,igures
159 731 254 793 haud
282 734 431 809 abnuere,
459 741 579 811 tempus
604 736 696 796 modo
718 737 847 798 duorum
867 754 1007 800 mensum

20 824 113 876 vetere
128 817 175 877 ad
192 817 329 878 dilectus
344 817 514 880 habendos.
546 817 663 878 interim
678 819 769 896 Mago
784 820 893 881 milites
910 822 1004 884 Gallis

20 899 148 961 limissis
165 901 255 960 clam
265 917 322 978 per
336 917 427 978 agros
442 918 547 962 eorum
558 903 699 963 mercede
713 905 902 975 conducere;
923 923 1005 968 com-

20 991 129 1045 neatus
153 1001 290 1061 quoque
317 987 416 1046 omnis
437 985 559 1063 generis
581 988 699 1046 occulte
719 987 760 1047 ad
781 1003 850 1047 eum
871 1003 891 1047 a
911 989 1004 1050 Gallis

20 1069 134 1144 »opulis
162 1069 375 1130 mittebantur.
415 1069 455 1130 Μ.
476 1069 579 1130 Livius
606 1071 772 1132 exercitum
796 1072 942 1132 volonum
966 1089 1006 1148 ex

20 1153 129 1213 ltruria
150 1152 185 1212 in
210 1153 341 1213 Galliam
363 1153 508 1230 traducit,
536 1155 719 1231 iunctusque
737 1154 893 1229 Lucreti0,
923 1157 949 1216 si
971 1173 1006 1217 se

20 1236 100 1311 llago
124 1253 167 1297 ex
183 1237 354 1314 Liguribus
376 1238 504 1314 propius
531 1236 636 1310 urbem
657 1245 794 1316 moveat,
818 1237 939 1299 obviam
961 1241 1005 1299 ire

20 1327 107 1396 parat,
132 1321 161 1380 si
171 1321 303 1382 Poenus
318 1323 377 1382 sub
391 1323 503 1398 angulo
515 1321 638 1398 Alpium
654 1323 775 1398 quietus
791 1337 826 1382 se
841 1325 1004 1398 contineat,

20 1404 124 1480 etipse
139 1405 172 1464 in
186 1405 301 1465 eadem
315 1405 440 1481 regione
455 1406 536 1465 circa
547 1405 715 1466 Ariminum
728 1406 832 1466 ltaliae
847 1408 1004 1482 praesidio

20 1487 144 1549 tuturus.

96 1573 150 1632 Vl.
178 1573 260 1634 Post
272 1573 401 1633 reditum
417 1589 455 1632 ex
470 1573 574 1633 Africa
589 1575 620 1634 c.
636 1575 731 1634 Laelii
745 1581 776 1634 et
790 1573 936 1652 Scipione
951 1577 1000 1636 sti

20 1655 126 1715 mulato
141 1655 335 1718 Masinissae
349 1656 618 1732 adhortationibus,
640 1665 669 1719 et
683 1658 837 1733 militibus,
858 1660 1004 1736 praedam

22 1752 58 1795 ex
72 1737 207 1802 hostium
222 1749 305 1801 terra
319 1741 512 1801 cernentibus
527 1747 591 1802 tota
605 1744 706 1802 classe
726 1741 838 1815 efferri,
861 1745 1001 1804 accensis

20 1821 57 1879 ad
77 1823 283 1885 traiciendum
304 1841 395 1901 quam
416 1824 560 1900 primum,
590 1825 752 1887 intervenit
777 1825 885 1887 maiori
905 1829 1005 1888 minor

22 1907 160 1978 cogitatio
175 1909 297 1969 Locros
312 1908 418 1968 urbem
432 1909 610 1984 recipiendi,
631 1925 711 1985 quae
726 1907 784 1970 sub
800 1910 1003 1970 delectionem

20 1987 120 2050 ltaliae
131 1992 310 2052 desciverat
324 1993 436 2068 etipsa
450 1992 490 2051 ad
496 1992 627 2068 ⁴Poenos.
649 2009 723 2068 spes
734 1997 835 2052 autem
849 1993 1003 2053 adlectan-

23 2071 76 2130 dae
89 2075 157 2136 eius
168 2078 216 2137 rei
232 2093 272 2136 ex
283 2077 406 2137 minima
419 2091 454 2135 re
469 2075 601 2138 adllrlsit.
624 2075 790 2136 latrociniis
802 2076 899 2152 magis
912 2093 1003 2152 quam

23 2154 95 2216 iusto
110 2157 196 2220 bello
213 2159 244 2220 in
258 2159 381 2220 Bruttiis
397 2157 580 2234 gerebantur
591 2175 654 2235 res,
676 2158 828 2236 principio
849 2158 887 2219 ab
902 2159 1003 2220 Numi·

24 2237 66 2298 dis
87 2242 168 2305 lacto
197 2251 229 2305 et
248 2244 371 2304 Bruttiis
393 2260 454 2303 non
481 2243 626 2304 societate
652 2243 750 2318 magis
767 2241 883 2302 Punica
912 2260 1003 2319 quam

25 2332 129 2400 suopte
149 2327 275 2403 ingenio
298 2326 533 2402 congruentibus
554 2326 586 2387 in
603 2344 672 2388 eum
687 2341 812 2388 morem.
846 2334 1003 2402 postremo

24 2404 147 2470 Romani
164 2427 291 2487 quoque
304 2411 365 2470 iam
380 2411 561 2486 contagione
574 2410 706 2485 quadam
719 2416 809 2486 rapto
823 2410 1002 2486 gaudentes,

28 2499 166 2561 quantum
182 2495 349 2571 perduces
365 2493 483 2566 licebat,
500 2495 700 2555 excursiones
717 2493 747 2554 in
763 2493 896 2554 hostium
911 2511 1002 2570 agros

26 2571 130 2636 iacere.
164 2579 203 2638 ab
226 2578 264 2638 iis
285 2579 403 2654 egressi
419 2578 541 2654 quidam
562 2578 669 2638 urbem
682 2579 854 2638 Locrenses
874 2577 1017 2660 circum·

27 2659 102 2718 venti
114 2661 310 2738 Regiumque
324 2661 467 2723 abstracti
482 2661 610 2722 lucrant.
643 2663 673 2722 in
689 2678 727 2724 eo
743 2661 934 2736 captivorum
949 2680 1003 2724 nu·

28 2754 104 2801 mero
127 2746 206 2807 labri
221 2745 345 2823 quidam
359 2747 459 2821 luere,
482 2745 601 2807 adsueti
624 2747 707 2821 apud
720 2746 842 2806 Poenos
862 2746 1003 2806 mercede

29 2836 100 2896 opus
114 2828 145 2887 in
162 2846 234 2890 arce
247 2829 415 2890 Locrorum
430 2831 540 2889 lacere.
572 2829 603 2890 hi
618 2829 730 2904 cogniti
753 2829 791 2888 ab
805 2829 1001 2892 Locrensium

32 2907 226 2988 principibus,
250 2913 300 2987 qui
316 2914 397 2989 pulsi
418 2913 456 2972 ab
477 2914 612 2974 adversa
625 2913 772 2986 factione,
796 2929 876 2988 quae
889 2913 1001 2974 Hanni·

30 2987 84 3050 bali
98 2993 214 3058 Locros
234 2997 416 3072 tradiderat,
438 2996 567 3073 Regium
587 3013 622 3058 se
643 2998 847 3070 contulerant,
870 3013 939 3056 cum
954 3013 1002 3056 ce-

32 3077 89 3134 tera
98 3082 366 3153 percunctantibus
382 3114 423 3126 -
433 3088 467 3142 ut
477 3096 545 3142 mos
558 3087 605 3141 est
617 3081 670 3156 qui
681 3081 735 3142 diu
745 3080 857 3140 absunt
866 3095 1003 3163 -'quae

33 3154 106 3220 domi
121 3172 282 3240 agerentur
296 3164 521 3240 exposuissent,
542 3181 630 3241 spem
644 3165 790 3237 lecerunt,
814 3162 839 3222 si
854 3163 1001 3236 redempti

35 3254 66 3297 cc
78 3249 197 3309 remissi
211 3251 319 3325 forent,
335 3265 436 3308 arcem
451 3249 538 3308 sciis
553 3249 728 3309 tradituros.
750 3245 792 3306 ibi
807 3260 843 3305 se
855 3245 1002 3318 habitare,

35 3321 180 3412 fidemque
201 3333 259 3394 sibi
273 3349 375 3395 rerum
395 3333 528 3394 omnium
545 3332 624 3393 inter
638 3329 904 3405 Carthaginienses
921 3343 1002 3388 esse.

35 3412 125 3484 ltaque
146 3423 178 3477 ut
199 3419 251 3494 qui
273 3419 363 3479 simul
383 3415 536 3478 desiderio
557 3415 674 3492 patriae
694 3418 891 3488 angerentur,
914 3411 1003 3472 simul

38 3493 187 3567 eupiditate
201 3502 341 3562 inimicos
351 3499 520 3561 ulciscendi
535 3499 686 3574 arderent,
706 3497 874 3572 redemptis
888 3502 1002 3556 extemu
