2434 3902
164 169 228 236 res
312 169 574 232 arcanarum.
594 169 676 231 cnr.
693 177 757 232 aa.
780 176 816 244 p.
830 174 977 243 ossea

163 323 365 386 voluntariam
388 321 574 384 deditionem
589 321 829 382 concessissent.
866 320 1049 397 compositis
1066 319 1150 381 circa

165 408 315 486 Opuntem
329 407 423 468 robus
438 405 603 468 Thronium
617 410 666 465 est
679 405 848 480 proiectus.
871 405 1033 466 etAttaius
1048 404 1150 480 primo

165 492 276 554 Oreum
297 499 345 552 est
366 483 538 566 protectis:
557 489 638 560 iude,
661 503 730 549 curu
744 489 826 549 lauta
839 488 1006 549 accidisset
1019 487 1151 550 Prusian

164 575 326 654 Bithyniae
341 589 444 648 regem
458 573 488 633 in
503 574 582 633 hares
597 573 684 648 regui
698 573 747 634 sui
761 578 1000 646 transgressum,
1023 572 1151 632 omissis

165 660 259 720 rebus
274 666 367 734 atque
380 657 519 718 Aetolico
535 656 615 717 betto
631 657 662 715 in
676 657 782 716 Asiam
796 656 924 721 traiecit.
946 663 976 718 et
991 655 1151 732 Sulpicius

165 745 315 818 Aeginam
331 743 462 802 classem
477 741 603 816 recepit,
618 741 701 801 utrde
711 741 795 801 initio
808 741 891 800 veris
903 743 1068 816 proiectus
1079 747 1151 800 erat

164 827 249 888 haud
268 827 383 886 maiore
404 826 584 898 certamine,
607 839 699 900 quem
715 823 865 899 Opuntem
880 825 1001 886 Attalus
1017 833 1152 901 ceperat

164 910 323 987 Philippus
338 910 503 970 Thronium
517 909 608 985 cepit.
633 908 808 970 incolebant
820 908 927 969 urbem
944 923 1014 970 eam
1028 910 1152 985 profugi

167 996 205 1055 ab
218 995 330 1056 Thebis
345 993 537 1054 Phthioticis:
558 992 635 1052 urhe
655 1007 714 1052 sua
735 999 825 1068 capta
840 1007 858 1053 a
874 992 1015 1069 Philippo
1034 1009 1113 1054 cum
1127 995 1152 1053 in

166 1079 258 1140 iidem
274 1079 453 1140 Aetolorum
474 1077 699 1152 perfugissent,
721 1075 829 1137 sedem
843 1075 881 1138 iis
896 1078 997 1138 Aetoii
1011 1091 1091 1137 eam
1105 1079 1152 1138 de

167 1162 275 1224 derant
289 1163 374 1223 urhis
388 1168 527 1222 vastatae
542 1176 579 1221 ac
594 1161 736 1222 desertae
750 1163 854 1236 priore
868 1159 1009 1224 eiusdem
1018 1158 1151 1238 Philippi

166 1247 256 1309 hello.
279 1254 343 1308 tum
357 1247 395 1307 ab
407 1245 549 1319 Thronio,
566 1244 645 1306 sicut
659 1251 729 1306 ante
744 1245 858 1306 dictum
872 1251 928 1320 est,
942 1252 1079 1322 recepta
1087 1263 1152 1323 pro·

167 1333 265 1393 lectus
280 1329 446 1392 Tithronon
467 1337 498 1391 et
511 1330 669 1408 Drymias,
690 1328 815 1390 Doridis
836 1344 934 1404 perna
954 1335 1056 1405 atquc
1070 1331 1151 1406 iguo-

166 1415 239 1476 bilia
259 1415 389 1491 oppida,
412 1415 502 1490 cepit.
540 1414 612 1473 inde
626 1413 769 1487 Elatiam,
789 1413 885 1474 iussis
903 1412 945 1473 ihi
960 1428 997 1473 se
1014 1415 1151 1489 opperiri

167 1499 332 1560 Ptolemaei
359 1498 613 1573 Rhodiorumque
641 1497 764 1572 legatis,
794 1498 888 1558 venit
931 1497 983 1556 ubi
1013 1513 1091 1558 eum
1117 1499 1151 1558 de

167 1582 302 1642 liniendo
317 1581 456 1642 Aetolico
478 1581 559 1642 bello
575 1589 717 1656 ageretur
734 1613 771 1626 —-
788 1582 950 1643 adfuerant
964 1581 1053 1642 euim
1068 1583 1151 1658 iegati

169 1681 266 1740 nuper
280 1665 449 1726 Heracleas
469 1667 599 1726 concilio
614 1666 821 1727 Romanorum
835 1667 1087 1742 Aetolorumque
1098 1699 1150 1738 -,

167 1749 292 1810 nuntius
313 1749 449 1810 adfertur
468 1747 681 1810 Machanidam
704 1749 916 1828 Olympiorum
936 1750 1093 1812 sollemne
1113 1753 1151 1810 iu

168 1833 285 1894 dicrum
299 1840 443 1910 parantes
457 1833 550 1896 Eleos
566 1833 693 1909 adgredi
710 1836 866 1896 statuisse.
895 1835 1150 1910 praevertendum

167 1917 199 1978 id
213 1924 297 1978 ratus
311 1920 419 1993 legetis
436 1931 505 1978 cum
519 1917 653 1993 benigno
668 1933 823 1995 responso
839 1917 985 1992 dimissis,
1003 1933 1041 1978 se
1058 1934 1151 1995 neque

168 2015 293 2064 causam
314 2003 380 2064 eius
401 2003 473 2063 belii
495 2002 609 2076 luisse,
632 2015 689 2062 uec
703 2017 835 2078 rnoraru,
858 2002 994 2063 simodo
1010 2008 1153 2079 aequaet

167 2084 298 2147 honesta
320 2085 503 2148 condicione
523 2087 626 2159 liceat,
649 2087 721 2162 paci
735 2088 900 2161 iacturum,
923 2101 995 2146 eum
1009 2087 1153 2164 expedito

169 2170 288 2244 agmine
304 2172 460 2246 proiectus
475 2187 532 2246 per
545 2170 703 2232 Boeotiam
717 2170 842 2246 Megara
856 2177 950 2246 utaque
963 2169 1040 2230 inde
1052 2171 1152 2232 Corin-

127 2253 137 2262 '
168 2253 251 2314 thum
266 2254 435 2328 descendit,
450 2256 534 2316 uude
550 2255 771 2316 commeatibus
784 2253 915 2330 sumptis
926 2253 1072 2316 Phliunta
1082 2254 1153 2314 Phe

169 2353 323 2418 usumque
346 2339 431 2414 petit.
467 2345 497 2400 et
522 2339 581 2398 iam
608 2353 677 2399 cunr
696 2338 847 2400 ilemeam
872 2339 1024 2412 venisset,
1053 2339 1152 2400 audito

167 2420 381 2483 Machanidam
401 2425 482 2484 laura
503 2422 654 2484 adventus
676 2423 724 2483 sui
739 2423 876 2484 territum
889 2422 1049 2497 reiugisse
1063 2424 1153 2482 iace

169 2505 366 2580 daemonem,
387 2509 517 2582 Aegium
533 2523 568 2568 se
582 2507 623 2568 ad
638 2507 800 2568 concilium
814 2507 1012 2568 Aclraeorum
1027 2507 1152 2582 recepit,

168 2589 258 2650 simul
280 2591 413 2650 classem
432 2589 591 2667 Punicana,
612 2598 646 2652 ut
662 2589 738 2652 mari
760 2607 886 2667 quoquo
905 2590 1024 2666 aliquid
1046 2591 1152 2667 possit

169 2671 297 2732 accitam
312 2671 353 2732 ibi
368 2681 453 2734 ratus
469 2691 505 2736 se
517 2673 720 2736 inventurum.
743 2676 852 2750 paucis
871 2681 943 2736 ante
957 2675 1071 2736 diebus
1085 2675 1153 2735 inde

170 2751 271 2814 Oxeas
292 2757 475 2820 traiecerant
487 2757 598 2832 Poeni,
619 2759 691 2820 inde
712 2767 820 2834 portus
841 2760 1040 2820 Acamauum
1060 2759 1152 2835 petie·

168 2845 252 2911 rant,
275 2856 344 2900 cum
365 2841 404 2901 ab
420 2841 500 2904 Oreo
520 2844 693 2919 protectum
707 2844 843 2906 Attalum
856 2845 1081 2920 Romanosque
1102 2859 1152 2903 au-

169 2921 303 2997 dissent,
324 2925 412 2988 veriti
432 2942 471 2988 ne
495 2927 535 2987 ad
555 2942 590 2987 se
610 2927 705 2989 iretur
725 2934 756 2988 et
769 2929 849 2988 intra
863 2928 974 2988 Rhium
988 2957 1033 2971 ·-
1048 2928 1151 2988 lauces

169 3021 226 3066 eae
241 3014 312 3069 sunt
327 3008 472 3072 corinthii
488 3011 575 3072 sinus
589 3045 632 3056 --
647 3012 899 3088 opprimerentur.

254 3093 332 3153 VIII.
357 3093 518 3170 Philippus
533 3096 690 3156 maerebat
704 3096 829 3171 quidem
845 3105 875 3156 et
889 3095 1069 3172 angebatur,
1085 3110 1149 3154 oum

70 3186 73 3192 ·
170 3173 213 3232 ad
231 3177 334 3236 omnia
348 3177 417 3252 ipse
431 3179 541 3254 raptim
556 3181 641 3253 isset,
656 3179 731 3239 nulli
745 3189 846 3240 tamen
859 3197 894 3240 se
907 3180 952 3240 rei
966 3179 999 3239 in
1013 3186 1149 3254 tempore

173 3260 362 3333 occurrisse,
384 3266 414 3320 et
429 3261 598 3336 rapientem
613 3263 715 3322 ouantia
729 3279 769 3322 ex
785 3265 883 3325 ocutis
898 3262 1032 3324 elusisse
1047 3262 1148 3323 celeri·

171 3344 262 3399 tatem
274 3359 362 3402 suam
373 3343 534 3404 iomanem.
549 3344 718 3405 inconcilio
733 3355 834 3407 autern
846 3346 1045 3408 dissimulans
1056 3345 1148 3422 aegri·

174 3421 309 3484 tudinem
323 3425 403 3486 elato
419 3427 519 3487 animo
534 3426 693 3502 disseruit,
713 3435 842 3491 testatus
858 3429 936 3491 deos
950 3429 1148 3503 hominesque
