2428 3892
158 157 201 224 98
359 157 475 220 LIBER
485 157 580 220 XXV.
599 156 738 224 CAP.39.
754 163 791 232 [ι.
805 162 875 216 lle.
888 163 954 229 aiot

157 311 270 374 cohors
284 312 426 374 Romana
440 317 505 372 artc
518 309 634 374 Punica
646 309 768 372 abditur
782 314 813 370 ct
826 308 959 384 equites.
986 307 1030 369 ita
1043 307 1146 370 medio

156 397 269 464 itinero¹
285 395 454 470 intercepto
470 401 591 462 ceterae
605 393 716 470 copiae
731 393 968 468 silantiagminc
982 393 1025 454 ad
1041 393 1145 467 proxi·

156 497 226 542 nros
246 479 353 542 nostes
375 479 502 553 ductae,
523 487 638 541 etcum
652 478 742 540 statio
758 479 841 541 natta
854 493 912 553 pro
927 477 1029 552 portis
1046 491 1148 552 nequo

157 564 188 625 in
208 565 290 627 vallo
313 563 473 628 custodiae
494 570 616 637 essent,
636 563 722 623 velut
739 562 780 622 in.
792 577 859 624 sua·
871 568 976 623 costra
993 561 1149 622 nultons·

158 665 250 724 qinom
266 647 661 723 obsistentencnetravcrc.
683 647 755 708 inde
767 645 1150 720 signacanaatcttollitur

158 733 282 798 clamor.
318 749 392 808 pars
417 733 623 796 semisomnos
648 732 760 795 hostes
785 730 934 802 candum
962 729 1149 806 parsignes

158 815 242 882 casis
263 821 429 880 stramento
447 815 534 880 arido
556 815 645 882 tectis
666 815 805 888 iniciunt,
828 830 902 890 pars
924 819 1042 890 partas.
1059 829 1149 876 oocu-

160 907 248 976 pant,
267 907 302 964 ut
322 901 425 976 rugam
445 899 658 963 intercludant.
694 900 802 962 hostes
823 898 1017 974 simulignis
1033 899 1151 961 clamor

160 985 373 1050 caedasnclut
386 985 537 1050 alienatos
553 984 771 1050 sensibusncc
785 982 895 1044 audino
907 997 969 1044 nac
981 982 1150 1059 providere

161 1069 461 1144 quioauamlsinunt
497 1068 636 1133 incidunt
646 1069 782 1132 inermos
798 1068 878 1130 intcr
891 1072 1150 1132 catervasrarma·

159 1162 275 1224 tornrn,¹
293 1153 342 1216 alii
352 1153 497 1223 ruuntad
507 1159 626 1228 noras,
641 1153 693 1216 alii
705 1151 865 1227 obsaeptis
874 1151 1150 1226 itineribussnper

160 1238 412 1308 vallumsaliunt
432 1246 463 1302 ct
476 1246 512 1300 ut
527 1237 660 1314 quisquc
673 1243 824 1308 evaserat,
841 1237 1037 1312 protinusrad
1049 1242 1147 1301 castra
1205 1296 1206 1301 ,

160 1323 402 1398 alteratugiant„
411 1322 466 1388 olai
479 1321 517 1388 ab
532 1321 873 1398 cohorte-sttequitilras
888 1323 1148 1396 exoaadtanro·

162 1407 363 1476 currentibus.
377 1407 576 1472 circumventi
596 1406 743 1482 caesique
764 1406 805 1468 ad
825 1421 921 1468 unum
933 1411 1147 1468 manascunt:

163 1506 365 1567 quamquam,
391 1490 510 1556 etamsi
536 1491 606 1567 quis
628 1506 727 1554 enea
747 1490 844 1552 caede
865 1489 1045 1566 emisisset,
1070 1490 1148 1552 adco

161 1574 271 1649 raptim
285 1573 418 1649 aconas
440 1574 814 1651 propioribuscastnlsia
825 1575 921 1636 altaro
928 1581 1148 1638 transcursum

164 1663 266 1724 castro
285 1657 485 1728 abtRoman'tt
499 1667 563 1736 cst,
584 1668 616 1722 ut
631 1659 1147 1736 praavcrironantiuacladionon

166 1748 285 1818 posset.
318 1741 470 1820 rainero,
494 1745 693 1820 qualongtns
708 1743 747 1802 ab
762 1743 1011 1819 hostoobsrant,
1033 1749 1065 1806 ot
1079 1744 1148 1819 quia

164 1825 222 1890 sub
242 1826 343 1894 lucem
364 1827 542 1904 pabulatum
562 1829 769 1904 lignatumque
784 1827 1009 1904 coproodatum
1017 1828 1148 1904 nuidorn

164 1910 427 1988 dilapsiiuerant,
451 1915 590 1989 neglccta
604 1914 702 1989 magis
716 1913 821 1975 omnia
834 1913 1147 1987 aasolutarinnonne,

164 2009 252 2056 arma
275 1998 646 2066 tantominstationibus
667 1997 783 2073 posito,
809 1998 920 2058 milites
941 1997 1084 2060 inermes
1099 2003 1149 2058 aut

163 2079 245 2140 humi
260 2081 409 2146 sodanias.
416 2082 671 2158 accubantesque
685 2081 987 2146 autobarnhulnnt‘ss
1003 2085 1147 2144 antovai-

165 2164 225 2224 lum
246 2171 428 2243 portasque.
460 2183 532 2230 oum
550 2166 599 2228 his
621 2173 682 2226 tarn
696 2166 815 2228 securis
824 2166 1006 2243 ‘solutisque
1019 2166 1147 2228 Romani

163 2249 298 2314 calentes
313 2250 415 2315 adnuo
427 2252 466 2312 ab
476 2250 592 2312 recenti
603 2266 709 2326 pugna
720 2251 906 2326 ferocesque
916 2251 1047 2313 victoria
1058 2267 1147 2328 proc

164 2331 236 2394 liunt
257 2333 370 2395 incunt
406 2335 849 2411 itaouonoquaquomnosisti
872 2335 905 2396 in
925 2337 1025 2411 portis
1040 2336 1146 2412 potuit.

164 2416 242 2476 intra
264 2425 371 2493 portas
392 2434 546 2480 concursu
566 2436 611 2483 ern
620 2419 692 2480 totis
707 2420 818 2482 castris
834 2420 874 2482 ad
889 2420 1021 2496 primunr
1037 2423 1148 2482 clamo·

164 2514 231 2560 rem
245 2509 275 2561 ot
288 2503 449 2565 tumultum
471 2503 551 2565 iacto
566 2511 655 2566 atrox
670 2498 940 2580 procliumoritar.
975 2505 1093 2581 diuque
1106 2511 1148 2566 tc

167 2583 299 2657 nuisset‚
321 2586 352 2646 ni
366 2593 493 2646 cruenta
503 2589 819 2654 soutdltomonorurn
830 2589 899 2652 visa
913 2589 1061 2650 indicium
1073 2591 1148 2651 aite-

164 2665 229 2730 n'us
255 2667 352 2729 cladis
373 2668 484 2738 Poenis
509 2677 602 2748 atquo
619 2672 693 2734 inde
714 2689 861 2748 pavorem
881 2674 1070 2751 iniecisscnt,
1101 2673 1149 2734 hio

164 2757 263 2841 terror
276 2751 307 2811 in
323 2753 424 2830 iugam
440 2756 549 2818 avertit
562 2771 684 2826 omncs;
707 2757 862 2835 effusique
877 2775 940 2834 qua
949 2758 1009 2820 iter
1019 2766 1076 2834 est,
1091 2757 1150 2818 nisi

168 2851 247 2911 quos
263 2837 376 2899 caedes
392 2841 556 2917 oppressit,
573 2848 727 2903 exuuntur
741 2843 860 2904 castris.
882 2844 924 2903 ita
939 2849 1031 2904 nocta
1048 2843 1148 2904 aedis

165 2918 238 2980 bina
259 2929 360 2986 castra
378 2924 514 2988 hostiurn
535 2934 712 3002 expugnata
732 2927 825 2989 ductu
845 2928 877 2988 L.
893 2927 1010 2988 Marcii.
1038 2927 1079 2988 ad
1100 2926 1149 2986 tri·

165 3003 250 3079 ginta
263 3014 381 3084 septam
396 3010 479 3072 milio
491 3009 626 3072 hostiurn
640 3028 734 3073 cansa
748 3019 914 3074 auctorest
925 3011 1082 3086 Claudius,
1098 3009 1149 3088 qui

165 3091 293 3152 annales
306 3095 465 3157 Acilianos
480 3096 653 3158 ex.Groeao
668 3097 698 3157 in
709 3097 850 3158 Latinum
863 3112 1040 3158 sermonem
1052 3096 1149 3170 vortit,

165 3181 275 3250 captos
296 3179 337 3238 ad
357 3180 440 3240 milla
461 3180 651 3255 octingentos
672 3181 807 3255 triginta,
830 3181 978 3257 praedam
997 3182 1149 3256 ingentem

167 3265 313 3331 inoratam.
345 3262 376 3321 in
397 3278 445 3324 oa·
457 3263 554 3324 iuissa
568 3263 700 3339 clipeum
713 3271 892 3340 argenteum
908 3265 1015 3341 pondo
1031 3273 1149 3326 centum

165 3341 288 3416 triginta
308 3352 427 3420 septem
448 3361 518 3406 omn
537 3346 669 3422 imagine
682 3348 805 3408 Barcini
818 3349 1032 3411 Hasdrubalis.
1060 3350 1148 3410 Vale·

166 3423 232 3484 rins
252 3427 361 3488 Antias
384 3445 447 3516 una
472 3436 574 3491 castra
592 3429 732 3505 Magonis
755 3439 846 3509 capta
865 3433 1007 3509 tradidit,
1032 3439 1148 3510 separo
