2434 3902
198 197 309 258 ttBER
322 197 457 258 xxvttt.
480 197 562 256 CAP.
578 207 604 260 a.
619 208 645 259 r.
669 204 706 271 [a.
721 203 753 255 c.
768 202 831 269 aon]
942 195 1005 260 223
1059 237 1062 244 .

37 357 92 412 turn
111 348 190 408 mille
212 347 346 424 equittun
367 348 408 408 ad
429 349 667 424 oppugnandam
689 349 953 424 opulentissimam
972 349 1003 408 in

38 433 68 494 lis
81 433 153 494 locis
168 431 271 491 urbem
291 465 335 478 -
349 430 483 507 Orongin
497 431 618 492 barbari
633 432 830 508 appellabant
845 466 886 480 -
907 433 1004 493 mittit.

38 517 87 577 sita
101 517 129 577 in
142 515 333 576 Maesessum
347 515 460 578 finibus
475 522 530 590 est,
545 517 702 592 Hispanae
716 518 832 592 gentis;
855 533 928 592 ager
943 518 1004 578 iru-

37 602 118 676 giler;
133 606 290 675 argentum
305 600 395 660 etiam
410 599 529 660 incolae
543 601 672 662 fodiunt.
695 617 732 662 ea
746 617 803 662 arx
817 602 915 662 luerat
925 603 1002 662 Has-

39 684 142 744 drubali
163 685 203 744 ad
225 684 424 744 excursiones
446 684 528 745 circa
547 681 786 748 mediterraneos
801 686 938 762 populos
960 687 1004 745 l—

39 769 159 828 ciendas.
193 767 298 844 Scipio
318 768 427 828 castris
447 785 545 845 prope
566 768 671 830 urbem
693 770 802 845 positis
824 769 1004 847 priusquam

40 853 265 912 cucumvallaret
287 851 408 927 urbem,
430 853 512 914 misit
526 855 565 913 ad
579 859 685 929 portas
703 854 753 928 qui
775 869 813 913 cx
829 853 1003 930 propinquo

40 936 168 1012 adloquio
184 937 304 996 animos
318 943 513 1014 temptarent,
536 937 777 1012 suaderentque,
799 946 830 999 ut
844 938 1005 998 amicitiam

41 1021 126 1096 potius
141 1037 233 1098 quam
247 1021 310 1080 vim
324 1021 534 1097 experirentur
548 1023 763 1083 Romanorum.
798 1022 849 1082 ubi
863 1021 936 1082 nihil
949 1039 1004 1098 pa-

40 1107 87 1164 cati
105 1105 362 1182 respondebatur,
396 1106 484 1166 lassa
509 1106 686 1182 duplicique
711 1107 791 1167 vallo
819 1106 1002 1171 circumdata

40 1191 102 1249 urbe
114 1190 141 1250 in
155 1196 217 1250 tres
231 1197 335 1266 partes
351 1191 518 1250 exercitum
532 1191 648 1265 dividit,
670 1198 703 1252 ut
718 1207 778 1250 una
793 1206 916 1265 semper
930 1206 1004 1266 pars

41 1274 133 1348 quietis
152 1274 272 1335 interim
292 1273 412 1335 duabus
434 1281 634 1351 oppugnaret.
663 1275 760 1350 prima
774 1291 847 1350 pars
863 1290 931 1335 otim
951 1275 1004 1334 ad·

41 1364 101 1418 ora·
113 1375 290 1435 oppugnare
311 1365 372 1431 est,
396 1366 484 1420 atrox
500 1375 576 1420 sane
589 1367 619 1418 et
639 1375 755 1434 anceps
769 1357 919 1435 proelium
933 1359 1003 1419 suits

42 1457 91 1502 non
104 1443 217 1518 subire,
241 1459 304 1503 non
319 1444 420 1503 scalas
436 1444 515 1503 terre
529 1444 570 1503 ad
584 1459 687 1504 muros
702 1459 777 1519 prae
799 1442 1002 1504 incidentibus

43 1527 97 1586 telis
115 1528 200 1589 facile
222 1535 304 1599 erat3
327 1535 358 1588 et
378 1529 438 1588 iam
453 1528 505 1603 qui
526 1535 688 1588 erexerant
702 1529 742 1588 ad
756 1545 875 1589 murum
889 1529 1002 1603 scalas,

42 1611 82 1670 alii
95 1612 179 1674 turcis
194 1613 237 1673 ad
252 1612 283 1672 id
304 1611 407 1688 ipsum
421 1611 510 1672 lactis
526 1611 776 1687 detrudebantur,
800 1613 831 1672 in
845 1612 923 1674 alios
938 1613 1003 1690 lupi

43 1710 155 1770 superne
169 1697 261 1758 terrei
282 1695 398 1768 iniecti,
419 1695 493 1758 utin
510 1697 647 1773 periculo
662 1705 782 1770 essent,
804 1714 842 1757 ne
857 1699 1003 1773 suspensi

43 1777 66 1836 in
83 1796 190 1842 murum
212 1781 452 1843 extraherentur.
485 1781 568 1858 quod
588 1781 639 1844 ubi
661 1782 873 1843 animadvertit
887 1781 1002 1858 Scipio,

44 1863 118 1924 nimia
135 1865 287 1942 paucitate
307 1881 433 1926 suorum
460 1873 663 1941 exaequatum
684 1873 836 1928 certamen
858 1881 944 1940 esse,
973 1875 1003 1926 et

44 1946 90 2005 iarn
102 1965 135 2010 eo
150 1965 298 2026 superare
311 1951 436 2011 hostem
448 1951 532 2025 quod
546 1966 584 2010 ex
600 1965 686 2012 muro
703 1956 860 2026 pugnaret,
882 1950 1002 2012 duabus

45 2030 115 2093 simul
125 2035 270 2110 partibus,
285 2035 383 2111 prima
393 2042 526 2110 recepta,
543 2034 648 2095 urbem
662 2042 710 2096 est
724 2035 900 2109 adgressus.
924 2051 1003 2108 quac

44 2131 83 2176 res
104 2125 211 2180 tantum
237 2120 364 2196 pavoris
389 2119 491 2181 iniecit
515 2120 607 2180 sessis
634 2119 694 2180 iam
720 2135 787 2179 cum
813 2117 918 2194 primis
948 2135 1000 2193 pu·

45 2203 154 2278 grando,
169 2211 248 2266 utet
263 2205 410 2281 oppidani
425 2204 546 2265 moenia
557 2203 715 2280 repentina
730 2204 801 2277 luga
816 2203 1002 2278 desererent,

45 2285 210 2350 etPunicum
231 2286 420 2366 praesidium
434 2296 530 2362 metu,
551 2305 589 2348 ne
605 2288 724 2365 prodita
741 2287 816 2348 urbs
836 2293 933 2361 esset,
956 2303 1001 2346 re·

45 2367 106 2430 lictis
119 2373 296 2436 stationibus
311 2375 342 2434 in
362 2391 456 2435 unum
471 2389 506 2434 se
521 2373 685 2449 colligeret.
719 2372 808 2433 timor
828 2371 900 2432 inde
915 2371 1002 2447 oppi-

47 2450 124 2517 danos
138 2457 272 2534 incessit,
293 2476 341 2532 ne,
364 2459 391 2520 si
406 2458 504 2519 hostis
518 2458 624 2519 urbem
639 2459 789 2530 intrasset,
813 2457 880 2517 sine
895 2455 1002 2516 discri-

46 2537 117 2614 mine,
127 2541 245 2604 Poenus
256 2559 294 2604 an
301 2544 458 2618 Hispanus
470 2549 561 2618 esset,
575 2543 656 2605 obvii
664 2541 781 2618 passim
790 2541 1002 2602 caederentur:

46 2626 120 2696 alque
140 2629 289 2702 patefacta
302 2634 429 2705 repente
442 2635 532 2704 porta
552 2628 727 2704 frequentes
743 2643 782 2687 ex
800 2626 916 2702 oppido
932 2641 1003 2686 scse
1068 2669 1076 2686 .

47 2704 186 2789 eiecerunt,
203 2720 290 2774 scuta
302 2729 377 2789 prae
392 2708 426 2772 s'e
438 2717 584 2786 tenentes,
599 2727 638 2772 ne
653 2714 713 2772 tela
724 2712 833 2788 procul
848 2709 1002 2771 coiceren-

48 2793 95 2864 tur,
115 2793 233 2858 dextras
248 2799 348 2858 nudas
365 2803 567 2870 ostentantes,
592 2803 623 2856 ut
636 2796 756 2872 gladios
777 2795 928 2856 abiecisse
949 2813 1002 2870 ap·

49 2886 155 2943 pareret.
177 2881 207 2940 id
221 2888 321 2942 utrum
337 2898 444 2958 parum
459 2897 498 2941 ex
513 2881 671 2942 intervallo
686 2881 726 2942 sit
740 2887 948 2956 conspectum,
965 2896 1003 2938 an
1118 2874 1128 2892 “

48 2954 120 3019 dolus
134 2964 242 3039 aliquis
258 2974 423 3042 suspectus
438 2967 534 3038 luerit,
551 2966 771 3042 incompertum
787 2972 848 3035 esta
872 2966 1003 3040 impetus

48 3035 187 3108 hostilis-in
199 3051 371 3126 transfugas
384 3052 490 3123 lactus,
503 3066 560 3111 nec
571 3066 662 3111 secus
675 3067 766 3125 quam
778 3050 910 3110 adversa
921 3047 1003 3108 acies

49 3135 137 3198 “lesos
158 3135 327 3210 eademque
342 3143 431 3211 porta
446 3134 534 3210 signa
554 3134 666 3195 infesta
680 3135 747 3196 urbi
768 3135 858 3194 illata.
891 3138 921 3191 et
936 3129 1003 3190 aliis

49 3211 163 3277 lartibus
177 3218 336 3280 securibus
353 3219 551 3294 dolabrisque
566 3219 771 3279 caedebantur
785 3223 907 3294 portae,
929 3221 959 3274 et
972 3220 1004 3273 ut

50 3292 160 3387 llljsque
181 3301 344 3366 intraverat
366 3317 485 3380 equos,
500 3304 540 3363 ad
555 3305 654 3364 iorum
676 3301 890 3376 occupandum
910 3298 1004 3357 -ita

49 3385 113 3438 enm
127 3395 317 3464 praeceptum
333 3394 398 3449 erat
411 3421 454 3432 —
474 3387 564 3448 citato
580 3403 660 3462 equo
676 3385 831 3463 pergebat.
868 3383 1004 3443 additum

50 3467 100 3520 erat
118 3473 145 3524 et
162 3469 331 3534 triariorum
358 3471 450 3548 equiti
471 3471 675 3548 praesidium=
705 3466 862 3543 legionarii
884 3473 1002 3526 ceteras
