2448 3900
254 249 369 311 LIBER
382 249 473 312 XXX
496 251 578 312 CAP.
593 259 637 313 ιιι
651 259 696 315 26
719 259 757 327 [a.
772 258 804 310 C.
818 259 882 326 208]
994 251 1057 319 347

67 406 159 468 iusso
180 403 385 500 gubernatore
405 404 446 464 ad
465 403 583 480 Leptim
604 404 723 480 appulit
743 406 876 466 classem
902 349 995 483 atquc
1015 407 1057 520 ibi

44 507 48 512 ’
67 491 180 566 copias
195 487 348 573 exposuit.
731 519 734 524 ·

156 569 282 652 xxvi.
299 567 385 632 Haec
404 587 442 633 eo
463 587 544 632 anno
564 571 596 632 in
615 571 720 632 Africa
740 579 842 647 gesta·
865 573 1058 652 insequentia

67 657 248 719 excedunt
241 672 271 716 m
286 671 356 718 eum
377 672 504 730 annum,
528 671 589 732 quo
603 653 644 715 M.
661 655 825 730 Servilius,
851 657 980 732 quitum
994 675 1058 719 ma·

68 743 168 819 gister
189 741 324 818 equitum
346 747 426 813 erat,
447 745 477 801 et
490 739 554 799 Tib.
570 740 715 801 claudius
730 739 810 801 Nero
826 742 973 802 consules
986 743 1057 804 iuoti

70 833 157 887 sum.
187 833 319 886 ceterum
341 825 422 885 exitu
438 824 606 901 superioris
622 825 693 884 anni
712 840 782 884 cum
797 825 888 900 legati
904 827 1057 888 sociarum

70 908 192 971 urbium
207 925 246 969 aa
261 907 390 970 Graecia
404 909 504 985 questi
525 915 630 969 essent
644 915 781 969 vastatos
802 925 894 984 agros
910 909 948 969 ab
963 911 1058 986 regiis

69 991 244 1070 praesidiis
252 993 472 1070 profectosque
487 993 517 1052 in
531 992 746 1053 Macedoniam
758 993 876 1068 legatos
891 993 931 1053 ad
945 1009 997 1054 res
1010 1011 1057 1054 re

68 1077 224 1156 petendas
238 1093 300 1138 non
322 1077 477 1138 admissos
493 1077 533 1137 ad
546 1076 719 1154 Philippum
733 1091 852 1152 regcnm
876 1077 967 1138 simul
980 1093 1056 1137 nun-

69 1164 203 1224 tiassent
217 1169 360 1237 quattuor
372 1161 455 1222 milia
468 1162 600 1222 militum·
609 1175 678 1222 cum
690 1161 828 1236 Sopatro
839 1161 917 1222 duce
931 1162 1058 1222 traiecta

69 1249 104 1308 in
117 1247 254 1308 Africam
268 1246 338 1320 dici,
360 1254 394 1308 ιιι
407 1253 513 1308 essent
527 1244 826 1321 Carthaginiensibus
841 1245 1007 1321 praesidio,
1029 1253 1058 1306 et

69 1330 225 1409 pecuniae
239 1331 425 1407 aliquantum
440 1331 658 1396 una-missumz
680 1331 799 1408 legatos
814 1329 856 1390 ad
869 1344 982 1408 regam,
1005 1331 1057 1406 qui

68 1417 152 1477 haee
176 1415 328 1476 adversus
354 1415 465 1477 foedus
491 1415 571 1476 iacta
594 1415 693 1475 videri
714 1413 851 1492 patribus
875 1415 1056 1489 nuntiarent,

70 1501 238 1563 mittendos
251 1501 369 1560 censuit
380 1507 515 1561 senatus.
538 1499 625 1560 missi
637 1498 669 1559 C.
677 1499 834 1560 Terentius
841 1499 942 1559 Vama
955 1498 1057 1560 Silla

70 1585 175 1646 milius
189 1583 230 1644 M.
244 1583 397 1645 Aurelius.
430 1584 467 1644 iis
483 1591 545 1644 tres
561 1583 798 1660 quinqueremes
814 1584 914 1643 datae.

158 1670 265 1729 Annus
281 1668 409 1744 insignis
424 1668 566 1729 incendio
581 1667 705 1743 ingenti,
721 1683 782 1743 quo
799 1667 1058 1729 clivusPublicias

71 1753 113 1813 ad
129 1753 228 1814 solum
243 1760 379 1831 eaustus,
400 1759 430 1813 et
443 1767 592 1828 aquarum
606 1753 822 1828 magnitudine,
844 1752 902 1812 sed
917 1767 1059 1812 annonae

26 1873 29 1878 -
74 1837 191 1898 uilitate
214 1837 283 1910 luit,
315 1843 530 1913 praeterquam
556 1836 640 1934 quod
665 1851 742 1912 pace
767 1835 867 1896 omnis
888 1835 974 1896 ltalia
995 1843 1060 1896 erat

73 1929 197 2002 aperta,
226 1923 317 1982 etiam
339 1922 424 1998 quod
444 1937 585 1996 magnam
604 1921 667 1980 vim
688 1919 829 1980 bumenti
850 1935 890 1978 ex
909 1919 1058 1995 Hispania
1132 1933 1140 1945 ’

73 2007 200 2066 missam
215 2005 256 2064 Μ.
270 2006 412 2067 Valerius
426 2005 512 2066 Falto
534 2001 617 2066 elli.
633 2003 746 2066 Fabius
759 2003 856 2064 Buteo
875 2003 991 2064 aediles
1008 2020 1059 2064 cu-

74 2089 159 2150 rules
175 2091 333 2166 quaternis
348 2091 428 2151 acris
442 2090 565 2150 vicatim
579 2089 697 2166 populo
713 2087 944 2164 discripsemut.

157 2174 276 2234 Eodem
300 2189 380 2234 anno
403 2175 492 2248 Quint
493 2191 529 2235 us
480 2171 658 2234 tiabius
676 2171 829 2233 Maximus
854 2172 980 2232 moritur
1005 2185 1057 2230 ex-

73 2265 163 2320 actae
177 2258 295 2331 aetatis
311 2259 339 2318 si
351 2259 478 2334 quidem:
487 2271 594 2318 verum
608 2263 656 2317 eat
670 2267 817 2332 augurem
829 2256 910 2317 duos
926 2263 956 2316 et
970 2269 1058 2315 sexa·

73 2345 160 2418 ginta
173 2357 272 2402 annos
287 2342 392 2417 luisse,
409 2341 632 2417 quodquidam
647 2348 791 2401 auctores
805 2347 885 2400 sunt.
915 2339 963 2398 vir
977 2343 1058 2398 certe

75 2427 134 2488 luit
147 2426 260 2504 dignus
275 2433 358 2488 tanto
375 2426 572 2502 cognomine,
592 2427 643 2485 vel
658 2424 687 2486 si
699 2440 814 2485 novum
829 2425 868 2484 ab
885 2439 922 2483 eo
945 2422 1058 2497 incipe·

73 2519 131 2572 rel.
164 2510 321 2588 superauit
334 2516 480 2587 paternos
494 2510 639 2583 honores,
662 2509 761 2569 avitos
777 2507 930 2582 aequavit.
964 2506 1060 2566 victo-

73 2597 130 2657 riis
144 2602 175 2657 et
188 2593 354 2656 maioribus
368 2594 494 2671 proeliis
509 2611 587 2654 avus
602 2592 730 2668 insignis
745 2591 869 2653 Rullus=
885 2591 942 2652 sed
958 2589 1061 2652 omnia

75 2693 211 2756 aequare
225 2695 304 2741 unus
315 2678 414 2749 hostis
425 2675 578 2739 Hannibal
592 2682 703 2754 potest.
727 2676 843 2738 cautior
855 2682 955 2736 tamea
969 2689 1061 2750 quam

76 2763 248 2841 promptior
266 2763 317 2824 hic
337 2763 476 2835 habitus·
505 2770 535 2823 et
556 2763 635 2823 sicut
654 2759 789 2835 dubites,
816 2768 917 2821 utrum
938 2759 1060 2836 ingenio

76 2853 199 2908 cunctat
200 2864 235 2909 or
187 2847 352 2922 tulerit,
375 2863 414 2908 an
430 2847 502 2923 quia
515 2847 557 2908 ita
570 2845 652 2906 bello
667 2845 807 2922 proprie,
831 2844 917 2919 quod
930 2851 994 2904 tum
1008 2857 1060 2918 ge·

76 2932 217 3008 rebatur,
239 2938 343 3008 aptum
357 2938 430 3007 erat,
454 2931 499 2992 sio
514 2931 587 2991 nihil
602 2929 713 2991 certius
729 2935 778 2990 est
791 2943 882 3013 quam
896 2926 990 2989 unum
1004 2927 1060 2986 ho

78 3015 192 3077 minem
206 3015 296 3077 uobis
312 3015 483 3078 cunctando
497 3031 562 3075 rent
575 3013 763 3090 restituisse,
787 3013 865 3073 sieut
878 3011 994 3071 Ennius
1010 3009 1060 3070 ait.

78 3115 179 3176 augur
191 3101 222 3160 in
237 3100 340 3160 locum
355 3100 426 3160 eius
436 3101 632 3175 inauguratus
648 3099 775 3174 Quintus
789 3094 1060 3157 FabiusMaximus

78 3184 177 3254 lilius-3
198 3185 229 3244 iu
245 3183 388 3245 eiusdem
398 3184 498 3244 locum
513 3183 712 3260 pontilbx-
726 3197 797 3242 nam
813 3180 873 3240 duc
890 3177 1063 3239 sacerdotia

78 3266 184 3329 habuit
197 3299 237 3312 -
254 3267 320 3329 Ser.
337 3266 491 3344 Sulpicius
508 3267 612 3328 Galba.

162 3351 239 3413 Ludi
258 3349 387 3413 Romani
408 3349 489 3412 ιιιιιιιι
508 3363 616 3424 unum,
639 3348 751 3426 plebeii
769 3354 816 3409 ter
828 3346 883 3408 toti
904 3343 1062 3406 instaurati

80 3435 119 3495 ab
135 3436 284 3497 aedilibus
298 3431 339 3496 lu.
356 3435 461 3497 Sextio
477 3433 591 3496 Sabino
607 3439 637 3494 et
652 3433 705 3494 Cn.
719 3431 879 3494 Tremellio
895 3429 1015 3489 Flacco.
1042 3428 1062 3487 ii

82 3519 171 3580 ambo
196 3527 354 3598 praetores
381 3518 450 3579 iacti
477 3525 507 3578 et
531 3533 600 3580 cum
624 3517 662 3576 iis
684 3517 715 3578 C.
736 3515 840 3576 Livius
858 3513 1011 3574 Salinator
1034 3517 1062 3571 el
