2448 3900
207 223 440 294 LiBllltllex.
464 225 546 288 cdl).
560 236 602 287 11.
615 237 657 290 m.
679 235 714 302 [a.
728 235 834 304 caus]
961 231 1023 297 aul

11 377 73 442 Μ.
89 379 241 441 Valerius
255 379 341 441 Falto
356 380 504 442 nuntiavit
518 379 608 442 deam
622 383 795 458 apportari:
817 386 1028 459 quaerendum

10 466 138 526 virum
156 464 304 541 optimum
317 465 348 524 in
364 465 485 526 civitate
500 480 581 541 esse,
604 467 655 542 qui
671 482 739 528 eam
752 467 810 528 n'te
825 467 961 546 hospitio
976 487 1027 532 ac·

13 550 165 626 ciperet.

121 632 157 707 Q.
175 631 327 693 caecilius
341 632 482 694 Metellus
504 633 635 695 dictator
655 636 694 696 ab
710 637 839 697 consule
853 635 885 696 in
899 637 1026 700 Bruttiis

14 718 232 781 comitiorum
246 732 342 777 causa
357 717 466 792 dictus,
481 716 700 794 exercitusque
713 719 779 781 eius
791 719 948 797 dimissus,
963 738 1027 784 ma-

15 803 132 878 gister
148 801 285 878 equiturn
295 801 329 860 L.
339 803 484 864 Veturius
496 801 592 864 Philo.
616 803 740 864 comitia
751 803 854 866 habita
863 821 921 881 per
931 805 1026 868 dicta·

16 895 145 948 torem.
176 887 322 948 consules
343 887 414 948 iacti
428 885 468 946 Μ.
485 883 644 949 cornelius
667 886 818 964 Cethegus
832 888 866 950 P.
881 889 1025 966 Sempro·

18 972 104 1032 nius
112 970 284 1032 Tuditanus
296 971 419 1044 absens,
434 985 502 1031 cum
515 971 705 1047 provinciam
719 971 877 1032 Graeclam
888 972 1025 1036 haberet

20 1063 199 1131 praetores
213 1054 285 1115 inde
301 1055 395 1115 creaui
409 1055 473 1115 Tib.
487 1055 633 1117 Claudius
643 1057 724 1117 Nero
735 1055 775 1114 Μ.
788 1055 923 1118 Marcius
938 1058 1026 1120 Ralla

21 1141 61 1200 L.
72 1139 259 1200 Scribonius
271 1139 348 1200 Libo
359 1139 399 1198 Μ.
411 1139 599 1216 Pomponius
611 1139 724 1202 Matho.
748 1140 878 1202 caurillis
891 1141 1024 1217 peractis

22 1224 169 1285 dictator
183 1238 255 1284 sese
269 1223 449 1298 magistratu
463 1224 628 1285 abdicavit.

119 1308 199 1368 Ludi
213 1308 342 1368 Romani
358 1315 411 1382 tor,
426 1308 539 1383 plebeii
555 1309 693 1385 septiens
708 1309 877 1370 instaurati.
900 1311 1023 1371 currdes

24 1398 122 1452 erant
137 1391 254 1453 aediles
269 1392 321 1453 cn.
336 1399 367 1454 et
380 1392 413 1451 L.
426 1391 557 1454 Cornelii
571 1392 700 1456 Lentuli.
719 1394 832 1458 Lucius
842 1392 1023 1469 Hispaniam

26 1476 229 1552 provinciam
249 1477 397 1537 habebat:
419 1477 534 1538 absens
556 1485 677 1540 creatus
699 1479 813 1540 absens
835 1493 905 1539 eum
924 1477 1023 1541 hono·

26 1577 99 1621 rem
124 1561 231 1636 gessit.
266 1561 330 1620 Tib.
355 1562 498 1623 claudius
518 1565 643 1624 Asellus
665 1571 696 1625 el
714 1564 755 1624 Μ.
770 1563 876 1626 lunius
897 1562 1020 1625 Pennus

29 1645 148 1721 plebeil
163 1645 279 1706 aediles
295 1647 425 1708 buerunt.
448 1647 557 1708 aedem
568 1647 696 1710 Virtutis
706 1665 744 1726 co
757 1665 839 1711 anno
851 1648 892 1708 ad
902 1653 1021 1724 portam

30 1730 190 1804 Capenam
211 1729 251 1788 M:
267 1730 431 1791 Marcellus
458 1731 612 1792 dedicavit
632 1734 764 1809 septimo
786 1733 907 1794 decimo
928 1749 1020 1807 anno,

30 1823 200 1889 postquam
216 1830 235 1873 a
253 1821 340 1890 patre
362 1815 429 1876 eius
444 1816 543 1891 primo
560 1819 723 1879 consulatu
736 1824 809 1878 vota
823 1817 852 1876 in
869 1816 965 1878 Gabia
983 1816 1021 1879 ad

29 1899 214 1958 Clastidium
229 1898 335 1960 iuerat.
359 1905 389 1960 ct
400 1899 511 1960 flamen
524 1900 669 1962 Martialis
682 1917 720 1963 eo
732 1915 812 1961 anno
825 1907 873 1960 est
883 1909 1020 1961 mortuus

29 1982 73 2042 Μ.
91 1982 239 2042 Aemilius
256 1985 404 2059 Regillus

118 2067 182 2124 llll.
202 2067 365 2144 Neglectae
387 2084 425 2130 ec
439 2068 563 2130 biennio
577 2084 629 2128 res
644 2067 675 2128 in
692 2067 820 2128 Graecia
835 2075 931 2129 erant.
963 2069 1019 2129 ita·

31 2167 97 2228 que
110 2151 270 2227 Philippus
285 2151 412 2214 Aetolos
435 2154 577 2214 desertos
593 2153 631 2212 ab
646 2154 795 2225 Romano,
812 2151 861 2213 cui
876 2151 929 2213 uni
944 2151 1019 2212 flde-

30 2237 107 2296 bant
121 2236 251 2308 auxilio,
269 2237 380 2312 quibus
398 2237 492 2298 voluit
507 2236 740 2299 condicionibus
755 2237 796 2296 ad
811 2236 975 2312 petendam
990 2242 1020 2296 et

32 2321 254 2396 paciscendam
269 2322 392 2396 subegit
405 2338 523 2397 pacem.
553 2321 711 2398 quodnisi
727 2319 809 2382 omni
823 2321 853 2380 vi
869 2320 1020 2396 perluere

31 2412 233 2479 maturasset,
259 2407 421 2466 bellantem
442 2421 511 2467 eum
534 2422 603 2466 cum
622 2406 742 2467 Aetolis
762 2405 795 2464 P.
817 2402 1018 2481 Sempronius

32 2491 212 2566 proconsul,
227 2506 396 2552 successor
409 2490 528 2566 imperii
542 2491 656 2551 missus
673 2489 809 2565 Stdpicio
826 2504 896 2550 cum
911 2490 1018 2550 decem

33 2575 155 2635 milibus
185 2574 320 2650 peditum
342 2584 372 2635 et
392 2576 480 2636 mille·
498 2575 652 2651 equitibus
679 2581 709 2635 et
733 2573 855 2648 triginta
881 2573 1019 2649 quinque

33 2659 175 2721 rostratis
198 2660 344 2735 navibus,
367 2659 450 2720 haud
473 2675 600 2736 parvum
614 2665 800 2720 momentum
814 2658 855 2718 ad
869 2657 988 2734 cpemi
1006 2689 1018 2700 -

35 2746 160 2804 rendam
177 2745 280 2820 sociis,
302 2745 523 2821 oppressisset.
560 2745 688 2805 vixdum
703 2759 781 2820 pace
797 2743 879 2804 iacta
893 2743 1018 2804 nuntius

34 2830 97 2904 regi
114 2829 197 2890 venit
210 2830 366 2891 Romanos
381 2830 583 2908 Dyrrachium
597 2829 731 2904 venisse,
746 2828 973 2904 Parthinosque
988 2833 1019 2888 ct

37 2915 226 2989 propinquus
241 2915 318 2975 alias
333 2922 441 2990 gentes
457 2921 556 2976 nrotas
571 2929 644 2974 esse
654 2915 695 2974 ad
710 2929 798 2988 spcm
809 2913 944 2974 novandi
957 2927 1018 2985 ros,

37 3000 257 3074 Dimallumque
272 3000 454 3075 oppugnari.
488 3015 526 3060 co
542 3015 577 3060 se
591 3005 746 3059 verterant
758 2998 890 3059 Romani
901 2997 940 3057 ab
956 2993 1000 3056 Ac

36 3088 165 3156 lacrum,
187 3100 244 3160 quo
257 3087 341 3146 missi
350 3092 452 3158 aaut,
472 3084 595 3156 auxilio,
612 3083 688 3157 irati,
705 3083 790 3158 quod
804 3082 872 3141 sine
886 3078 1019 3139 auctori·

38 3177 97 3228 tate
118 3184 174 3226 sua
194 3168 346 3231 adversus
366 3169 477 3230 loedus
501 3185 570 3229 cum
590 3181 664 3241 rege
680 3181 788 3242 pacem
804 3165 959 3224 iecissent.
982 3177 1020 3221 ea

38 3269 105 3312 cum
126 3253 265 3313 audisset
277 3253 452 3332 Damippus,
474 3269 513 3312 ne
535 3253 587 3328 qui
608 3257 709 3311 motus
724 3249 822 3309 maior
836 3251 974 3308 oreretur
989 3245 1019 3305 iu

40 3337 169 3397 finitimis
190 3337 350 3412 gentibus,
370 3335 567 3412 Apolloniam
588 3333 759 3406 contendit,
791 3349 853 3408 quo
876 3330 1019 3405 Sempro-

40 3423 106 3482 nius
122 3437 156 3482 se
169 3431 338 3497 receperat,
353 3422 449 3482 misso
462 3419 602 3482 Laetorio
617 3419 719 3493 legato
735 3433 805 3477 cum
817 3422 903 3492 parte
915 3415 1019 3490 copia·

42 3523 106 3567 rum
127 3513 157 3567 et
177 3506 352 3581 quindecim
376 3505 507 3566 navibus
530 3505 560 3564 in
575 3503 726 3563 Aetoliam
747 3500 788 3561 ad
800 3500 954 3624 *visendas
969 3513 1020 3559 res
