2448 3900
285 223 400 288 LIBER
411 224 501 285 XXX.
525 226 607 286 CAP.
623 237 649 288 4.
671 234 707 302 [a.
721 235 827 302 0203]
980 229 1041 294 325

43 376 103 436 ad
125 375 317 456 Syphacem,
345 378 486 438 calonum
510 378 580 441 loco
603 379 719 454 primos
742 369 867 442 ordines
887 391 1044 459 spectatae

43 461 183 522 virtutis
199 465 291 535 atque
306 461 487 536 prudentiae
501 461 606 523 servili
617 463 723 526 habitu
733 466 877 540 mittebat,
894 467 957 543 qui,
972 467 1044 530 dum

42 545 88 604 in
107 543 263 620 colloquio
275 543 366 620 legati
377 553 491 621 essent,
506 547 577 622 vagi
590 563 646 624 per
658 555 767 625 castra,
783 551 861 611 alius
872 551 932 612 alia
943 552 1045 614 editus

44 628 228 706 exitusque
250 645 374 704 omnes,
395 631 486 693 situm
508 632 698 709 formamque
719 642 749 695 et
764 634 980 696 universorum
995 654 1044 698 ca-

44 721 196 775 strorum
210 719 241 775 et
260 713 406 789 partium,
433 731 495 790 qua
514 714 609 778 Poeni
635 734 696 792 qua
714 718 863 780 Numidae
888 720 1044 794 haberent,

46 805 209 874 quantum
224 795 375 858 intervalli
387 798 465 859 inter
476 800 678 862 Hasdrubalis
694 817 731 863 ac
742 803 828 878 regia
838 810 941 867 castra
951 812 1044 879 esset,

46 883 305 958 specularentur,
320 897 500 959 moremque
514 883 604 944 simul
619 894 784 949 noscerent
794 888 959 950 stationum
968 890 1041 964 vigi-

46 968 247 1042 liarumque,
275 973 366 1027 nocte
394 984 433 1028 an
462 967 595 1029 interdiu
623 971 861 1046 opportuniores
889 973 1044 1034 insidianti

47 1059 176 1112 essent.
212 1057 243 1111 et
262 1050 340 1112 inter
366 1052 474 1113 crebra
494 1052 649 1130 colloquia
674 1055 724 1116 alii
750 1062 843 1132 atque
868 1057 918 1116 alil
939 1058 979 1117 de
999 1058 1043 1117 in·

48 1136 187 1211 dustria,
204 1151 266 1212 quo
278 1134 418 1211 pluribus
430 1137 533 1198 onmia
543 1145 618 1200 nota
628 1147 741 1214 essent,
757 1139 959 1202 mittebantur.
976 1157 1045 1202 cum

49 1221 188 1296 saepius
209 1221 321 1296 agitata
340 1235 391 1280 res
414 1221 573 1283 certiorem
595 1238 683 1298 spem
703 1225 791 1300 pacis
812 1223 843 1284 in
859 1225 925 1286 dies
941 1232 971 1286 et
985 1225 1042 1304 Sy·

49 1305 154 1380 phaci
170 1309 201 1364 et
212 1303 512 1380 Cartbaginiensibus
524 1323 580 1382 per
591 1322 662 1369 eum
673 1309 795 1384 laceret,
811 1309 903 1385 legati
913 1309 1042 1376 Roman}

50 1389 173 1451 vetitos
194 1405 229 1450 se
249 1389 362 1450 reverti
382 1391 424 1451 ad
443 1391 656 1467 imperatorem
671 1393 769 1468 aiunt,
790 1393 849 1453 nisi
865 1400 980 1454 certum
995 1411 1043 1455 re-

49 1491 212 1550 sponsum
227 1475 328 1535 detur:
344 1474 484 1551 proinde,
499 1491 557 1538 seu
567 1476 628 1552 ipsi
639 1483 732 1538 staret
743 1477 802 1538 iam
813 1479 973 1554 sententia,
988 1495 1046 1540 seu

53 1560 275 1622 consulendus
288 1559 464 1620 Hasdrubal
479 1567 508 1622 et
523 1559 788 1636 Carmaginienses
803 1569 917 1638 essent,
933 1580 1044 1624 consu-

52 1645 146 1705 leret.
169 1651 290 1720 tempus
305 1659 378 1705 esse
392 1650 445 1705 aut
459 1660 568 1719 pacem
583 1647 727 1722 componi
742 1646 916 1707 autbellum
927 1649 1043 1709 naviter

53 1729 137 1804 geri.
170 1727 244 1789 dum
269 1728 437 1790 consulitur
456 1729 631 1792 Hasdrubal
657 1736 689 1791 et
708 1731 989 1808 Cartbaginienses,
1015 1737 1045 1792 et

52 1814 276 1888 speculatores
298 1813 400 1874 omnia
418 1813 540 1874 visendi
559 1822 590 1874 et
604 1813 709 1889 Scipio
727 1817 767 1874 ad
783 1818 992 1891 comparanda
1007 1831 1044 1876 ea

55 1912 143 1972 quae
164 1899 195 1958 in
215 1913 280 1957 rem
306 1905 393 1958 erant
410 1903 532 1974 tempus
557 1898 670 1958 habuit.
706 1906 735 1961 et
755 1901 908 1961 mentione
928 1916 966 1960 ac
986 1915 1045 1975 spe

55 1983 149 2058 pacis
163 1982 368 2058 neglegentia,
391 1989 426 2043 ut
441 1982 489 2055 fit,
512 1983 593 2058 apud
606 1981 729 2044 Poenos
742 1983 964 2057 Numidamque
978 1990 1045 2044 orta

56 2065 202 2140 cavendi,
217 2083 256 2126 ne
272 2066 346 2143 quid
359 2065 470 2127 hostile
485 2065 603 2148 interim
616 2073 802 2143 paterentur.
827 2067 951 2127 tandem
965 2069 1042 2128 rela-

56 2158 124 2212 tum
140 2167 327 2226 responsum
342 2151 543 2226 quibusdam,
565 2149 637 2226 quia
651 2151 741 2212 nimis
758 2166 873 2227 cupere
886 2152 1043 2213 Romanus

56 2251 172 2312 pacem
184 2235 362 2310 videbatur,
384 2234 498 2311 iniquis
513 2250 569 2311 per
584 2235 780 2297 occasionem
795 2234 941 2304 adiectis;
965 2251 1044 2312 quae

58 2327 294 2398 peropportune
319 2319 452 2395 cupienti
475 2321 583 2380 tollere
602 2319 736 2381 indutias
758 2318 896 2396 Scipioni
918 2335 1043 2381 causam

58 2405 241 2482 praebuere.
275 2421 312 2465 ac
326 2403 431 2464 nuntio
451 2404 549 2480 regis,
574 2419 644 2464 cum
657 2406 823 2466 relaturum
839 2420 874 2464 se
889 2402 929 2464 ad
943 2405 1043 2465 consi-

59 2490 136 2550 lium
157 2489 301 2565 dixisset,
323 2495 450 2566 postero
473 2488 523 2549 die
540 2489 703 2563 respondit
723 2504 758 2549 se
772 2505 835 2549 uno
850 2489 966 2550 frustra
978 2494 1043 2549 ten-

59 2573 155 2635 dente
169 2576 243 2636 nulli
257 2574 308 2634 alii
323 2589 431 2650 pacem
446 2573 617 2650 placuisse:
632 2575 819 2636 renuntiaret
829 2573 920 2650 igitur
931 2575 1045 2634 nullam

59 2660 153 2720 aliam
165 2674 253 2736 spem
265 2660 351 2734 pacis
364 2675 457 2735 quam
466 2658 580 2718 relictis
593 2656 893 2735 Carthaginiensibus
907 2657 1045 2738 Syphaci

61 2760 134 2805 cum
153 2744 300 2806 Romanis
321 2758 402 2804 esse.
438 2743 480 2804 ita
499 2743 575 2804 tollit
594 2743 745 2817 indutias,
767 2749 800 2803 ut
814 2743 986 2804 liberalite
1000 2743 1044 2803 in·

61 2835 154 2905 cepta
168 2836 407 2906 exsequeretur;
430 2827 634 2904 deductisque
648 2817 778 2890 navibds
789 2829 946 2888 -etiam
961 2828 1044 2888 veris

60 2914 248 2990 principium
269 2920 383 2974 erat—
396 2912 554 2974 machinas
575 2919 805 2989 tormentaque,
831 2915 916 2974 velut
936 2913 1044 2974 amari
1098 2911 1100 2914 ’

62 2997 270 3074 adgressurus
284 2999 411 3074 Uticam,
427 2997 562 3073 imponit.
582 3004 612 3058 et
626 2998 688 3060 duo
703 2997 786 3058 milia
799 2996 925 3057 militum
939 2995 980 3056 ad
994 3011 1043 3055 ca-

60 3083 212 3164 piendum
238 3098 329 3142 ouem
354 3090 443 3143 antea
468 3087 607 3144 tenuerat
630 3083 777 3142 tumulum
805 3097 901 3155 super
926 3079 1045 3141 Uticam
1067 3125 1070 3132 .

65 3167 160 3242 mittit,
176 3177 265 3236 simut
280 3170 319 3227 ul
330 3169 367 3228 ab
383 3183 430 3242 eo,
447 3167 530 3242 quod
547 3167 682 3242 parabat,
696 3167 727 3226 in
743 3163 866 3224 alterius
880 3163 925 3223 rei
941 3178 1043 3224 curam

64 3259 259 3322 converteret
271 3252 404 3313 hostium
422 3251 555 3324 animos,
577 3251 667 3311 simul
684 3264 815 3324 nequa,
837 3262 905 3308 cum
920 3247 989 3322 ipse
1004 3248 1044 3308 ad

66 3335 241 3413 Syphacem
261 3335 547 3410 Hasdrubalemque
567 3334 725 3411 proiectus
747 3338 846 3406 esset,
869 3331 988 3407 eruptio
1004 3347 1044 3392 ex

65 3419 141 3480 urbe
164 3430 194 3483 ct
212 3421 343 3496 impetus
364 3421 393 3480 in
417 3425 517 3480 castra
538 3434 596 3479 sua
609 3419 715 3478 relicta
731 3431 798 3476 cum
813 3415 873 3477 levi
888 3414 1043 3492 praesidio

67 3503 161 3566 ficret.
