2448 3900
250 327 364 388 LtBER
378 327 512 389 xxvttt.
535 327 618 387 cap.
633 337 666 388 ts
700 334 735 401 [ι.
752 332 785 385 c.
800 334 863 400 nos]
983 325 1044 391 275

52 495 156 563 quam
167 475 301 540 volueris
317 479 469 554 externplo
482 477 692 553 decernamus,
707 485 844 554 paratam
855 480 1044 556 rogationem

52 563 190 624 habeas.
223 562 328 637 ltaque
349 577 368 622 a
387 561 493 635 vobis,
513 561 624 621 tribuni
643 560 759 639 plebis,
780 565 926 639 postulo“
948 565 1045 641 inquit

55 655 115 724 „ut
130 645 311 707 sententiam
326 645 399 705 mihi
411 644 483 705 ideo
494 661 556 706 non
571 645 693 722 dicenti,
717 647 809 724 quod,
831 649 888 709 etsi
899 648 930 708 in
945 665 1044 709 meam

54 733 251 795 sententiam.
270 729 460 806 discedatur,
489 746 551 791 non
571 730 611 790 sit
628 737 727 790 ratum
747 730 904 793 habiturus
927 735 1044 808 consul,

53 816 177 875 anxilio
199 814 297 876 sitis“.
326 813 398 874 inde
418 813 573 875 altercatio
596 821 677 890 orta,
701 830 770 875 cum
789 819 897 878 consul
919 824 1045 893 negaret

53 915 196 975 aequum
216 913 288 959 esse
301 897 440 959 tribunos
460 897 664 972 intercedere,
689 915 750 974 quo
765 901 865 962 minus
885 917 943 963 suo
960 902 1043 976 quis·

55 1000 122 1058 que
137 984 207 1044 loco
221 988 347 1058 rogatus
363 982 543 1044 sententiam
559 981 683 1044 diceret.
714 983 826 1044 tribuni
841 984 882 1045 ita
897 985 1043 1045 decreve

53 1075 144 1129 runt=
168 1067 216 1142 „si
231 1067 340 1127 consul
355 1067 473 1126 senatui
489 1067 528 1127 de
543 1066 711 1143 provinciis
727 1068 885 1146 permittit,
907 1070 980 1129 stari
996 1084 1042 1144 eo,

55 1152 147 1227 quod
161 1157 285 1211 senatus
298 1151 453 1211 censuerit
466 1150 542 1226 lieri,
557 1151 668 1226 placet.
688 1166 745 1211 nec
760 1153 899 1213 decere
916 1153 988 1213 lerri
1003 1153 1044 1214 ad

55 1235 210 1313 populum
223 1233 388 1311 patiemur:
411 1234 513 1295 sinon
527 1235 679 1311 permittit,
702 1236 754 1310 qui
769 1237 809 1297 de
822 1253 860 1297 ea
873 1253 907 1297 rc
922 1245 1040 1298 senten·

53 1321 132 1380 tiam
153 1318 308 1380 recusabit
328 1319 441 1393 dicere,
465 1318 579 1380 auxilio
602 1321 745 1380 erimus“.
779 1322 887 1382 consul
908 1322 989 1381 diem
1003 1322 1043 1403 ad

57 1403 301 1480 colloquendum
316 1418 385 1464 cum
400 1403 519 1479 collega
533 1403 617 1478 petit.
651 1413 778 1479 postero
793 1405 843 1465 die
858 1407 1042 1482 permissum

55 1488 180 1548 senatui
201 1495 258 1548 est.
290 1488 468 1564 provinciae
488 1496 530 1547 tta
550 1488 708 1548 decretae:
732 1489 816 1550 alteri
832 1491 951 1550 consuli
966 1489 1041 1550 Sici-

57 1572 98 1632 lia
112 1578 145 1633 et
158 1571 280 1648 triginta
294 1578 444 1632 rostratae
458 1587 564 1646 naves,
582 1588 659 1648 quas
676 1571 707 1632 C.
717 1571 866 1634 Servilius
881 1577 1043 1651 superiore

58 1671 141 1717 anno
155 1655 329 1727 babuisset;
350 1656 606 1733 permissumque,
630 1663 662 1716 ut
675 1656 706 1716 in
721 1657 865 1732 Africam,
889 1659 916 1719 si
931 1658 962 1719 id
977 1675 995 1720 e
1008 1675 1043 1720 re

58 1741 183 1816 publica
204 1755 275 1800 esse
296 1748 450 1815 censeret,
472 1741 629 1810 traiceret;
657 1741 743 1801 alteri
756 1742 864 1804 Bruttii
879 1750 908 1803 et
928 1743 1040 1805 bellum

57 1840 128 1886 curn
147 1822 317 1884 Hannibale
338 1840 407 1886 oum
428 1841 466 1886 eo
488 1825 640 1898 exercitu,
664 1840 755 1900 quem
774 1826 808 1885 L.
823 1828 970 1888 Veturius
991 1836 1043 1890 aut

56 1908 89 1982 Q.
109 1907 272 1968 Caecilius.
285 1907 317 1968 hi
330 1917 360 1968 et
371 1909 553 1970 sortirentur
563 1909 641 1971 inter
653 1927 688 1972 se
702 1920 965 1987 compararentve,
975 1920 1038 1972 uter

56 1993 85 2051 in
96 1992 224 2052 Bmttiis
236 1991 357 2054 duabus
368 1990 551 2067 legionibus,
568 2008 645 2067 quas
658 1993 767 2052 consul
779 1993 963 2070 reliquisset,
977 2011 1041 2056 rem

54 2083 186 2151 gereret,
200 2077 422 2152 imperiumque
435 2077 467 2136 in
481 2091 594 2135 annum
608 2083 834 2153 prorogaretur,
855 2078 904 2138 cni
919 2094 956 2139 ea
970 2095 1041 2155 pro·

55 2160 160 2220 vincia
172 2161 336 2221 evenisset.
358 2167 389 2220 et
398 2159 508 2220 ceteris
520 2166 642 2235 practer
653 2161 796 2221 consules
808 2170 1041 2238 praetoresque,

56 2245 109 2318 qui
126 2243 310 2305 exercitibus
325 2243 555 2320 provinciisque
568 2245 736 2320 praelaturi
751 2253 852 2320 erant,
874 2255 1052 2322 prorogata

55 2328 195 2404 imperia.
227 2328 261 2402 Q.
278 2328 409 2389 caecilio
425 2327 500 2388 sorti
515 2327 624 2404 evenit,
640 2336 673 2391 ut
686 2345 754 2390 cum
770 2332 897 2391 consule
911 2330 941 2390 in
952 2331 1038 2393 Brut-

55 2413 103 2473 tiis
122 2413 275 2474 adversus
289 2412 490 2473 Hannibalem
505 2410 618 2472 bellum
632 2421 759 2488 gereret.

138 2497 216 2557 Ludi
238 2497 351 2558 deinde
371 2495 527 2574 Scipionis
550 2512 660 2572 magna
687 2497 857 2573 frequentia
881 2506 912 2560 et
933 2500 1041 2560 lavore

55 2582 258 2658 spectantium
270 2580 424 2644 celebrati.
447 2579 683 2656 legatiDeiphos
696 2581 735 2641 ad
746 2581 860 2642 donum
872 2599 911 2643 ex
923 2585 1041 2659 praeda

55 2663 255 2727 Hasdrubalis
280 2659 465 2742 portandam
489 2664 576 2724 missi
602 2665 642 2724 Μ.
663 2662 850 2741 Pomponius
872 2667 976 2729 Matho
1002 2685 1039 2729 ac

57 2748 90 2822 Q.
105 2749 218 2810 Catius.
253 2753 385 2811 tulerunt
399 2764 545 2812 coronam
566 2765 690 2810 auream
706 2749 868 2811 ducentum
883 2753 988 2828 pondo
1010 2761 1040 2813 et

54 2833 217 2895 simulacra
231 2835 401 2910 spoliorum
415 2849 453 2894 ex
471 2833 553 2893 mille
567 2833 673 2909 pondo
689 2835 806 2909 argenti
820 2836 910 2896 lacta.

138 2917 242 2994 Scipio
265 2934 334 2978 cum
355 2925 388 2980 ut
407 2918 551 2978 dilectum
571 2916 699 2978 haberet
720 2934 822 2994 neque
843 2920 1037 2996 impetrasset

53 3017 154 3077 neque
173 3018 360 3078 magnopere
380 3001 573 3077 tetendisset,
595 3008 629 3061 ut
643 3002 834 3064 voluntarios
848 3004 961 3065 ducere
977 3003 1037 3065 sibi

54 3086 164 3146 milites
180 3087 286 3146 liceret
300 3087 409 3161 tenuit,
429 3093 460 3147 et
474 3086 547 3162 quia
567 3085 726 3161 impensae
740 3095 907 3161 negaverat
920 3087 964 3146 rei
980 3104 1036 3163 pu-

53 3167 150 3231 blicae
171 3170 302 3230 futuram
317 3171 464 3243 classem,
489 3178 536 3243 ut,
559 3185 639 3245 quac
659 3169 699 3230 ab
720 3170 814 3231 sociis
830 3170 975 3231 darentur
996 3170 1036 3230 ad

53 3269 151 3314 novas
167 3254 361 3316 fabricandas
378 3269 483 3327 naveS,
499 3254 661 3328 acciperet.
683 3253 822 3314 Etruriae
833 3255 963 3328 primum
979 3270 1035 3329 po-

53 3339 114 3413 puli
139 3354 195 3414 pro
222 3338 286 3399 suis
313 3340 446 3415 quisque
470 3337 664 3398 facultatibus
691 3338 850 3398 consulem
876 3337 1034 3400 adiuturos

53 3421 190 3496 polliciti=
216 3422 349 3485 caerites
372 3423 552 3482 trumentum
578 3421 672 3482 sociis
694 3419 854 3481 navalibus
882 3436 1034 3482 commea-

53 3511 175 3580 tumque
201 3507 299 3568 omnis
325 3505 462 3582 generis,
488 3504 731 3582 Populonienses
758 3505 884 3578 terrum,
905 3505 1032 3581 Tarqui-

53 3588 173 3650 nienses
187 3592 279 3652 lintea
294 3593 322 3650 in
339 3591 423 3650 vela,
435 3591 629 3650 Volaterrani
646 3587 852 3702 inceramenta
864 3589 987 3649 navium
1002 3596 1030 3648 et

770 3679 805 3732 18
