2466 3900
181 225 221 290 lt
325 225 440 286 LIBER
454 225 562 286 XXIV.
574 223 668 340 1,(ΞΑΡ.
684 232 727 288 1⁰·
742 233 785 287 lt.
809 231 846 298 [a.
862 230 895 283 U.
911 248 935 284 o.
949 234 1014 299 538]

179 379 250 442 dam
265 380 404 456 legiones
420 394 455 440 se
469 387 601 440 arnratas
616 378 647 440 in
663 378 798 440 Ianiculo
814 377 920 438 videre
934 379 1168 440 concitaverunt

180 465 333 526 civitatem
347 462 388 524 ad
401 479 501 524 arma:
524 463 653 538 quitum
669 463 699 522 in
714 462 848 523 Ianiculo
872 471 991 535 essent,
1013 472 1168 539 negarunt

181 564 367 626 quemquam
382 547 422 606 ibi
434 556 556 624 praeter
569 549 719 608 adsuetos
732 546 820 608 collis
835 548 902 608 eius
918 547 1051 608 cultores
1066 563 1168 625 appa·
1224 567 1225 602 r

180 633 291 694 ruisse.
313 632 390 691 haec
404 630 546 708 prodigia
556 631 666 694 hostiis
681 631 848 693 maioribus
862 639 1025 708 procurata
1038 639 1112 692 sunt
1127 647 1169 692 ex

180 717 378 793 haruspicum
391 732 563 792 responsor
586 724 617 778 et
630 716 815 793 supplicatio
831 716 972 780 omuibus
987 716 1065 792 deis,
1087 733 1169 792 quo

181 818 248 862 rum
264 800 436 876 pulvinaria
449 801 566 862 Romae
581 807 694 876 esseut,
716 802 830 864 indicta
844 810 901 864 est.

235 949 240 964 ‚
264 885 315 948 XI.
337 885 521 963 perpetratis
534 903 614 964 quae
629 888 669 948 ad
680 902 789 964 pacem
803 886 895 948 deum
909 887 1111 965 pertinebant,
1129 890 1169 951 de

180 986 213 1031 re
229 970 352 1050 publica
366 971 510 1049 belloque
524 974 660 1050 gerendo
683 978 713 1032 et
727 980 873 1050 quantum
888 973 1047 1050 copiarum
1068 981 1098 1034 et
1114 974 1168 1034 ubi

182 1075 325 1138 quaeque
340 1067 454 1135 essent,
470 1062 614 1122 consules
629 1060 671 1121 ad
685 1066 824 1122 senatum
838 1059 1024 1121 rettulerunt.
1047 1057 1168 1119 duode-

144 1163 145 1170 ‘
181 1145 287 1222 viginti
300 1145 474 1222 legionibus
488 1145 602 1207 bellum
616 1145 683 1222 geri
698 1146 828 1223 placuit:
843 1145 932 1206 binas
948 1143 1091 1206 consules
1108 1143 1170 1202 sibi

181 1247 313 1306 sumere,
336 1231 417 1292 binis
430 1231 557 1292 Galliam
572 1230 770 1307 Siciliamque
784 1246 821 1290 ac
832 1228 1004 1291 Sardiniam
1019 1225 1170 1296 obtineri;
1227 1258 1228 1292 r

182 1317 302 1378 duabus
318 1315 351 1390 Q.
368 1315 494 1377 Fabium
515 1323 688 1393 praetorem
708 1314 856 1392 Apuliae,
877 1313 998 1376 duabus
1021 1312 1169 1373 volonum

179 1402 245 1462 Tib.
261 1401 432 1462 Gracchum
454 1403 536 1462 circa
550 1399 708 1462 Luceriam
722 1414 887 1476 praeesse;
910 1399 1048 1474 singulas
1064 1396 1096 1456 c.
1109 1396 1169 1455 Te-
1228 1475 1229 1478 Ἴ

181 1488 278 1549 rentio
302 1487 479 1562 proconsuli
501 1486 543 1545 ad
561 1485 706 1546 Picenum
726 1492 757 1545 et
771 1484 812 1545 tt
826 1482 950 1543 Valerio
972 1483 1013 1542 ad
1033 1481 1168 1542 classem
1228 1479 1229 1520 l

185 1575 268 1633 circa
280 1570 478 1631 Brundisium
491 1570 638 1646 relinqui,
660 1570 740 1631 duas
754 1568 821 1628 urbi
837 1567 992 1644 praesidio
1008 1581 1088 1626 esse.
1118 1565 1171 1624 hic

185 1667 216 1717 ut
228 1670 380 1716 numerus
383 1655 543 1752 legionum·
550 1656 733 1732 expleretur,
750 1669 807 1713 sex
819 1667 920 1713 novae
931 1652 1069 1728 legiones
1081 1659 1172 1709 erant

184 1738 376 1801 scribendae.
398 1755 452 1800 eas
465 1739 564 1815 primo
578 1753 703 1815 quoque
717 1746 856 1814 tempore
872 1736 1015 1796 consides
1031 1732 1171 1796 scribere
1229 1749 1230 1754 ¹

184 1823 261 1884 iussi
275 1829 305 1883 et
320 1825 452 1884 classem
466 1839 586 1920 parare,
601 1830 635 1884 ut
650 1823 778 1883 cumeis
795 1821 935 1895 navibus,
952 1835 1032 1896 quae
1045 1835 1103 1896 pro
1112 1819 1170 1878 Ca

186 1907 485 1976 labriaelitoribus
476 1925 508 1968 m
523 1908 654 1969 statione
669 1914 788 1982 essent,
812 1913 932 1967 centnm
948 1903 1172 1982 quinquaginta

186 1996 345 2067 longarum
362 1993 472 2053 classIs
486 1992 609 2054 navium
623 2007 661 2052 eo
676 2007 757 2052 anno
774 1993 956 2067 expleretur.
988 1989 1101 2049 dilectu
1115 1986 1172 2046 ha-

185 2077 250 2139 bito
273 2084 304 2137 et
323 2085 443 2139 centum
463 2076 593 2138 navibus
609 2077 699 2136 novis
714 2075 855 2138 deductis
870 2076 903 2150 0.
919 2074 1031 2136 Fabius
1047 2072 1172 2135 comitia

186 2161 368 2223 censoribus
391 2160 532 2222 creandis
554 2160 672 2221 habuit:
695 2163 788 2223 creati
802 2161 843 2222 Μ.
857 2161 967 2220 Atilius
981 2159 1119 2234 Regulus
1140 2165 1172 2215 et

184 2245 216 2306 P.
231 2245 339 2307 Furius
353 2246 467 2309 Philus.
489 2265 495 2278 ·

272 2329 345 2390 cum
355 2329 848 2392 increbesceretrumorbellumin
857 2329 1048 2404 Siciliaesse,
1057 2329 1090 2388 T.
1101 2326 1172 2388 Ota·

177 2414 274 2475 ‘cilius
296 2430 333 2475 eo
349 2429 418 2474 cum
433 2417 535 2476 classe
550 2415 705 2492 proticisci
726 2415 830 2475 iussus
845 2421 901 2474 est.
940 2431 1007 2475 cnm
1024 2414 1173 2474 deessent

187 2502 315 2572 nautam,
338 2499 482 2559 consules
497 2515 538 2558 ex
551 2507 677 2559 senatus
691 2501 832 2560 consulto
847 2499 1023 2571 edixerunt,
1046 2504 1094 2570 ut,
1119 2498 1173 2572 qui

186 2581 220 2639 L.
233 2582 365 2641 Aemilio
381 2581 412 2642 c.
427 2583 575 2642 Flaminio
591 2583 773 2644 censoribus
788 2583 909 2644 milibus
924 2583 1004 2642 aeris
1020 2581 1173 2657 quinqua-

186 2665 270 2739 ginta
284 2665 352 2739 ipse
367 2671 419 2725 aut
433 2671 522 2740 pater
537 2667 604 2727 eius
620 2682 734 2729 census
750 2667 859 2728 luisset
878 2681 978 2743 usque
993 2666 1033 2726 ad
1048 2672 1173 2725 centum

188 2748 286 2822 milia,
309 2755 361 2809 aut
374 2747 421 2809 oui
436 2757 547 2825 postea
560 2757 643 2812 tanta
656 2767 708 2812 res
723 2758 809 2812 esset
822 2752 917 2825 lacta,
939 2756 1062 2811 nautam
1077 2765 1172 2808 unum

163 2907 165 2912 ,
188 2847 257 2892 cum
272 2847 329 2892 sex
344 2849 481 2896 mensum
502 2834 656 2911 stipendio
672 2836 774 2907 daret;
798 2836 850 2910 qui
865 2851 959 2910 supra
974 2841 1095 2894 centum
1115 2832 1171 2891 rni-

187 2915 228 2974 lia
242 2932 342 2991 usque
364 2918 404 2976 ad
418 2926 566 2993 trecenta,
589 2926 651 2981 tres
667 2926 774 2980 nautas
790 2935 859 2980 cum
873 2918 1027 2997 stipendio
1049 2933 1171 2987 annum

188 2999 241 3076 qui
255 3015 351 3075 supra
364 3009 500 3064 uecenta
514 3020 614 3078 usque
628 3005 669 3064 ad
684 3003 809 3064 deciens
825 3004 920 3077 aeris,
943 3004 1080 3078 quinque
1094 3016 1171 3060 nan·

187 3091 252 3154 tasa
276 3085 328 3160 qui
349 3103 444 3163 supra
465 3087 607 3162 deciens,
628 3094 763 3164 septem;
787 3095 946 3148 senatores
968 3093 1037 3146 octo
1059 3091 1171 3145 nautas

188 3184 258 3228 curn
278 3186 379 3232 annuo
401 3171 555 3246 stipendio
575 3171 691 3232 darent.
725 3187 764 3231 ex
779 3171 838 3231 hoc
860 3172 959 3232 edicto
976 3169 1038 3230 dati
1059 3175 1172 3229 nautum

53 3277 57 3284 ·
136 3293 140 3301 -
186 3252 292 3312 armati
308 3253 508 3330 instructique
522 3253 561 3313 ab
573 3254 705 3314 dominis
721 3270 789 3314 curu
801 3255 923 3329 triginta
940 3255 1057 3316 dierum
1073 3253 1171 3313 coctis

187 3334 310 3395 cibariis
325 3352 422 3397 naves
438 3337 693 3397 conscenderunt.
724 3345 787 3397 tum
802 3339 932 3413 primurn
948 3338 1123 3398 estfactum
1137 3342 1171 3396 ut

187 3418 298 3558 classils
313 3419 451 3560 Rpmana
466 3418 559 3480 sociis
581 3419 743 3481 navalibus
759 3421 878 3496 privata
897 3423 1038 3498 impensa
1053 3421 1170 3496 paratis

187 3515 277 3576 comp
291 3515 342 3560 ere
354 3518 399 3562 ur.
425 3529 428 3538 ν
