2466 3900
182 213 224 278 18
340 212 457 276 LIBER
469 213 578 276 xxiv.
599 209 683 276 cAP.
695 223 739 280 1¹1.
751 223 795 288 „8-
817 221 854 289 [a.
866 221 1011 288 licata]

183 375 368 443 reduruque
382 368 503 428 orate
516 367 667 443 subsequi
680 368 796 428 sanun
806 383 916 443 meu
926 368 1059 430 bostirun
1070 367 1167 442 iubet,

182 458 215 514 et
228 467 297 512 enm
312 457 452 512 coortum
466 451 617 526 proelium
630 451 757 524 vidae,
771 452 811 511 ab
824 459 912 526 tergo
926 468 962 514 se
976 453 1110 512 obicere.
1132 452 1166 512 id
1224 473 1225 542 l

183 551 290 597 errore
309 535 430 595 viduum
448 551 489 594 au
508 535 675 610 exiguitate
694 536 842 612 temperis
855 537 936 598 Nero
957 536 1088 612 exsequi
1101 552 1166 597 non
1224 569 1225 578 κ

182 619 328 697 potuerit,
343 619 492 679 locatum
506 626 564 680 est
586 618 715 680 absente
726 635 765 681 eo
780 635 850 680 cnm
859 621 1010 696 proellum
1021 620 1165 681 commis·

183 719 253 766 sum
273 711 374 778 esset,
394 704 540 778 superior
560 703 684 778 quidem
705 703 788 766 buud
802 704 896 764 dubie
908 706 1067 765 Romanus
1082 709 1167 772 eran

183 789 241 849 sed
256 787 329 863 quia
339 789 460 862 equites
469 803 531 848 nou
542 787 670 848 adfuere
680 787 711 847 iu
722 795 870 864 tempore,
883 789 962 850 ratio
974 787 1167 863 compositae

182 873 228 933 rei
240 872 361 933 trrrbala
371 879 428 932 est
450 888 513 932 nou
525 887 621 932 ausus
632 872 755 948 insequi
766 874 912 934 cedentes
923 873 1087 933 Marcellus
1098 872 1165 932 vin·

184 957 325 1018 centibus
339 957 407 1016 suis
420 955 543 1032 signum
556 957 695 1032 receptui
709 958 803 1017 dedit
831 959 901 1032 plus
916 965 1017 1017 tamen
1032 957 1095 1016 duo
1110 956 1166 1015 mi-

183 1041 226 1102 lia
239 1041 376 1102 bostium
389 1056 428 1100 eo
444 1041 495 1101 die
509 1057 604 1102 caesa
617 1041 792 1115 aadunlur,
811 1043 959 1103 Romanis
973 1042 1073 1101 ulnus
1088 1057 1166 1116 qua-

184 1125 348 1201 drIngenli.
368 1125 446 1186 solis
461 1127 526 1186 fere
540 1141 656 1186 occasu
669 1125 751 1210 Ilero
764 1127 845 1186 dem
859 1134 1042 1201 noctemque
1055 1126 1166 1200 nequi·

185 1225 279 1286 quam
295 1210 427 1285 fatigatis
441 1211 532 1285 equis
546 1210 785 1286 hominibusque
798 1227 838 1270 ne
851 1210 920 1272 riso
936 1209 1060 1286 quidem
1073 1209 1166 1270 hoste

182 1295 309 1356 rediens
329 1293 409 1356 adeo
427 1296 561 1370 muter
580 1302 629 1355 est
648 1295 689 1355 ab
709 1296 837 1356 consule
855 1295 1038 1370 increpitus,
1059 1297 1095 1354 ut
1108 1309 1164 1370 per

184 1395 255 1440 eum
276 1379 401 1440 stebsse
415 1379 547 1454 diceret,
568 1396 630 1455 quo
644 1379 748 1440 minus
761 1387 890 1456 accepta
903 1379 944 1438 ad
959 1379 1079 1440 Cannas
1094 1379 1164 1438 red·

186 1464 318 1523 deretur·
329 1463 412 1523 hosti
426 1463 541 1523 clades.
576 1471 703 1538 postero
718 1465 769 1524 die
782 1465 940 1525 Ilomanus
953 1465 985 1522 ln
1000 1463 1097 1522 aciem
1111 1463 1163 1522 de·

183 1547 313 1621 scendit,
328 1547 452 1606 Poenus
466 1547 558 1608 tacita
571 1547 662 1608 etiam
677 1549 876 1609 confessione
888 1549 988 1608 victus
1004 1547 1114 1607 castris
1128 1561 1165 1605 se

183 1631 289 1690 tenuit.
310 1630 399 1690 tertio
414 1631 466 1690 die
479 1631 600 1694 silentio
614 1633 715 1694 noctis
729 1633 847 1694 omissa
861 1649 920 1708 spe
933 1633 1029 1693 Nolae
1041 1632 1164 1708 poliun-

184 1714 252 1789 dae,
267 1714 312 1773 rei
327 1729 492 1790 numquam
507 1729 659 1792 prospere
672 1724 846 1793 temptatae,
856 1719 1028 1777 Tarentum
1043 1716 1084 1776 ad
1099 1730 1164 1776 oer-

182 1798 292 1858 llorem
306 1813 394 1873 spern
409 1798 592 1874 proditionis
607 1801 823 1876 prolicIscitur.

264 1883 372 1942 XVIII.
392 1883 595 1946 Nec-minore
615 1886 716 1946 animo
735 1901 788 1945 res
808 1887 947 1946 Romana
966 1883 1049 1944 domi
1071 1899 1165 1958 quam

183 1965 306 2027 militiae
315 1968 487 2042 gerebatur.
510 1967 1163 2044 censoresvacuiaboperumlocandonmr

183 2066 258 2111 cura
278 2059 407 2126 propter
425 2053 562 2128 inopiam
582 2053 691 2112 aerarii
711 2053 752 2113 ad
765 2069 868 2114 mores
883 2051 1040 2114 hominum
1053 2067 1163 2126 regen-

182 2135 241 2196 dos
257 2136 391 2196 animum
405 2136 602 2197 adverterunt
616 2137 857 2213 castigandaque
871 2137 958 2212 vitia,
976 2153 1064 2212 qnae,
1078 2137 1164 2196 velut

182 2218 305 2296 diutinis
324 2221 440 2281 morbis
461 2227 558 2296 aegra
574 2237 706 2296 corpora
726 2235 766 2280 ex
786 2237 858 2282 sese
872 2221 1015 2298 gignunt,
1036 2237 1075 2281 eo
1092 2228 1165 2280 nota

184 2302 267 2364 bello
282 2312 376 2365 erant.
411 2304 540 2379 primum
557 2321 614 2367 eos
629 2305 800 2366 cieverunt
817 2305 870 2380 qui
885 2311 958 2381 post
971 2305 1163 2366 Cannensem

183 2389 300 2448 cladem
322 2392 451 2464 apitossc
464 2391 502 2450 de
512 2389 604 2450 Italia
618 2390 785 2451 deserendo
810 2389 998 2450 ditabantur.
1014 2388 1163 2464 princeps

182 2485 287 2532 eorum
298 2472 332 2532 L.
347 2473 495 2532 Caecilius
507 2472 648 2534 Metellus
663 2480 811 2549 quaestor
820 2481 884 2534 turn
894 2475 973 2534 forte
984 2479 1058 2532 erat
1074 2475 1163 2534 iusso

181 2553 294 2616 deindo
314 2571 352 2616 eo
373 2556 547 2632 cetensque
562 2556 701 2618 eiusdem
713 2573 816 2619 noxae
828 2557 890 2618 reis
906 2573 1030 2619 causam
1047 2558 1163 2632 dicere,

181 2654 251 2698 oum
265 2639 390 2715 purgari
404 2642 594 2716 nequissent,
610 2643 851 2717 pronuntIarunt,
866 2641 962 2702 verba
977 2642 1162 2703 orationem-

181 2737 242 2797 que
257 2737 313 2783 eos
329 2723 480 2786 adversus
495 2741 560 2784 rem
575 2726 729 2801 publicam
739 2725 896 2800 habuisse,
912 2742 974 2803 quo
990 2726 1162 2786 coniuratio

179 2806 371 2868 deserendae
383 2807 487 2869 ltaliae
501 2825 597 2870 causo
611 2809 706 2870 fieret.
727 2810 898 2870 seeundum
908 2827 964 2874 eos
978 2811 1060 2871 citati
1070 2810 1162 2870 nimis

180 2890 282 2950 callidi
294 2893 476 2954 exsolvendi
488 2893 562 2954 iuris
574 2894 693 2954 lurandi
704 2895 895 2970 interpretes,
905 2895 957 2970 qui
969 2896 1162 2970 captivorum

177 2987 218 3032 ex
242 2973 350 3036 itinere
374 2977 511 3051 regressi
537 2979 615 3037 olam
639 2978 669 3038 in
692 2985 794 3039 castra
812 2979 992 3039 Hannibalis
1014 2979 1160 3051 solutum,

178 3058 261 3132 quod
277 3058 454 3120 iuraverunt
466 3061 630 3136 redituros,
644 3063 798 3123 rebantur.
821 3062 870 3122 his
882 3063 1162 3138 superioribusque

176 3141 236 3202 illis
251 3143 323 3218 equi
338 3143 488 3220 adempti,
510 3145 562 3220 qui
577 3144 730 3220 publicum
746 3161 860 3221 equum
873 3146 1041 3223 habebant,
1063 3146 1161 3206 tribu·

177 3234 238 3302 quo
263 3226 337 3288 moti
363 3228 472 3287 aerarii
494 3243 601 3288 omnes
622 3230 704 3288 lacti.
736 3245 838 3306 neque
859 3237 969 3292 senatu
989 3231 1084 3292 modo
1108 3238 1161 3290 nul

175 3311 312 3386 equestri
327 3311 435 3372 ordine
448 3311 586 3386 regendo
602 3327 675 3372 cura
687 3328 896 3374 seneensomm
907 3316 1017 3375 tenuia
1033 3315 1160 3375 nomina

176 3393 310 3453 omnium
325 3409 365 3452 ex
379 3393 531 3454 iuniorum
553 3395 664 3456 tabulis
687 3405 909 3474 excerpserunt
923 3399 975 3474 qni
992 3393 1159 3476 quadrien·

1224 3345 1225 3398 l

1224 3399 1225 3424 l

175 3473 226 3534 nio
248 3491 308 3534 non
333 3474 529 3553 militassent,
552 3477 664 3553 quibus
687 3498 789 3558 neque
804 3483 922 3544 vacatio
937 3483 1018 3544 iusta
1031 3483 1162 3544 militiae
