2466 3900
253 217 371 281 LIBER
385 217 490 278 XXIV.
512 217 595 280 cul).
612 226 654 282 16.
667 227 711 284 lt.
733 226 770 294 [ιι.
784 227 816 280 0.
828 224 891 294 ull]
1019 223 1058 288 17

87 391 141 454 quc
159 373 203 436 rei
223 373 368 451 publicae
388 372 527 450 ipsisque
542 380 640 448 esset,
662 388 770 435 omncs
785 389 841 436 eos
856 375 971 438 liberos
986 391 1058 438 csse

84 461 194 522 tubere.
226 458 266 519 ad
288 473 380 534 quam
405 473 515 518 vocem
540 473 610 518 cum
633 458 747 521 elamor
766 458 881 534 ingenti
901 460 1058 522 alacritate

80 543 217 605 sublatus
232 550 325 616 esset,
340 553 378 602 ac
393 557 475 602 nunc
490 540 644 618 complexi
659 541 736 602 inter
747 556 782 603 sc
796 544 1056 621 gratulantesque,

81 642 161 687 nunc
181 642 291 692 manus
307 625 348 685 ad
362 626 479 686 caelum
494 625 635 686 tollentes
649 624 732 688 bona
746 627 848 688 omnia
863 629 979 704 populo
994 629 1055 690 Ro·

79 727 166 771 mano
180 709 383 784 Gracchoque
396 708 456 784 ipsi
468 714 674 784 precarentur,
689 715 751 772 tum
765 709 922 774 Gracchus
935 713 1055 788 „prius-

80 811 168 872 quam
184 808 292 854 omnes
307 792 373 853 iure
386 792 533 854 libertatis
544 797 758 868 aequassem,“
772 793 872 870 iuquit
885 797 1055 870 „neminem

77 885 149 940 nota
160 877 287 945 ‚strenui
307 885 358 937 aut
374 875 475 951 ignavi
490 876 591 938 militis
606 883 732 938 notasse
745 879 845 940 voiui=
867 895 949 941 nuuc
963 895 1055 944 cxso-

77 965 137 1023 luta
158 963 219 1022 iam
240 961 302 1037 lide
323 959 459 1037 publica,
486 975 526 1022 nc
547 960 710 1023 discrimen
732 978 822 1023 omne
837 963 956 1024 virtutis
971 965 1055 1041 lgna-

77 1046 206 1121 viaequo
227 1051 346 1121 pereat,
368 1044 492 1106 nomina
513 1060 635 1120 eornm,
657 1047 709 1122 qui
731 1047 917 1110 detractatae
932 1065 1055 1126 pugnae

75 1145 227 1194 memores
243 1129 453 1192 secessionem
466 1131 559 1206 paulo
575 1131 810 1210 arrlclecarunt,
830 1132 938 1192 relerri
952 1133 991 1194 ad
1005 1147 1055 1194 mc

77 1215 197 1290 iubebo,
213 1215 385 1291 citatosque
400 1214 538 1294 singulos
553 1214 764 1276 iureiurando
780 1215 916 1291 adigam,
932 1217 992 1278 nisi
1006 1219 1054 1280 cui
1075 1251 1078 1258 ⁴

79 1299 202 1360 morbus
222 1299 402 1376 censuerit,
422 1315 484 1360 uon
500 1299 586 1358 aliter
602 1317 694 1374 quam
708 1305 824 1361 stantes
840 1299 941 1361 cibum
955 1303 1055 1376 potio—

82 1397 222 1458 nemque,
246 1383 350 1459 quoad
370 1383 524 1459 stipendia
545 1383 670 1459 lacient,
694 1391 839 1459 capturos
861 1399 943 1444 esse.
974 1385 1054 1446 hanc

78 1469 199 1530 multam
212 1469 254 1550 ita
268 1483 369 1546 aequo
384 1465 621 1544 animolcretis,
636 1468 663 1530 si
676 1468 857 1546 reputabitis
872 1468 955 1529 nulla
969 1470 1053 1544 igna-

76 1553 142 1614 viaa
157 1559 231 1616 nota
245 1552 361 1619 leviore
375 1568 433 1613 vos
449 1551 604 1627 designari
618 1553 788 1629 potuisset
810 1552 931 1628 signum
942 1553 1053 1616 deinde

73 1636 238 1712 colligendi
251 1653 328 1696 vasa
342 1636 435 1711 dedit,
449 1636 621 1711 militesque
634 1639 780 1713 praedam
792 1645 948 1714 portantes
960 1654 1052 1714 agen-

73 1728 184 1797 tesque
205 1736 261 1796 per
274 1720 434 1792 lasciviam
450 1736 487 1782 ac
501 1719 602 1782 iocum
616 1721 658 1788 ito
671 1721 830 1783 ludibundi
845 1723 1049 1789 Beneventum

71 1805 207 1880 rediere,
230 1812 264 1866 nt
277 1804 315 1865 ab
330 1804 431 1880 epulis
446 1819 501 1878 per
517 1804 668 1865 celebrem
682 1807 857 1882 testumque
871 1805 950 1866 diem
965 1808 1052 1884 actis,

5 1937 8 1942 .
71 1906 132 1953 non
148 1905 190 1951 cx
204 1889 272 1954 acie
285 1887 397 1949 reverti
410 1887 596 1949 viderentur.
617 1889 826 1952 Beneventani
841 1905 948 1952 omnes
963 1892 1051 1952 turba

70 1973 172 2036 effusa
187 1989 257 2042 carm
272 1972 393 2044 obviam
408 1972 448 2032 ad
463 1979 568 2052 portas
584 1973 735 2048 exissent,
758 1974 917 2050 complecti
932 1975 1050 2049 milltes,
1072 2049 1079 2056 Ι

70 2057 236 2133 gratulari,
250 2071 363 2119 vocare
378 2057 409 2134 iu
423 2056 599 2138 hospitium.
636 2065 791 2134 apparata·
800 2057 942 2120 convivia
956 2060 1051 2119 omni-

70 2143 128 2204 bus
145 2141 178 2202 in
195 2143 358 2218 propatulo
374 2140 495 2201 aedium
510 2141 644 2202 lucrant:
667 2143 755 2204 adea
767 2139 942 2216 invitabant,
959 2143 1046 2204 Grac⁴

69 2225 228 2303 chumque
243 2226 397 2297 orabant,
427 2232 461 2286 ut
484 2225 601 2299 epulari
627 2227 813 2301 permitteret
835 2225 990 2290 militibus.
1022 2232 1051 2288 et

71 2311 231 2378 Gracchus
246 2309 288 2369 ita
303 2308 448 2386 permisit,
463 2309 494 2368 in
507 2308 630 2385 publico
643 2312 838 2385 epularentur
849 2303 1050 2370 omnes.'ante

70 2411 144 2456 suas
169 2394 304 2471 quisque
319 2394 402 2454 iores
416 2395 537 2468 prolata
551 2393 661 2454 omnia.
699 2393 812 2469 pilleati
829 2400 880 2454 ant
894 2395 965 2454 lana
980 2395 1051 2455 alba

69 2479 181 2539 relatis
208 2477 359 2555 capitibus
380 2479 510 2538 volones
531 2478 645 2552 epulati
666 2485 752 2551 sunt,
778 2479 828 2538 alii
853 2478 1048 2552 accubantes,

67 2561 119 2625 alli
134 2567 264 2637 stantes,
280 2560 331 2637 qui
346 2561 435 2646 simul
446 2561 657 2622 ministrabant
666 2563 942 2637 vescebanturqne.
958 2562 1051 2638 digna

69 2661 120 2708 res
135 2645 207 2708 visa
220 2653 254 2707 ut
267 2647 462 2708 simulacrum
478 2644 621 2706 celebrati
633 2646 699 2706 eius
712 2647 771 2708 diei
783 2647 948 2722 Gracchus,
965 2655 1049 2723 post·

69 2747 165 2806 quam
175 2731 305 2800 Romam
316 2729 403 2805 redit,
419 2729 502 2805 pingi
512 2728 631 2790 iuberet
641 2730 670 2789 in
683 2731 760 2790 aede
771 2730 941 2804 Libertatis,
957 2748 1049 2805 quam

69 2822 158 2889 pater
179 2815 247 2887 eins
269 2815 298 2875 iu
313 2811 466 2875 Aventino
488 2827 527 2874 ex
549 2813 713 2873 multaticia
734 2813 864 2889 pecunia
879 2813 1049 2876 laciendum

68 2898 192 2958 curavit
206 2897 430 2973 dedicavitque.

155 2982 252 3042 XVil.
273 2983 352 3058 Dum
364 2980 443 3043 haec
457 2983 496 3042 ad
508 2981 715 3042 Beneuentum
729 2991 883 3058 geruntur,
899 2983 1049 3044 Hannibal

68 3067 280 3142 depopulatus
295 3081 400 3142 agrum
412 3065 643 3140 Neapolitanum
656 3065 696 3125 ad
706 3065 813 3128 Nolam
825 3076 927 3129 castra
937 3074 1048 3129 movet.

69 3163 166 3225 quem
179 3150 233 3225 ubi
248 3151 415 3210 adventare
430 3151 540 3211 consul
552 3150 656 3221 sensit,
668 3147 837 3225 Pomponio
850 3157 1053 3227 propraetore

70 3251 141 3297 cum
163 3251 201 3300 eo
223 3233 364 3318 exercitu
375 3234 428 3309 qui
446 3250 540 3310 snper
556 3232 735 3294 Suessulam
748 3233 779 3293 in
794 3235 904 3296 castris
919 3241 984 3292 erat
998 3248 1048 3292 ac·

71 3318 141 3394 cito,
157 3319 203 3378 ire
218 3318 342 3378 obviam
355 3316 437 3380 hosti
451 3323 540 3394 parat
554 3333 611 3377 nec
627 3329 743 3377 moram
758 3317 921 3378 dimicandi
936 3317 1048 3378 lacere.

72 3401 101 3461 C.
115 3403 276 3464 Claudium
290 3399 442 3484 Neronem
457 3417 526 3462 cnm
538 3400 650 3462 robore
665 3401 800 3476 equitum
815 3399 935 3461 silentio
950 3399 1050 3459 noctis

72 3500 128 3560 por
154 3502 296 3550 aversam
315 3487 446 3545 maxime
467 3485 505 3545 ab
526 3485 615 3545 hoste
637 3489 754 3559 portam
775 3483 895 3555 emittit,
922 3482 1050 3540 circum·

112 3586 140 3628 r.
153 3586 213 3630 urvr
227 3585 302 3630 rans
314 3569 363 3628 Ili.
829 3572 846 3622 a
