2428 3892
178 227 239 294 136
323 229 439 292 LIBER
451 174 558 290 XXVi.
581 227 664 290 cdl).
679 237 723 292 21.
738 237 782 292 Ὦ.
803 234 842 305 [ι.
853 231 889 290 lt.
904 249 929 288 c.
940 235 1004 300 etl]

177 383 270 447 urbes
284 383 460 464 Syracusae
474 390 599 449 ornatas
613 383 741 447 fueraut
771 381 907 450 Punicae
921 396 1049 458 quoquc
1064 380 1160 443 victo

177 469 241 530 riae
254 467 377 544 signum
397 475 466 530 octa
482 467 565 530 ducti
585 465 747 542 elephanti.
779 473 810 526 et
823 481 885 526 non
901 465 1060 531 minimum
1074 464 1161 532 iuere

176 552 385 628 spectaculum
405 567 475 612 cum
489 551 613 615 coronis
634 550 735 615 aureis
754 549 979 626 praecedentes
995 548 1088 613 Sosis
1103 548 1160 626 Sy·

175 649 347 713 racusanus
372 641 403 696 et
425 634 582 700 Moericus
599 634 772 710 Hispanus,
799 649 930 710 quorum
955 633 1055 697 aliero
1082 632 1162 694 duce

175 725 326 786 nodtuoo
342 717 514 795 Syracusas
527 717 681 786 inuoluat
695 724 770 793 erat,
791 719 867 784 uter
880 716 996 784 Masuuu
1012 717 1162 792 quodque

130 877 134 884 .
174 801 218 866 ibi
232 803 380 883 praesidii
395 809 459 865 crat
472 802 659 878 prodiderat
686 801 735 868 luis
750 801 900 877 ambobus
915 801 1027 866 civitas
1043 801 1121 868 data
1134 807 1162 865 ct

176 886 331 963 qumana
343 887 449 962 iugera
462 887 537 962 agri
552 885 656 952 Sosidi
671 885 701 949 ia
716 901 791 961 agra
807 885 1016 962 Syracusano,
1041 885 1097 961 qui
1115 892 1162 952 aut

174 970 279 1046 regius
294 977 346 1035 aut
359 969 492 1038 hostium
507 969 614 1046 caduli
624 970 755 1038 Romala
770 969 887 1045 luisset,
910 976 942 1031 et
954 969 1053 1033 aedes
1066 967 1161 1045 syra-

176 1055 260 1116 cusis
272 1055 360 1122 caius
370 1055 463 1116 vellat
474 1069 588 1127 eorum
603 1053 635 1124 io
650 1069 729 1130 auos
744 1053 815 1119 belli
829 1055 894 1117 iure
908 1053 1162 1122 animadversum

175 1145 275 1208 esset;
290 1137 425 1206 Moerico
437 1137 654 1215 llispanisquo.
670 1137 723 1213 qui
738 1153 807 1204 oum
821 1153 858 1204 eo
873 1138 1068 1210 uenderent,
1086 1137 1161 1200 urbs

175 1237 311 1299 agerque
330 1222 362 1282 in
376 1221 480 1292 Sicilia
500 1238 540 1285 ex
554 1221 608 1296 iis,
630 1222 684 1296 ulii
696 1237 716 1290 a
729 1223 846 1298 pupulo
861 1221 1002 1292 Romam
1026 1221 1161 1288 deiecis-

175 1313 253 1381 sent,
274 1307 360 1376 iussa¹
373 1305 450 1369 dari.
483 1305 515 1373 id
527 1305 568 1374 lt
585 1305 726 1374 cornelio
742 1307 918 1372 mandatur
931 1311 980 1381 ut,
1003 1304 1057 1372 ubi
1072 1305 1105 1370 ei
1120 1321 1156 1366 vr-

175 1391 307 1466 dcretm,
320 1389 427 1454 urbem
442 1405 611 1466 omumque
624 1389 670 1452 cis
686 1390 872 1465 desiccaret.
909 1390 940 1456 iu
955 1389 1069 1458 eodem
1085 1405 1161 1466 agro

174 1473 331 1548 Belligeni,
347 1489 404 1549 per
414 1488 505 1548 quem
515 1474 633 1539 illectus
643 1472 685 1540 ad
696 1473 1068 1540 aausitioucmMoericus
1087 1481 1161 1548 erat,

177 1557 400 1632 quadringenta
419 1557 526 1632 iugera
545 1556 608 1633 agri
624 1556 757 1618 decreta.
792 1558 866 1619 Post
879 1557 1110 1633 prosectionem
1125 1575 1162 1620 ex

177 1638 283 1701 Sicilia
302 1639 438 1702 Marcelli
461 1640 575 1702 Punica
599 1641 710 1705 elassis
736 1649 806 1706 celo
830 1641 914 1705 milia
938 1641 1080 1718 pediturn
1107 1643 1162 1702 tria

175 1722 373 1788 Numidarum
394 1722 530 1800 muitum
550 1724 703 1800 exposuit
742 1725 783 1789 ad
804 1740 860 1786 cos
874 1725 1048 1802 Murgantia
1070 1733 1106 1786 et
1125 1726 1161 1766 **

176 1805 329 1869 deiecere.
360 1815 485 1876 secutae
506 1807 709 1876 deiectionem
729 1824 834 1878 eurum
853 1809 958 1888 Hybla
977 1816 1009 1872 st
1027 1809 1161 1874 Macalla

176 1885 249 1958 suut
266 1888 527 1967 igoooitiorcsuus
547 1892 698 1969 quaedam
720 1893 807 1960 aliae.
846 1902 881 1960 et
897 1893 1047 1960 Namusa
1068 1910 1160 1971 prae·

176 1973 256 2035 recto
266 1973 394 2042 Muttiac
407 1975 476 2050 uagi
490 1991 546 2051 por
555 1981 649 2046 aaa
659 1975 794 2046 Siciliam
805 1975 962 2046 socierum
976 1977 1089 2054 populi
1101 1979 1160 2043 Ro

176 2056 257 2119 maai
271 2074 363 2134 agros
376 2057 534 2136 mamert
555 2059 740 2136 superhaec
754 2061 907 2130 exereitus
922 2062 1085 2128 Romanus
1101 2062 1160 2124 ira-

150 2203 153 2211 k
176 2146 239 2214 tus,
260 2142 369 2217 partim
390 2143 557 2219 quodcum
578 2144 761 2219 imperatore
781 2161 844 2212 noa
864 2147 1013 2214 devectus
1029 2159 1072 2210 ex
1087 2162 1160 2223 pro-

175 2222 377 2301 vinciaesset
392 2225 501 2306 aarum
513 2227 599 2302 quod
608 2227 640 2288 in
651 2228 778 2305 oppidis
787 2229 951 2300 Musaue
962 2230 1047 2293 vetiti
1062 2238 1160 2306 arant,

176 2307 263 2382 segni
278 2310 479 2386 fungebamur
488 2309 601 2387 aliua,
615 2311 777 2389 magisque
791 2313 838 2378 eia
852 2320 961 2384 auctor
974 2315 1017 2380 ad
1031 2314 1160 2378 sedido

176 2405 247 2460 notu
260 2410 352 2469 cuam
371 2393 491 2462 animus
506 2394 620 2461 deerat.
651 2395 729 2464 iuter
741 2396 799 2466 hus
814 2396 1012 2466 ditacuutos
1025 2397 1070 2463 ld
1087 2398 1159 2461 Cor-

176 2473 274 2540 nelius
294 2484 418 2553 praetor
431 2485 463 2546 at
475 2475 600 2548 millum
620 2479 739 2548 animos
761 2496 845 2552 uuae
859 2482 1055 2550 consolando
1077 2498 1160 2549 nuuc

177 2559 355 2633 castigando
369 2561 502 2638 sedavit,
522 2569 552 2628 et
565 2563 703 2628 civitates
718 2579 827 2631 omnes
841 2580 921 2640 quae
933 2565 1117 2634 deieeemru
1130 2567 1160 2627 in

176 2639 327 2704 dicionem
340 2643 472 2718 redeam
494 2651 585 2720 alque
599 2662 639 2710 ex
652 2647 691 2714 iis
702 2647 905 2723 Muranum
916 2649 1076 2727 Hispanis,
1093 2650 1160 2726 qui·

175 2723 235 2784 bus
247 2726 319 2792 urbs
332 2742 466 2804 agapita
477 2727 646 2800 debebatur
655 2747 696 2796 ex
706 2738 834 2801 solutus
844 2733 996 2810 consulto,
1012 2733 1159 2800 attribuit

156 2815 158 2822 ’
259 2809 349 2872 xxii.
378 2810 526 2878 consulas
540 2828 609 2877 oum
629 2815 721 2880 ambo
733 2815 878 2892 apulam
897 2818 1091 2893 provinciam
1104 2818 1157 2880 ha-

177 2891 291 2970 berent,
305 2894 467 2974 mnusque
482 2896 541 2963 iarn
551 2898 677 2961 umoris
690 2899 828 2963 aduenis
840 2900 1050 2968 atilaunilaala
1064 2910 1157 2979 asset,

176 2975 277 3037 sortiri
296 2979 372 3043 iussi
391 2980 534 3056 Apuliam
553 2980 828 3058 Macedoniamque
848 2986 1051 3060 provinciam.
1090 2985 1157 3051 Sul·

176 3061 257 3137 pieio
271 3061 453 3128 Macedonia
466 3063 576 3140 euenit,
591 3063 680 3142 isque
693 3066 830 3134 Laeuino
845 3070 1008 3136 suecessit.
1029 3069 1155 3134 Fulvius

174 3146 303 3216 Romam
317 3147 505 3213 comitiorum
520 3164 614 3216 causa
634 3152 805 3218 arcessitus
819 3167 888 3212 cum
904 3155 1028 3218 comitia
1043 3169 1154 3216 consu·

175 3229 254 3292 libus
274 3229 420 3306 rogandis
440 3231 581 3310 haberet,
610 3234 826 3310 praerogativa
847 3236 975 3302 Veturia
1002 3237 1153 3300 iuniorum

174 3313 207 3372 T.
221 3315 364 3376 Manlium
378 3315 564 3388 Torquatum
585 3324 615 3380 et
627 3318 659 3377 T.
676 3317 836 3380 Otacilium
855 3321 1005 3392 ademtam
1021 3327 1153 3386 maroles

175 3397 272 3458 drau-
292 3415 360 3460 cum
381 3399 425 3459 ad
443 3398 599 3477 Manlium,
630 3402 681 3477 qui
703 3419 852 3480 praesens
873 3413 953 3477 crat,
982 3405 1152 3482 gratulandi

176 3493 270 3540 causa
287 3480 376 3540 turba
396 3480 508 3555 coiret,
527 3498 584 3544 neo
605 3484 715 3546 dubius
737 3496 822 3548 essct
843 3503 1018 3551 consensus
1040 3491 1152 3568 populi.
