<?xml version="1.0" encoding="UTF-8"?>
<!DOCTYPE html PUBLIC "-//W3C//DTD XHTML 1.0 Transitional//EN"
    "http://www.w3.org/TR/xhtml1/DTD/xhtml1-transitional.dtd">
<html xmlns="http://www.w3.org/1999/xhtml" xml:lang="en" lang="en">
 <head>
  <title>
</title>
<meta http-equiv="Content-Type" content="text/html;charset=utf-8" />
  <meta name='ocr-system' content='tesseract 3.04.00' />
  <meta name='ocr-capabilities' content='ocr_page ocr_carea ocr_par ocr_line ocrx_word'/>
</head>
<body>
  <div class='ocr_page' id='page_1' title='image "./titiliviaburbec09livygoog_0193.png"; bbox 0 0 2428 3892; ppageno 0'>
   <div class='ocr_carea' id='block_1_1' title="bbox 173 181 978 258">
    <p class='ocr_par' dir='ltr' id='par_1_1' title="bbox 173 181 978 258">
     <span class='ocr_line' id='line_1_1' title="bbox 173 181 978 258; baseline 0.005 -14"><span class='ocrx_word' id='word_1_1' title='bbox 173 181 235 246; x_wconf 81' lang='grc'><strong>168</strong></span> <span class='ocrx_word' id='word_1_2' title='bbox 351 181 467 242; x_wconf 82' lang='lat' dir='ltr'><strong>LIBER</strong></span> <span class='ocrx_word' id='word_1_3' title='bbox 481 182 602 243; x_wconf 80' lang='lat' dir='ltr'><strong>xxvii.</strong></span> <span class='ocrx_word' id='word_1_4' title='bbox 625 182 749 256; x_wconf 59' lang='lat' dir='ltr'><strong>CAPJ.</strong></span> <span class='ocrx_word' id='word_1_5' title='bbox 771 190 807 258; x_wconf 77' lang='lat' dir='ltr'><strong>[a.</strong></span> <span class='ocrx_word' id='word_1_6' title='bbox 825 189 859 242; x_wconf 89' lang='lat' dir='ltr'><strong>U.</strong></span> <span class='ocrx_word' id='word_1_7' title='bbox 874 207 898 242; x_wconf 88' lang='lat' dir='ltr'><strong>c.</strong></span> <span class='ocrx_word' id='word_1_8' title='bbox 913 191 978 258; x_wconf 72' lang='lat' dir='ltr'><strong>did]</strong></span> 
     </span>
    </p>
   </div>
   <div class='ocr_carea' id='block_1_2' title="bbox 164 337 1164 3531">
    <p class='ocr_par' dir='ltr' id='par_1_2' title="bbox 169 337 1164 1845">
     <span class='ocr_line' id='line_1_2' title="bbox 170 337 1162 414; baseline 0.001 -15"><span class='ocrx_word' id='word_1_9' title='bbox 170 338 287 400; x_wconf 86' lang='lat' dir='ltr'><strong>cesima</strong></span> <span class='ocrx_word' id='word_1_10' title='bbox 303 353 396 414; x_wconf 90' lang='lat' dir='ltr'><strong>quam</strong></span> <span class='ocrx_word' id='word_1_11' title='bbox 417 337 621 399; x_wconf 90' lang='lat' dir='ltr'><strong>aTarraconc</strong></span> <span class='ocrx_word' id='word_1_12' title='bbox 635 337 794 412; x_wconf 86' lang='lat' dir='ltr'><strong>proiectus</strong></span> <span class='ocrx_word' id='word_1_13' title='bbox 813 342 893 412; x_wconf 86' lang='lat' dir='ltr'><strong>erat,</strong></span> <span class='ocrx_word' id='word_1_14' title='bbox 912 337 1044 398; x_wconf 82' lang='lat' dir='ltr'>Romam</span> <span class='ocrx_word' id='word_1_15' title='bbox 1055 339 1162 410; x_wconf 65' lang='lat' dir='ltr'><strong>venite</strong></span> 
     </span>
     <span class='ocr_line' id='line_1_3' title="bbox 170 420 1162 498; baseline 0.003 -17"><span class='ocrx_word' id='word_1_16' title='bbox 170 424 261 498; x_wconf 88' lang='lat' dir='ltr'><strong>isque</strong></span> <span class='ocrx_word' id='word_1_17' title='bbox 277 437 345 483; x_wconf 92' lang='lat' dir='ltr'><strong>cum</strong></span> <span class='ocrx_word' id='word_1_18' title='bbox 366 421 488 496; x_wconf 83' lang='lat' dir='ltr'>agmine</span> <span class='ocrx_word' id='word_1_19' title='bbox 503 421 693 498; x_wconf 89' lang='lat' dir='ltr'><strong>captivorum</strong></span> <span class='ocrx_word' id='word_1_20' title='bbox 714 420 874 496; x_wconf 78' lang='lat' dir='ltr'><strong>ingressus</strong></span> <span class='ocrx_word' id='word_1_21' title='bbox 892 421 998 482; x_wconf 89' lang='lat' dir='ltr'><strong>urbem</strong></span> <span class='ocrx_word' id='word_1_22' title='bbox 1013 437 1162 497; x_wconf 75' lang='lat' dir='ltr'><strong>magnum</strong></span> 
     </span>
     <span class='ocr_line' id='line_1_4' title="bbox 171 505 1161 581; baseline 0.001 -14"><span class='ocrx_word' id='word_1_23' title='bbox 171 522 356 568; x_wconf 89' lang='lat' dir='ltr'><strong>concursum</strong></span> <span class='ocrx_word' id='word_1_24' title='bbox 369 505 526 567; x_wconf 89' lang='lat' dir='ltr'><strong>hominum</strong></span> <span class='ocrx_word' id='word_1_25' title='bbox 543 505 623 566; x_wconf 87' lang='lat' dir='ltr'><strong>lecit.</strong></span> <span class='ocrx_word' id='word_1_26' title='bbox 656 509 781 581; x_wconf 88' lang='lat' dir='ltr'><strong>postero</strong></span> <span class='ocrx_word' id='word_1_27' title='bbox 797 505 848 566; x_wconf 90' lang='lat' dir='ltr'><strong>die</strong></span> <span class='ocrx_word' id='word_1_28' title='bbox 863 505 894 564; x_wconf 92' lang='lat' dir='ltr'><strong>in</strong></span> <span class='ocrx_word' id='word_1_29' title='bbox 909 513 1050 568; x_wconf 86' lang='lat' dir='ltr'><strong>senatum</strong></span> <span class='ocrx_word' id='word_1_30' title='bbox 1064 506 1161 568; x_wconf 88' lang='lat' dir='ltr'><strong>intro·</strong></span> 
     </span>
     <span class='ocr_line' id='line_1_5' title="bbox 170 589 1161 666; baseline 0.002 -16"><span class='ocrx_word' id='word_1_31' title='bbox 170 592 283 652; x_wconf 90' lang='lat' dir='ltr'><strong>ductus</strong></span> <span class='ocrx_word' id='word_1_32' title='bbox 304 596 426 665; x_wconf 89' lang='lat' dir='ltr'><strong>captam</strong></span> <span class='ocrx_word' id='word_1_33' title='bbox 447 589 672 664; x_wconf 84' lang='lat' dir='ltr'><strong>Carthaginem,</strong></span> <span class='ocrx_word' id='word_1_34' title='bbox 695 596 787 665; x_wconf 88' lang='lat' dir='ltr'><strong>caput</strong></span> <span class='ocrx_word' id='word_1_35' title='bbox 805 590 990 666; x_wconf 82' lang='lat' dir='ltr'>Hispaniae,</span> <span class='ocrx_word' id='word_1_36' title='bbox 1013 605 1078 652; x_wconf 91' lang='lat' dir='ltr'><strong>uno</strong></span> <span class='ocrx_word' id='word_1_37' title='bbox 1102 591 1161 665; x_wconf 89' lang='lat' dir='ltr'><strong>die,</strong></span> 
     </span>
     <span class='ocr_line' id='line_1_6' title="bbox 171 673 1160 751; baseline 0.001 -18"><span class='ocrx_word' id='word_1_38' title='bbox 171 681 376 751; x_wconf 87' lang='lat' dir='ltr'><strong>receptasque</strong></span> <span class='ocrx_word' id='word_1_39' title='bbox 390 674 507 750; x_wconf 83' lang='lat' dir='ltr'><strong>aliquot</strong></span> <span class='ocrx_word' id='word_1_40' title='bbox 521 673 623 750; x_wconf 89' lang='lat' dir='ltr'><strong>urbes,</strong></span> <span class='ocrx_word' id='word_1_41' title='bbox 640 689 720 749; x_wconf 88' lang='lat' dir='ltr'><strong>quae</strong></span> <span class='ocrx_word' id='word_1_42' title='bbox 735 674 931 748; x_wconf 75' lang='lat' dir='ltr'><strong>defecissent,</strong></span> <span class='ocrx_word' id='word_1_43' title='bbox 947 690 1119 750; x_wconf 89' lang='lat' dir='ltr'><strong>novasque</strong></span> <span class='ocrx_word' id='word_1_44' title='bbox 1133 676 1160 734; x_wconf 90' lang='lat' dir='ltr'><strong>in</strong></span> 
     </span>
     <span class='ocr_line' id='line_1_7' title="bbox 171 757 1164 835; baseline 0.002 -17"><span class='ocrx_word' id='word_1_45' title='bbox 171 759 350 820; x_wconf 88' lang='lat' dir='ltr'><strong>societatem</strong></span> <span class='ocrx_word' id='word_1_46' title='bbox 371 757 506 818; x_wconf 88' lang='lat' dir='ltr'><strong>adscitas</strong></span> <span class='ocrx_word' id='word_1_47' title='bbox 527 758 681 834; x_wconf 84' lang='lat' dir='ltr'><strong>exposuit.</strong></span> <span class='ocrx_word' id='word_1_48' title='bbox 716 773 756 818; x_wconf 87' lang='lat' dir='ltr'><strong>ex</strong></span> <span class='ocrx_word' id='word_1_49' title='bbox 776 759 907 834; x_wconf 89' lang='lat' dir='ltr'><strong>captivis</strong></span> <span class='ocrx_word' id='word_1_50' title='bbox 930 767 1095 835; x_wconf 88' lang='lat' dir='ltr'><strong>comperta</strong></span> <span class='ocrx_word' id='word_1_51' title='bbox 1115 759 1164 819; x_wconf 84' lang='lat' dir='ltr'><strong>his</strong></span> 
     </span>
     <span class='ocr_line' id='line_1_8' title="bbox 172 841 1162 918; baseline 0 -14"><span class='ocrx_word' id='word_1_52' title='bbox 172 844 236 904; x_wconf 87' lang='lat' dir='ltr'><strong>iera</strong></span> <span class='ocrx_word' id='word_1_53' title='bbox 251 842 465 917; x_wconf 85' lang='lat' dir='ltr'><strong>congruentia,</strong></span> <span class='ocrx_word' id='word_1_54' title='bbox 487 857 568 918; x_wconf 85' lang='lat' dir='ltr'><strong>quae</strong></span> <span class='ocrx_word' id='word_1_55' title='bbox 589 841 619 902; x_wconf 93' lang='lat' dir='ltr'><strong>iu</strong></span> <span class='ocrx_word' id='word_1_56' title='bbox 634 842 739 902; x_wconf 88' lang='lat' dir='ltr'><strong>litteris</strong></span> <span class='ocrx_word' id='word_1_57' title='bbox 755 841 874 902; x_wconf 78' lang='lat' dir='ltr'><strong>strarant</strong></span> <span class='ocrx_word' id='word_1_58' title='bbox 887 842 927 902; x_wconf 86' lang='lat' dir='ltr'><strong>lli.</strong></span> <span class='ocrx_word' id='word_1_59' title='bbox 943 842 1060 902; x_wconf 89' lang='lat' dir='ltr'><strong>Valerii</strong></span> <span class='ocrx_word' id='word_1_60' title='bbox 1078 843 1162 904; x_wconf 90' lang='lat' dir='ltr'><strong>Mes-</strong></span> 
     </span>
     <span class='ocr_line' id='line_1_9' title="bbox 169 925 1161 1003; baseline 0.002 -17"><span class='ocrx_word' id='word_1_61' title='bbox 169 928 276 988; x_wconf 85' lang='lat' dir='ltr'><strong>sallae.</strong></span> <span class='ocrx_word' id='word_1_62' title='bbox 299 927 432 992; x_wconf 85' lang='lat' dir='ltr'><strong>maxime</strong></span> <span class='ocrx_word' id='word_1_63' title='bbox 446 926 544 988; x_wconf 89' lang='lat' dir='ltr'><strong>movit</strong></span> <span class='ocrx_word' id='word_1_64' title='bbox 557 933 661 1003; x_wconf 86' lang='lat' dir='ltr'><strong>patres</strong></span> <span class='ocrx_word' id='word_1_65' title='bbox 671 925 875 988; x_wconf 81' lang='lat' dir='ltr'><strong>Hasdrubalis</strong></span> <span class='ocrx_word' id='word_1_66' title='bbox 890 926 1035 988; x_wconf 80' lang='lat' dir='ltr'><strong>transitus</strong></span> <span class='ocrx_word' id='word_1_67' title='bbox 1051 927 1089 986; x_wconf 91' lang='lat' dir='ltr'><strong>in</strong></span> <span class='ocrx_word' id='word_1_68' title='bbox 1105 928 1161 988; x_wconf 86' lang='lat' dir='ltr'><strong>Ita-</strong></span> 
     </span>
     <span class='ocr_line' id='line_1_10' title="bbox 170 1010 1161 1088; baseline 0.001 -18"><span class='ocrx_word' id='word_1_69' title='bbox 170 1011 240 1072; x_wconf 89' lang='lat' dir='ltr'><strong>liam</strong></span> <span class='ocrx_word' id='word_1_70' title='bbox 262 1012 315 1072; x_wconf 91' lang='lat' dir='ltr'><strong>vix</strong></span> <span class='ocrx_word' id='word_1_71' title='bbox 329 1011 491 1072; x_wconf 80' lang='lat' dir='ltr'><strong>Hannibali</strong></span> <span class='ocrx_word' id='word_1_72' title='bbox 513 1017 606 1086; x_wconf 90' lang='lat' dir='ltr'><strong>atque</strong></span> <span class='ocrx_word' id='word_1_73' title='bbox 626 1011 693 1072; x_wconf 90' lang='lat' dir='ltr'><strong>eius</strong></span> <span class='ocrx_word' id='word_1_74' title='bbox 716 1012 808 1072; x_wconf 87' lang='lat' dir='ltr'><strong>armis</strong></span> <span class='ocrx_word' id='word_1_75' title='bbox 823 1010 1053 1072; x_wconf 80' lang='lat' dir='ltr'><strong>subsistentem.</strong></span> <span class='ocrx_word' id='word_1_76' title='bbox 1091 1028 1161 1088; x_wconf 82' lang='lat' dir='ltr'><strong>pro</strong></span> 
     </span>
     <span class='ocr_line' id='line_1_11' title="bbox 169 1095 1163 1157; baseline 0 -1"><span class='ocrx_word' id='word_1_77' title='bbox 169 1096 281 1157; x_wconf 90' lang='lat' dir='ltr'><strong>ductus</strong></span> <span class='ocrx_word' id='word_1_78' title='bbox 296 1101 327 1156; x_wconf 90' lang='lat' dir='ltr'><strong>el</strong></span> <span class='ocrx_word' id='word_1_79' title='bbox 340 1095 371 1155; x_wconf 93' lang='lat' dir='ltr'><strong>in</strong></span> <span class='ocrx_word' id='word_1_80' title='bbox 387 1095 560 1156; x_wconf 88' lang='lat' dir='ltr'><strong>contionem</strong></span> <span class='ocrx_word' id='word_1_81' title='bbox 571 1095 693 1157; x_wconf 89' lang='lat' dir='ltr'><strong>Laelius</strong></span> <span class='ocrx_word' id='word_1_82' title='bbox 709 1096 817 1156; x_wconf 88' lang='lat' dir='ltr'><strong>eadem</strong></span> <span class='ocrx_word' id='word_1_83' title='bbox 832 1095 1006 1156; x_wconf 86' lang='lat' dir='ltr'><strong>edisseruit.</strong></span> <span class='ocrx_word' id='word_1_84' title='bbox 1029 1103 1163 1156; x_wconf 84' lang='lat' dir='ltr'><strong>senatus</strong></span> 
     </span>
     <span class='ocr_line' id='line_1_12' title="bbox 169 1178 1160 1256; baseline 0.002 -18"><span class='ocrx_word' id='word_1_85' title='bbox 169 1178 209 1239; x_wconf 92' lang='lat' dir='ltr'><strong>ob</strong></span> <span class='ocrx_word' id='word_1_86' title='bbox 229 1196 281 1240; x_wconf 88' lang='lat' dir='ltr'><strong>rcs</strong></span> <span class='ocrx_word' id='word_1_87' title='bbox 307 1179 467 1240; x_wconf 88' lang='lat' dir='ltr'><strong>lclicitera</strong></span> <span class='ocrx_word' id='word_1_88' title='bbox 487 1179 519 1238; x_wconf 90' lang='lat' dir='ltr'><strong>P.</strong></span> <span class='ocrx_word' id='word_1_89' title='bbox 542 1180 688 1256; x_wconf 82' lang='lat' dir='ltr'><strong>Scipione</strong></span> <span class='ocrx_word' id='word_1_90' title='bbox 710 1187 815 1256; x_wconf 84' lang='lat' dir='ltr'><strong>gestas</strong></span> <span class='ocrx_word' id='word_1_91' title='bbox 841 1179 1107 1256; x_wconf 86' lang='lat' dir='ltr'><strong>supplicationem</strong></span> <span class='ocrx_word' id='word_1_92' title='bbox 1132 1181 1160 1240; x_wconf 91' lang='lat' dir='ltr'><strong>in</strong></span> 
     </span>
     <span class='ocr_line' id='line_1_13' title="bbox 170 1264 1162 1340; baseline 0 -16"><span class='ocrx_word' id='word_1_93' title='bbox 170 1280 262 1326; x_wconf 90' lang='lat' dir='ltr'><strong>unum</strong></span> <span class='ocrx_word' id='word_1_94' title='bbox 284 1264 364 1324; x_wconf 89' lang='lat' dir='ltr'><strong>diem</strong></span> <span class='ocrx_word' id='word_1_95' title='bbox 386 1264 536 1334; x_wconf 87' lang='lat' dir='ltr'><strong>decrevit;</strong></span> <span class='ocrx_word' id='word_1_96' title='bbox 560 1264 591 1324; x_wconf 91' lang='lat' dir='ltr'><strong>C.</strong></span> <span class='ocrx_word' id='word_1_97' title='bbox 607 1265 741 1324; x_wconf 88' lang='lat' dir='ltr'><strong>Laelium</strong></span> <span class='ocrx_word' id='word_1_98' title='bbox 756 1265 855 1340; x_wconf 89' lang='lat' dir='ltr'><strong>primo</strong></span> <span class='ocrx_word' id='word_1_99' title='bbox 872 1280 998 1340; x_wconf 87' lang='lat' dir='ltr'><strong>quoquc</strong></span> <span class='ocrx_word' id='word_1_100' title='bbox 1015 1271 1162 1340; x_wconf 88' lang='lat' dir='ltr'><strong>tempore</strong></span> 
     </span>
     <span class='ocr_line' id='line_1_14' title="bbox 169 1347 1160 1424; baseline 0 -16"><span class='ocrx_word' id='word_1_101' title='bbox 169 1363 238 1408; x_wconf 89' lang='lat' dir='ltr'><strong>cum</strong></span> <span class='ocrx_word' id='word_1_102' title='bbox 261 1347 372 1424; x_wconf 89' lang='lat' dir='ltr'><strong>quibus</strong></span> <span class='ocrx_word' id='word_1_103' title='bbox 393 1356 522 1409; x_wconf 83' lang='lat' dir='ltr'><strong>venerat</strong></span> <span class='ocrx_word' id='word_1_104' title='bbox 540 1347 671 1410; x_wconf 88' lang='lat' dir='ltr'><strong>navibus</strong></span> <span class='ocrx_word' id='word_1_105' title='bbox 692 1349 794 1409; x_wconf 87' lang='lat' dir='ltr'><strong>redire</strong></span> <span class='ocrx_word' id='word_1_106' title='bbox 809 1348 838 1408; x_wconf 92' lang='lat' dir='ltr'><strong>in</strong></span> <span class='ocrx_word' id='word_1_107' title='bbox 854 1349 1033 1424; x_wconf 87' lang='lat' dir='ltr'><strong>Hispaniam</strong></span> <span class='ocrx_word' id='word_1_108' title='bbox 1056 1349 1160 1410; x_wconf 90' lang='lat' dir='ltr'><strong>iussit</strong></span> 
     </span>
     <span class='ocr_line' id='line_1_15' title="bbox 171 1431 1160 1508; baseline -0.001 -16"><span class='ocrx_word' id='word_1_109' title='bbox 171 1431 359 1508; x_wconf 84' lang='lat' dir='ltr'><strong>Carthaginis</strong></span> <span class='ocrx_word' id='word_1_110' title='bbox 381 1433 638 1508; x_wconf 81' lang='lat' dir='ltr'><strong>expugnationem</strong></span> <span class='ocrx_word' id='word_1_111' title='bbox 652 1433 683 1494; x_wconf 91' lang='lat' dir='ltr'><strong>in</strong></span> <span class='ocrx_word' id='word_1_112' title='bbox 698 1433 780 1494; x_wconf 89' lang='lat' dir='ltr'><strong>bunc</strong></span> <span class='ocrx_word' id='word_1_113' title='bbox 795 1450 908 1494; x_wconf 78' lang='lat' dir='ltr'><strong>manum</strong></span> <span class='ocrx_word' id='word_1_114' title='bbox 923 1433 1036 1494; x_wconf 91' lang='lat' dir='ltr'><strong>contuli</strong></span> <span class='ocrx_word' id='word_1_115' title='bbox 1052 1434 1160 1494; x_wconf 87' lang='lat' dir='ltr'><strong>multis</strong></span> 
     </span>
     <span class='ocr_line' id='line_1_16' title="bbox 170 1517 1157 1594; baseline 0.002 -19"><span class='ocrx_word' id='word_1_116' title='bbox 170 1517 362 1592; x_wconf 89' lang='lat' dir='ltr'><strong>auctoribus,</strong></span> <span class='ocrx_word' id='word_1_117' title='bbox 385 1517 469 1578; x_wconf 90' lang='lat' dir='ltr'><strong>haud</strong></span> <span class='ocrx_word' id='word_1_118' title='bbox 485 1519 609 1579; x_wconf 88' lang='lat' dir='ltr'><strong>nescius</strong></span> <span class='ocrx_word' id='word_1_119' title='bbox 625 1519 777 1594; x_wconf 89' lang='lat' dir='ltr'><strong>quosdam</strong></span> <span class='ocrx_word' id='word_1_120' title='bbox 791 1533 878 1589; x_wconf 91' lang='lat' dir='ltr'><strong>csse,</strong></span> <span class='ocrx_word' id='word_1_121' title='bbox 903 1518 954 1593; x_wconf 90' lang='lat' dir='ltr'><strong>qui</strong></span> <span class='ocrx_word' id='word_1_122' title='bbox 968 1533 1051 1577; x_wconf 92' lang='lat' dir='ltr'><strong>anno</strong></span> <span class='ocrx_word' id='word_1_123' title='bbox 1077 1519 1157 1578; x_wconf 77' lang='lat' dir='ltr'><strong>inse</strong></span> 
     </span>
     <span class='ocr_line' id='line_1_17' title="bbox 170 1600 1157 1678; baseline -0.002 -17"><span class='ocrx_word' id='word_1_124' title='bbox 170 1600 274 1674; x_wconf 88' lang='lat' dir='ltr'><strong>quenti</strong></span> <span class='ocrx_word' id='word_1_125' title='bbox 296 1608 416 1676; x_wconf 88' lang='lat' dir='ltr'><strong>captam</strong></span> <span class='ocrx_word' id='word_1_126' title='bbox 438 1601 631 1676; x_wconf 85' lang='lat' dir='ltr'><strong>tradiderint,</strong></span> <span class='ocrx_word' id='word_1_127' title='bbox 656 1603 740 1678; x_wconf 89' lang='lat' dir='ltr'><strong>quod</strong></span> <span class='ocrx_word' id='word_1_128' title='bbox 761 1601 833 1662; x_wconf 91' lang='lat' dir='ltr'><strong>mihi</strong></span> <span class='ocrx_word' id='word_1_129' title='bbox 853 1602 953 1663; x_wconf 92' lang='lat' dir='ltr'><strong>minus</strong></span> <span class='ocrx_word' id='word_1_130' title='bbox 968 1602 1073 1662; x_wconf 89' lang='lat' dir='ltr'><strong>simile</strong></span> <span class='ocrx_word' id='word_1_131' title='bbox 1096 1601 1157 1661; x_wconf 88' lang='lat' dir='ltr'><strong>veri</strong></span> 
     </span>
     <span class='ocr_line' id='line_1_18' title="bbox 169 1683 1157 1763; baseline 0.004 -21"><span class='ocrx_word' id='word_1_132' title='bbox 169 1683 269 1744; x_wconf 91' lang='lat' dir='ltr'><strong>visum</strong></span> <span class='ocrx_word' id='word_1_133' title='bbox 284 1692 333 1745; x_wconf 88' lang='lat' dir='ltr'><strong>est</strong></span> <span class='ocrx_word' id='word_1_134' title='bbox 346 1701 458 1746; x_wconf 86' lang='lat' dir='ltr'><strong>annum</strong></span> <span class='ocrx_word' id='word_1_135' title='bbox 473 1685 622 1762; x_wconf 82' lang='lat' dir='ltr'><strong>integrum</strong></span> <span class='ocrx_word' id='word_1_136' title='bbox 634 1685 809 1763; x_wconf 84' lang='lat' dir='ltr'><strong>Scipionem</strong></span> <span class='ocrx_word' id='word_1_137' title='bbox 822 1687 895 1748; x_wconf 93' lang='lat' dir='ltr'><strong>nihil</strong></span> <span class='ocrx_word' id='word_1_138' title='bbox 907 1687 1048 1762; x_wconf 83' lang='lat' dir='ltr'><strong>gerundo</strong></span> <span class='ocrx_word' id='word_1_139' title='bbox 1062 1687 1097 1748; x_wconf 92' lang='lat' dir='ltr'><strong>in</strong></span> <span class='ocrx_word' id='word_1_140' title='bbox 1109 1686 1157 1746; x_wconf 87' lang='lat' dir='ltr'><strong>Hi·</strong></span> 
     </span>
     <span class='ocr_line' id='line_1_19' title="bbox 169 1769 536 1845; baseline 0.005 -18"><span class='ocrx_word' id='word_1_141' title='bbox 169 1769 278 1843; x_wconf 89' lang='lat' dir='ltr'><strong>spania</strong></span> <span class='ocrx_word' id='word_1_142' title='bbox 293 1770 536 1845; x_wconf 85' lang='lat' dir='ltr'><strong>consumpsisse.</strong></span> 
     </span>
    </p>

    <p class='ocr_par' dir='ltr' id='par_1_3' title="bbox 164 1852 1157 3531">
     <span class='ocr_line' id='line_1_20' title="bbox 253 1852 1155 1931; baseline -0.001 -18"><span class='ocrx_word' id='word_1_143' title='bbox 253 1852 287 1927; x_wconf 80' lang='lat' dir='ltr'><strong>Q.</strong></span> <span class='ocrx_word' id='word_1_144' title='bbox 303 1852 397 1915; x_wconf 85' lang='lat' dir='ltr'><strong>Fabio</strong></span> <span class='ocrx_word' id='word_1_145' title='bbox 411 1853 546 1917; x_wconf 87' lang='lat' dir='ltr'><strong>Maximo</strong></span> <span class='ocrx_word' id='word_1_146' title='bbox 563 1856 699 1930; x_wconf 89' lang='lat' dir='ltr'><strong>quintum</strong></span> <span class='ocrx_word' id='word_1_147' title='bbox 714 1856 748 1931; x_wconf 81' lang='lat' dir='ltr'><strong>Q.</strong></span> <span class='ocrx_word' id='word_1_148' title='bbox 762 1855 869 1916; x_wconf 83' lang='lat' dir='ltr'><strong>Fulvio</strong></span> <span class='ocrx_word' id='word_1_149' title='bbox 884 1855 995 1916; x_wconf 83' lang='lat' dir='ltr'><strong>Flacco</strong></span> <span class='ocrx_word' id='word_1_150' title='bbox 1012 1863 1155 1930; x_wconf 88' lang='lat' dir='ltr'><strong>quartum</strong></span> 
     </span>
     <span class='ocr_line' id='line_1_21' title="bbox 169 1937 1157 2015; baseline 0.002 -19"><span class='ocrx_word' id='word_1_151' title='bbox 169 1938 348 1998; x_wconf 90' lang='lat' dir='ltr'><strong>consulibus</strong></span> <span class='ocrx_word' id='word_1_152' title='bbox 370 1937 471 1999; x_wconf 88' lang='lat' dir='ltr'><strong>idibus</strong></span> <span class='ocrx_word' id='word_1_153' title='bbox 485 1939 617 2012; x_wconf 87' lang='lat' dir='ltr'><strong>Martiis,</strong></span> <span class='ocrx_word' id='word_1_154' title='bbox 641 1956 702 2015; x_wconf 89' lang='lat' dir='ltr'><strong>quo</strong></span> <span class='ocrx_word' id='word_1_155' title='bbox 717 1942 767 2001; x_wconf 92' lang='lat' dir='ltr'><strong>die</strong></span> <span class='ocrx_word' id='word_1_156' title='bbox 781 1940 989 2015; x_wconf 78' lang='lat' dir='ltr'><strong>magistratum</strong></span> <span class='ocrx_word' id='word_1_157' title='bbox 1011 1940 1157 2012; x_wconf 86' lang='lat' dir='ltr'><strong>inierunt,</strong></span> 
     </span>
     <span class='ocr_line' id='line_1_22' title="bbox 168 2019 1155 2100; baseline 0.002 -21"><span class='ocrx_word' id='word_1_158' title='bbox 168 2019 253 2081; x_wconf 87' lang='lat' dir='ltr'><strong>ltalia</strong></span> <span class='ocrx_word' id='word_1_159' title='bbox 268 2020 417 2084; x_wconf 89' lang='lat' dir='ltr'><strong>ambobus</strong></span> <span class='ocrx_word' id='word_1_160' title='bbox 428 2024 589 2099; x_wconf 87' lang='lat' dir='ltr'><strong>provincia</strong></span> <span class='ocrx_word' id='word_1_161' title='bbox 603 2025 734 2097; x_wconf 88' lang='lat' dir='ltr'><strong>decreta,</strong></span> <span class='ocrx_word' id='word_1_162' title='bbox 750 2024 928 2099; x_wconf 86' lang='lat' dir='ltr'><strong>regionibus</strong></span> <span class='ocrx_word' id='word_1_163' title='bbox 943 2031 1046 2084; x_wconf 71' lang='lat' dir='ltr'><strong>mmen</strong></span> <span class='ocrx_word' id='word_1_164' title='bbox 1064 2024 1155 2100; x_wconf 88' lang='lat' dir='ltr'><strong>parti-</strong></span> 
     </span>
     <span class='ocr_line' id='line_1_23' title="bbox 169 2107 1157 2184; baseline 0.001 -19"><span class='ocrx_word' id='word_1_165' title='bbox 169 2111 230 2165; x_wconf 89' lang='lat' dir='ltr'><strong>tum</strong></span> <span class='ocrx_word' id='word_1_166' title='bbox 252 2107 426 2182; x_wconf 73' lang='lat' dir='ltr'><strong>imperiums</strong></span> <span class='ocrx_word' id='word_1_167' title='bbox 447 2107 561 2169; x_wconf 86' lang='lat' dir='ltr'><strong>Fabius</strong></span> <span class='ocrx_word' id='word_1_168' title='bbox 576 2109 616 2168; x_wconf 91' lang='lat' dir='ltr'><strong>ad</strong></span> <span class='ocrx_word' id='word_1_169' title='bbox 630 2111 807 2184; x_wconf 88' lang='lat' dir='ltr'><strong>Tarentum,</strong></span> <span class='ocrx_word' id='word_1_170' title='bbox 827 2108 953 2170; x_wconf 87' lang='lat' dir='ltr'><strong>Fulvius</strong></span> <span class='ocrx_word' id='word_1_171' title='bbox 974 2110 1005 2169; x_wconf 94' lang='lat' dir='ltr'><strong>in</strong></span> <span class='ocrx_word' id='word_1_172' title='bbox 1020 2109 1157 2174; x_wconf 89' lang='lat' dir='ltr'><strong>Lucanis</strong></span> 
     </span>
     <span class='ocr_line' id='line_1_24' title="bbox 168 2189 1154 2268; baseline 0.003 -20"><span class='ocrx_word' id='word_1_173' title='bbox 168 2205 204 2249; x_wconf 91' lang='lat' dir='ltr'><strong>ac</strong></span> <span class='ocrx_word' id='word_1_174' title='bbox 218 2189 342 2252; x_wconf 86' lang='lat' dir='ltr'><strong>Bruttiis</strong></span> <span class='ocrx_word' id='word_1_175' title='bbox 356 2207 421 2252; x_wconf 90' lang='lat' dir='ltr'><strong>rem</strong></span> <span class='ocrx_word' id='word_1_176' title='bbox 435 2199 564 2268; x_wconf 81' lang='lat' dir='ltr'><strong>gereret.</strong></span> <span class='ocrx_word' id='word_1_177' title='bbox 584 2193 624 2252; x_wconf 88' lang='grc' dir='ltr'><strong>Μ.</strong></span> <span class='ocrx_word' id='word_1_178' title='bbox 641 2193 766 2254; x_wconf 89' lang='lat' dir='ltr'><strong>Claudio</strong></span> <span class='ocrx_word' id='word_1_179' title='bbox 782 2200 979 2268; x_wconf 79' lang='lat' dir='ltr'><strong>prorogatum</strong></span> <span class='ocrx_word' id='word_1_180' title='bbox 993 2193 1026 2252; x_wconf 88' lang='lat' dir='ltr'><strong>in</strong></span> <span class='ocrx_word' id='word_1_181' title='bbox 1041 2209 1154 2253; x_wconf 89' lang='lat' dir='ltr'><strong>annum</strong></span> 
     </span>
     <span class='ocr_line' id='line_1_25' title="bbox 168 2273 1153 2353; baseline 0.004 -21"><span class='ocrx_word' id='word_1_182' title='bbox 168 2273 336 2350; x_wconf 87' lang='lat' dir='ltr'><strong>imperium.</strong></span> <span class='ocrx_word' id='word_1_183' title='bbox 367 2282 526 2352; x_wconf 88' lang='lat' dir='ltr'><strong>praetores</strong></span> <span class='ocrx_word' id='word_1_184' title='bbox 547 2277 644 2338; x_wconf 89' lang='lat' dir='ltr'><strong>sortiti</strong></span> <span class='ocrx_word' id='word_1_185' title='bbox 665 2278 856 2353; x_wconf 90' lang='lat' dir='ltr'><strong>provincias,</strong></span> <span class='ocrx_word' id='word_1_186' title='bbox 879 2277 910 2337; x_wconf 87' lang='lat' dir='ltr'><strong>C.</strong></span> <span class='ocrx_word' id='word_1_187' title='bbox 924 2277 1079 2338; x_wconf 89' lang='lat' dir='ltr'><strong>Hostilius</strong></span> <span class='ocrx_word' id='word_1_188' title='bbox 1100 2276 1153 2336; x_wconf 93' lang='lat' dir='ltr'><strong>Tu-</strong></span> 
     </span>
     <span class='ocr_line' id='line_1_26' title="bbox 167 2358 1156 2438; baseline 0.002 -22"><span class='ocrx_word' id='word_1_189' title='bbox 167 2358 258 2420; x_wconf 86' lang='lat' dir='ltr'><strong>bulus</strong></span> <span class='ocrx_word' id='word_1_190' title='bbox 272 2361 430 2437; x_wconf 86' lang='lat' dir='ltr'><strong>urbanam,</strong></span> <span class='ocrx_word' id='word_1_191' title='bbox 450 2361 484 2420; x_wconf 90' lang='lat' dir='ltr'><strong>L.</strong></span> <span class='ocrx_word' id='word_1_192' title='bbox 497 2361 642 2434; x_wconf 86' lang='lat' dir='ltr'><strong>Veturius</strong></span> <span class='ocrx_word' id='word_1_193' title='bbox 653 2361 739 2423; x_wconf 90' lang='lat' dir='ltr'><strong>Philo</strong></span> <span class='ocrx_word' id='word_1_194' title='bbox 755 2362 948 2438; x_wconf 80' lang='lat' dir='ltr'><strong>peregrinam</strong></span> <span class='ocrx_word' id='word_1_195' title='bbox 963 2377 1035 2422; x_wconf 89' lang='lat' dir='ltr'><strong>cum</strong></span> <span class='ocrx_word' id='word_1_196' title='bbox 1047 2361 1156 2434; x_wconf 75' lang='lat' dir='ltr'><strong>Gallia,</strong></span> 
     </span>
     <span class='ocr_line' id='line_1_27' title="bbox 166 2443 1152 2522; baseline 0.001 -20"><span class='ocrx_word' id='word_1_197' title='bbox 166 2443 198 2502; x_wconf 89' lang='lat' dir='ltr'><strong>T.</strong></span> <span class='ocrx_word' id='word_1_198' title='bbox 215 2443 371 2518; x_wconf 81' lang='lat' dir='ltr'><strong>Quinctius</strong></span> <span class='ocrx_word' id='word_1_199' title='bbox 393 2445 550 2522; x_wconf 84' lang='lat' dir='ltr'><strong>Crispinus</strong></span> <span class='ocrx_word' id='word_1_200' title='bbox 572 2445 722 2522; x_wconf 83' lang='lat' dir='ltr'><strong>Capuam,</strong></span> <span class='ocrx_word' id='word_1_201' title='bbox 746 2447 777 2506; x_wconf 92' lang='lat' dir='ltr'><strong>C.</strong></span> <span class='ocrx_word' id='word_1_202' title='bbox 797 2447 1025 2508; x_wconf 86' lang='lat' dir='ltr'><strong>Aurunculeius</strong></span> <span class='ocrx_word' id='word_1_203' title='bbox 1048 2445 1152 2506; x_wconf 90' lang='lat' dir='ltr'><strong>Sardi-</strong></span> 
     </span>
     <span class='ocr_line' id='line_1_28' title="bbox 167 2527 1151 2608; baseline 0 -21"><span class='ocrx_word' id='word_1_204' title='bbox 167 2527 257 2588; x_wconf 90' lang='lat' dir='ltr'><strong>niam.</strong></span> <span class='ocrx_word' id='word_1_205' title='bbox 285 2529 437 2589; x_wconf 86' lang='lat' dir='ltr'><strong>exercitus</strong></span> <span class='ocrx_word' id='word_1_206' title='bbox 452 2530 494 2590; x_wconf 90' lang='lat' dir='ltr'><strong>ita</strong></span> <span class='ocrx_word' id='word_1_207' title='bbox 508 2545 566 2606; x_wconf 89' lang='lat' dir='ltr'><strong>per</strong></span> <span class='ocrx_word' id='word_1_208' title='bbox 578 2530 753 2608; x_wconf 81' lang='lat' dir='ltr'><strong>provincias</strong></span> <span class='ocrx_word' id='word_1_209' title='bbox 770 2530 876 2592; x_wconf 83' lang='lat' dir='ltr'><strong>divisi:</strong></span> <span class='ocrx_word' id='word_1_210' title='bbox 891 2530 998 2592; x_wconf 82' lang='lat' dir='ltr'><strong>Fuluio</strong></span> <span class='ocrx_word' id='word_1_211' title='bbox 1015 2530 1099 2590; x_wconf 91' lang='lat' dir='ltr'><strong>duae</strong></span> <span class='ocrx_word' id='word_1_212' title='bbox 1114 2531 1151 2587; x_wconf 91' lang='lat' dir='ltr'><strong>le-</strong></span> 
     </span>
     <span class='ocr_line' id='line_1_29' title="bbox 166 2610 1153 2688; baseline 0.002 -18"><span class='ocrx_word' id='word_1_213' title='bbox 166 2610 284 2685; x_wconf 79' lang='lat' dir='ltr'><strong>giones,</strong></span> <span class='ocrx_word' id='word_1_214' title='bbox 302 2629 379 2687; x_wconf 91' lang='lat' dir='ltr'><strong>quas</strong></span> <span class='ocrx_word' id='word_1_215' title='bbox 390 2612 889 2676; x_wconf 78' lang='lat' dir='ltr'><strong>inSiciliald.ValeriusLaevinus</strong></span> <span class='ocrx_word' id='word_1_216' title='bbox 902 2615 1038 2688; x_wconf 88' lang='lat' dir='ltr'><strong>haberet,</strong></span> <span class='ocrx_word' id='word_1_217' title='bbox 1055 2613 1153 2688; x_wconf 66' lang='lat' dir='ltr'><strong>aaa·</strong></span> 
     </span>
     <span class='ocr_line' id='line_1_30' title="bbox 167 2693 1151 2775; baseline 0.002 -23"><span class='ocrx_word' id='word_1_218' title='bbox 167 2693 228 2770; x_wconf 91' lang='lat' dir='ltr'><strong>bio,</strong></span> <span class='ocrx_word' id='word_1_219' title='bbox 248 2697 360 2770; x_wconf 85' lang='lat' dir='ltr'><strong>quibus</strong></span> <span class='ocrx_word' id='word_1_220' title='bbox 375 2697 406 2756; x_wconf 90' lang='lat' dir='ltr'><strong>in</strong></span> <span class='ocrx_word' id='word_1_221' title='bbox 416 2697 536 2758; x_wconf 88' lang='lat' dir='ltr'><strong>Etruria</strong></span> <span class='ocrx_word' id='word_1_222' title='bbox 551 2697 582 2758; x_wconf 91' lang='lat' dir='ltr'><strong>C.</strong></span> <span class='ocrx_word' id='word_1_223' title='bbox 592 2699 773 2774; x_wconf 89' lang='lat' dir='ltr'><strong>Calpurnius</strong></span> <span class='ocrx_word' id='word_1_224' title='bbox 787 2700 981 2775; x_wconf 71' lang='lat' dir='ltr'><strong>praefuisset</strong></span> <span class='ocrx_word' id='word_1_225' title='bbox 998 2698 1151 2758; x_wconf 87' lang='lat' dir='ltr'><strong>decretae.</strong></span> 
     </span>
     <span class='ocr_line' id='line_1_31' title="bbox 166 2777 1153 2858; baseline 0 -20"><span class='ocrx_word' id='word_1_226' title='bbox 166 2777 301 2839; x_wconf 89' lang='lat' dir='ltr'><strong>urbanus</strong></span> <span class='ocrx_word' id='word_1_227' title='bbox 317 2779 469 2842; x_wconf 89' lang='lat' dir='ltr'><strong>exercitus</strong></span> <span class='ocrx_word' id='word_1_228' title='bbox 485 2781 514 2840; x_wconf 94' lang='lat' dir='ltr'><strong>in</strong></span> <span class='ocrx_word' id='word_1_229' title='bbox 530 2782 679 2844; x_wconf 81' lang='lat' dir='ltr'><strong>Etruriam</strong></span> <span class='ocrx_word' id='word_1_230' title='bbox 694 2784 889 2855; x_wconf 57' lang='lat' dir='ltr'><strong>succederem</strong></span> <span class='ocrx_word' id='word_1_231' title='bbox 920 2783 953 2842; x_wconf 91' lang='lat' dir='ltr'><strong>C.</strong></span> <span class='ocrx_word' id='word_1_232' title='bbox 968 2781 1153 2858; x_wconf 86' lang='lat' dir='ltr'><strong>Calpurnius</strong></span> 
     </span>
     <span class='ocr_line' id='line_1_32' title="bbox 168 2861 1146 2943; baseline 0.003 -22"><span class='ocrx_word' id='word_1_233' title='bbox 168 2861 268 2926; x_wconf 86' lang='lat' dir='ltr'><strong>eidem</strong></span> <span class='ocrx_word' id='word_1_234' title='bbox 283 2872 445 2939; x_wconf 86' lang='lat' dir='ltr'><strong>praeesset</strong></span> <span class='ocrx_word' id='word_1_235' title='bbox 464 2867 643 2942; x_wconf 87' lang='lat' dir='ltr'><strong>provinciae</strong></span> <span class='ocrx_word' id='word_1_236' title='bbox 664 2867 889 2943; x_wconf 59' lang='lat' dir='ltr'><strong>exercituique</strong></span> <span class='ocrx_word' id='word_1_237' title='bbox 913 2867 1049 2943; x_wconf 87' lang='lat' dir='ltr'><strong>Capuam</strong></span> <span class='ocrx_word' id='word_1_238' title='bbox 1064 2881 1146 2926; x_wconf 84' lang='lat' dir='ltr'><strong>exer·</strong></span> 
     </span>
     <span class='ocr_line' id='line_1_33' title="bbox 166 2947 1149 3026; baseline 0.001 -19"><span class='ocrx_word' id='word_1_239' title='bbox 166 2947 329 3024; x_wconf 88' lang='lat' dir='ltr'><strong>citumque,</strong></span> <span class='ocrx_word' id='word_1_240' title='bbox 352 2965 442 3024; x_wconf 90' lang='lat' dir='ltr'><strong>quem</strong></span> <span class='ocrx_word' id='word_1_241' title='bbox 454 2949 620 3025; x_wconf 63' lang='lat' dir='ltr'><strong>pluvius</strong></span> <span class='ocrx_word' id='word_1_242' title='bbox 635 2952 803 3024; x_wconf 83' lang='lat' dir='ltr'><strong>habuisset,</strong></span> <span class='ocrx_word' id='word_1_243' title='bbox 818 2953 851 3012; x_wconf 92' lang='lat' dir='ltr'><strong>T.</strong></span> <span class='ocrx_word' id='word_1_244' title='bbox 860 2951 1019 3026; x_wconf 80' lang='lat' dir='ltr'><strong>Quinctius</strong></span> <span class='ocrx_word' id='word_1_245' title='bbox 1033 2949 1149 3012; x_wconf 90' lang='lat' dir='ltr'><strong>obline-</strong></span> 
     </span>
     <span class='ocr_line' id='line_1_34' title="bbox 165 3032 1151 3112; baseline 0.003 -22"><span class='ocrx_word' id='word_1_246' title='bbox 165 3038 221 3091; x_wconf 90' lang='lat' dir='ltr'><strong>ret.</strong></span> <span class='ocrx_word' id='word_1_247' title='bbox 253 3032 287 3092; x_wconf 87' lang='lat' dir='ltr'><strong>L.</strong></span> <span class='ocrx_word' id='word_1_248' title='bbox 301 3033 448 3096; x_wconf 85' lang='lat' dir='ltr'><strong>Velum&#39;us</strong></span> <span class='ocrx_word' id='word_1_249' title='bbox 470 3034 508 3096; x_wconf 91' lang='lat' dir='ltr'><strong>ab</strong></span> <span class='ocrx_word' id='word_1_250' title='bbox 527 3035 559 3096; x_wconf 92' lang='lat' dir='ltr'><strong>C.</strong></span> <span class='ocrx_word' id='word_1_251' title='bbox 573 3036 716 3098; x_wconf 88' lang='lat' dir='ltr'><strong>Laetorio</strong></span> <span class='ocrx_word' id='word_1_252' title='bbox 738 3043 939 3112; x_wconf 85' lang='lat' dir='ltr'><strong>propraetore</strong></span> <span class='ocrx_word' id='word_1_253' title='bbox 960 3033 1151 3111; x_wconf 87' lang='lat' dir='ltr'><strong>provinciam</strong></span> 
     </span>
     <span class='ocr_line' id='line_1_35' title="bbox 166 3117 1148 3195; baseline -0.001 -19"><span class='ocrx_word' id='word_1_254' title='bbox 166 3117 395 3194; x_wconf 82' lang='lat' dir='ltr'><strong>exercitumque</strong></span> <span class='ocrx_word' id='word_1_255' title='bbox 411 3151 448 3164; x_wconf 88' lang='lat'><em>-</em></span> <span class='ocrx_word' id='word_1_256' title='bbox 465 3119 593 3180; x_wconf 83' lang='lat' dir='ltr'><strong>Arimini</strong></span> <span class='ocrx_word' id='word_1_257' title='bbox 609 3128 674 3181; x_wconf 86' lang='lat' dir='ltr'><strong>erat</strong></span> <span class='ocrx_word' id='word_1_258' title='bbox 690 3155 728 3166; x_wconf 87' lang='lat'><strong>-</strong></span> <span class='ocrx_word' id='word_1_259' title='bbox 744 3121 907 3195; x_wconf 88' lang='lat' dir='ltr'><strong>acciperet.</strong></span> <span class='ocrx_word' id='word_1_260' title='bbox 938 3121 978 3180; x_wconf 88' lang='grc' dir='ltr'><strong>Μ.</strong></span> <span class='ocrx_word' id='word_1_261' title='bbox 993 3119 1148 3188; x_wconf 88' lang='lat' dir='ltr'><strong>Marcello,</strong></span> 
     </span>
     <span class='ocr_line' id='line_1_36' title="bbox 166 3201 1147 3280; baseline -0.001 -20"><span class='ocrx_word' id='word_1_262' title='bbox 166 3201 276 3275; x_wconf 91' lang='lat' dir='ltr'><strong>quibus</strong></span> <span class='ocrx_word' id='word_1_263' title='bbox 289 3205 397 3265; x_wconf 86' lang='lat' dir='ltr'><strong>consul</strong></span> <span class='ocrx_word' id='word_1_264' title='bbox 409 3219 474 3264; x_wconf 90' lang='lat' dir='ltr'><strong>rem</strong></span> <span class='ocrx_word' id='word_1_265' title='bbox 486 3211 634 3279; x_wconf 80' lang='lat' dir='ltr'><strong>gesserat,</strong></span> <span class='ocrx_word' id='word_1_266' title='bbox 650 3204 789 3280; x_wconf 80' lang='lat' dir='ltr'><strong>legiones</strong></span> <span class='ocrx_word' id='word_1_267' title='bbox 802 3205 953 3266; x_wconf 88' lang='lat' dir='ltr'><strong>decretae.</strong></span> <span class='ocrx_word' id='word_1_268' title='bbox 976 3204 1018 3264; x_wconf 88' lang='lat' dir='ltr'><strong>M.</strong></span> <span class='ocrx_word' id='word_1_269' title='bbox 1025 3201 1147 3262; x_wconf 88' lang='lat' dir='ltr'><strong>Valerio</strong></span> 
     </span>
     <span class='ocr_line' id='line_1_37' title="bbox 165 3283 1147 3366; baseline -0.002 -22"><span class='ocrx_word' id='word_1_270' title='bbox 165 3299 232 3345; x_wconf 88' lang='lat' dir='ltr'><strong>cum</strong></span> <span class='ocrx_word' id='word_1_271' title='bbox 247 3287 281 3346; x_wconf 92' lang='lat' dir='ltr'><strong>L.</strong></span> <span class='ocrx_word' id='word_1_272' title='bbox 297 3285 400 3350; x_wconf 88' lang='lat' dir='ltr'><strong>Cincio</strong></span> <span class='ocrx_word' id='word_1_273' title='bbox 420 3319 463 3331; x_wconf 92' lang='lat'><strong>—-</strong></span> <span class='ocrx_word' id='word_1_274' title='bbox 483 3287 522 3350; x_wconf 93' lang='lat' dir='ltr'><strong>iis</strong></span> <span class='ocrx_word' id='word_1_275' title='bbox 539 3304 664 3365; x_wconf 90' lang='lat' dir='ltr'><strong>quoque</strong></span> <span class='ocrx_word' id='word_1_276' title='bbox 686 3289 767 3348; x_wconf 89' lang='lat' dir='ltr'><strong>enim</strong></span> <span class='ocrx_word' id='word_1_277' title='bbox 788 3296 985 3366; x_wconf 83' lang='lat' dir='ltr'><strong>prorogatum</strong></span> <span class='ocrx_word' id='word_1_278' title='bbox 1001 3290 1031 3348; x_wconf 91' lang='lat' dir='ltr'><strong>in</strong></span> <span class='ocrx_word' id='word_1_279' title='bbox 1047 3283 1147 3348; x_wconf 88' lang='lat' dir='ltr'><strong>Sicilia</strong></span> 
     </span>
     <span class='ocr_line' id='line_1_38' title="bbox 164 3367 1146 3448; baseline 0 -20"><span class='ocrx_word' id='word_1_280' title='bbox 164 3367 324 3444; x_wconf 88' lang='lat' dir='ltr'><strong>imperium</strong></span> <span class='ocrx_word' id='word_1_281' title='bbox 334 3371 558 3432; x_wconf 88' lang='lat' dir='ltr'><strong>—Cannensis</strong></span> <span class='ocrx_word' id='word_1_282' title='bbox 574 3373 728 3434; x_wconf 83' lang='lat' dir='ltr'><strong>exercitus</strong></span> <span class='ocrx_word' id='word_1_283' title='bbox 741 3373 841 3444; x_wconf 72' lang='lat' dir='ltr'><strong>datus</strong></span> <span class='ocrx_word' id='word_1_284' title='bbox 858 3387 991 3446; x_wconf 88' lang='lat' dir='ltr'><strong>eumque</strong></span> <span class='ocrx_word' id='word_1_285' title='bbox 1005 3371 1146 3448; x_wconf 85' lang='lat' dir='ltr'><strong>supplere</strong></span> 
     </span>
     <span class='ocr_line' id='line_1_39' title="bbox 164 3453 1144 3531; baseline 0.005 -23"><span class='ocrx_word' id='word_1_286' title='bbox 164 3463 205 3508; x_wconf 89' lang='lat' dir='ltr'><strong>ex</strong></span> <span class='ocrx_word' id='word_1_287' title='bbox 226 3453 386 3529; x_wconf 82' lang='lat' dir='ltr'><strong>militibus,</strong></span> <span class='ocrx_word' id='word_1_288' title='bbox 415 3453 467 3528; x_wconf 90' lang='lat' dir='ltr'><strong>qui</strong></span> <span class='ocrx_word' id='word_1_289' title='bbox 488 3469 527 3514; x_wconf 92' lang='lat' dir='ltr'><strong>ex</strong></span> <span class='ocrx_word' id='word_1_290' title='bbox 547 3454 721 3528; x_wconf 80' lang='lat' dir='ltr'><strong>legionibus</strong></span> <span class='ocrx_word' id='word_1_291' title='bbox 743 3455 796 3514; x_wconf 89' lang='lat' dir='ltr'><strong>Cn.</strong></span> <span class='ocrx_word' id='word_1_292' title='bbox 817 3456 913 3516; x_wconf 88' lang='lat' dir='ltr'><strong>Fulvii</strong></span> <span class='ocrx_word' id='word_1_293' title='bbox 940 3457 1144 3531; x_wconf 84' lang='lat' dir='ltr'><strong>superessent,</strong></span> 
     </span>
    </p>
   </div>
   <div class='ocr_carea' id='block_1_3' title="bbox 0 0 1218 3892">
    <p class='ocr_par' dir='ltr' id='par_1_4' title="bbox 0 0 1218 3892">
     <span class='ocr_line' id='line_1_40' title="bbox 0 0 1218 3892; baseline 0 1"><span class='ocrx_word' id='word_1_294' title='bbox 0 0 1218 3892; x_wconf 95' lang='lat' dir='ltr'><strong> </strong></span> 
     </span>
    </p>
   </div>
  </div>
 </body>
</html>
