2428 3892
231 224 348 288 LIBER
361 224 469 287 XXVI.
492 225 574 288 CAP.
590 233 632 291 17.
656 233 693 303 [ι.
704 233 737 288 c.
751 234 815 304 nli]
954 227 1013 295 121

120 377 212 438 XVII.
245 378 375 440 Romani
394 377 498 455 patres
521 379 687 456 perfuncti,
715 380 800 457 quod
820 381 860 442 ad
881 381 1014 459 capuam

50 461 194 538 attinebat,
217 477 293 526 cara
307 462 339 523 C.
354 462 466 525 Neroni
479 477 519 526 ex
538 463 576 524 iis
592 463 712 526 duabus
726 464 913 542 legionibus,
937 483 1014 542 quas

51 545 216 622 adcapnom
226 545 385 622 babuerat,
400 563 458 608 sex
472 547 555 608 milia
565 549 702 624 peditum
716 556 746 609 et
759 556 913 611 mentes
929 552 1012 626 equi-

49 637 96 705 tes,
116 645 191 706 quos
206 629 277 707 ipse
288 631 423 708 legissea
445 638 475 692 et
488 633 609 694 socium
618 632 715 694 Labni
730 629 862 694 nonaiuis
877 628 1013 711 peditum

48 730 189 775 numerum
212 730 320 792 parem
340 722 372 777 et
392 716 585 793 octingentos
600 718 720 794 equites
734 718 911 780 decernunt.
945 734 1013 780 eum

47 799 196 859 exercitam
206 798 343 862 Puteolis
357 799 388 860 iu
402 817 498 862 naves
513 801 690 877 impositum
696 801 775 863 Nero
790 801 820 862 in
835 801 1014 878 Hispaniam

47 883 259 959 aansporacvia.
300 899 370 946 cunr
383 884 586 947 Tarraconem
599 884 730 947 navibus
744 885 895 962 venisset,
917 901 1014 962 expo·

48 967 161 1042 sitisque
174 966 216 1028 ibi
227 968 329 1044 copiis
344 976 374 1030 et
385 969 514 1031 carabus
529 969 689 1031 subductis
703 970 809 1031 socios
820 984 944 1046 quoque
959 984 1013 1030 ran·

49 1052 120 1111 tales
133 1051 332 1114 multitudinis
348 1053 508 1130 augendae
519 1069 614 1115 causa
628 1061 786 1130 armasset
802 1055 958 1131 prolectas
973 1053 1013 1114 ad

48 1133 174 1196 Hiberam
187 1135 306 1198 ilumen
321 1139 487 1199 exereitum
502 1137 541 1198 ab
554 1137 598 1197 Ti.
611 1136 738 1200 Fonteio
753 1145 784 1199 et
796 1137 911 1198 Marcio
926 1153 1013 1198 acce·

48 1217 90 1292 pit.
118 1219 185 1280 inde
200 1222 304 1298 pergit
323 1223 364 1283 ad
377 1221 484 1284 hostes
504 1221 557 1283 ire.
588 1220 763 1283 Hasdrubal
776 1221 956 1283 Hamilcaris
972 1221 1011 1280 ad

50 1301 163 1378 lapides
184 1311 271 1366 atros
293 1313 394 1367 costra
413 1305 559 1366 habebam
581 1306 612 1364 in
627 1305 792 1367 Ausetanis
812 1305 840 1366 is
859 1307 946 1366 locas
967 1311 1013 1364 est

53 1384 112 1445 inter
130 1389 245 1464 oppida
259 1390 406 1466 lliturgim
421 1397 452 1450 et
465 1389 653 1454 Mentissam.
684 1389 775 1450 huius
795 1390 893 1450 salms
904 1389 1013 1448 'lauces

52 1468 114 1530 Nero
132 1475 248 1535 merdic
278 1475 455 1535 Hasdrubal
469 1491 537 1536 cam
551 1474 581 1534 in
596 1480 662 1534 arto
677 1488 728 1534 res
742 1480 841 1546 esset,
864 1471 1010 1533 caducea-

51 1559 130 1614 torem
148 1557 243 1632 misit,
275 1559 328 1633 qui
349 1558 550 1634 promitteret,
580 1558 606 1618 si
628 1557 701 1617 inde
720 1557 834 1618 missus
857 1557 949 1630 leret,
979 1570 1014 1616 so

51 1651 153 1699 omnem
168 1642 338 1702 exercitum
353 1657 392 1702 ex
405 1641 555 1718 Hispania
569 1642 808 1717 deportaturum.
842 1657 934 1716 quarn
948 1655 1013 1700 rem

51 1736 107 1780 cun
124 1723 201 1786 laeto
230 1727 334 1787 animo
354 1726 513 1786 Romanus
540 1726 727 1802 recepisset,
756 1726 837 1786 diem
856 1731 1015 1801 posterum

50 1803 204 1869 Hasdrubal
219 1811 377 1886 colloquio
392 1810 508 1885 petivit,
523 1816 557 1870 ut
570 1811 722 1889 [Romam]
738 1811 823 1887 leges
838 1809 1014 1870 conscribe·

51 1897 137 1951 rentur
151 1893 189 1953 de
202 1893 363 1956 tradendis
379 1895 501 1954 arcibus
516 1894 637 1957 urbium
652 1895 763 1970 dieque
778 1893 953 1967 statuenda,
974 1893 1013 1953 ad

52 1989 125 2048 qnam
140 1979 295 2052 praesidia
309 1979 548 2053 deducerentur,
572 1994 690 2054 suaque
710 1979 813 2039 omnia
826 1978 894 2038 sine
908 1975 1015 2036 fraude

51 2054 129 2118 Poeni
143 2061 348 2139 deportarent
377 2063 462 2137 quod
475 2061 529 2124 ubi
544 2062 723 2140 impetravit,
739 2063 893 2138 extemplo
907 2060 1014 2137 primis

51 2141 166 2206 tenebris
186 2153 281 2222 atque
295 2147 368 2207 inde
382 2153 446 2208 tota
460 2153 565 2220 nocte,
589 2146 672 2222 quod
693 2146 907 2222 gravissimum
927 2158 1013 2203 exer-

52 2225 116 2287 citus
133 2238 210 2303 erat,
239 2230 416 2292 Hasdrubal
438 2245 629 2306 quacumque
649 2239 758 2306 posset
783 2228 915 2289 evadere
935 2227 1015 2288 saltu

52 2307 134 2370 iussit.
164 2315 238 2376 data
253 2315 362 2376 sedulo
379 2321 550 2392 operaest,
573 2331 613 2375 ne
627 2314 711 2374 multi
725 2330 763 2374 ea
776 2320 867 2374 nocte
888 2313 1013 2385 exirent,

52 2400 78 2452 at
93 2394 155 2471 ipsa
168 2400 309 2474 paucitas
324 2415 392 2458 curn
406 2400 447 2459 ad
460 2398 580 2460 hostem
595 2399 715 2459 silentio
730 2397 895 2458 saliendum
916 2395 1016 2471 aptior

53 2481 102 2537 tan
120 2482 157 2541 ad
177 2484 373 2544 evadendum
389 2499 445 2558 per
464 2489 546 2543 anas
561 2482 686 2542 semitas
707 2497 744 2542 ac
759 2481 899 2541 diiflciles
920 2485 1014 2541 esset.

54 2570 159 2623 ventam
179 2567 353 2643 insequenti
375 2567 425 2627 die
439 2567 481 2627 ad
501 2566 687 2642 colloquium
702 2571 764 2638 est;
787 2565 845 2625 sed
858 2562 1014 2638 loquendo

54 2645 126 2715 plura
138 2650 365 2725 scribendoque
380 2650 484 2711 dedita
498 2666 602 2726 opera,
619 2649 741 2725 quaein
751 2663 816 2709 rem
826 2664 888 2708 non
900 2652 1014 2721 esseni,

55 2725 94 2786 die
107 2742 285 2811 consumpto
300 2734 331 2792 in
344 2742 501 2810 posterum
513 2734 637 2794 dilatum
653 2741 708 2794 est
731 2731 835 2793 addita
848 2733 1015 2808 insequens

54 2823 106 2870 nox
118 2819 244 2891 spatium
260 2819 345 2879 dedit
358 2827 389 2879 et
402 2820 480 2878 alios
496 2817 659 2878 emittendi.
687 2832 747 2876 neo
760 2824 885 2892 postero
901 2815 951 2876 die
964 2828 1016 2874 res

56 2891 131 2956 finem
144 2899 268 2963 invenit.
291 2903 333 2962 ita
347 2903 464 2977 aliquot
475 2902 542 2962 dies
558 2901 759 2978 disceptando
772 2902 873 2976 palam
888 2901 928 2960 de
942 2897 1015 2974 legi-

56 2973 102 3037 bus
112 2992 277 3062 noctesque
292 2987 464 3049 emittendis
476 2987 554 3046 clam
570 2984 707 3046 ecastris
717 2980 1015 3059 Carthaginiensibus

58 3059 227 3143 absumptae.
248 3078 278 3132 et
286 3077 450 3146 postquam
462 3086 535 3146 pars
546 3068 644 3131 maior
655 3068 769 3130 emissa
780 3067 930 3128 exercitus
943 3071 1015 3138 erat,

58 3141 105 3206 iam
116 3166 152 3210 ne
165 3154 201 3214 iis
217 3155 356 3230 quidem,
379 3170 460 3229 quae
478 3153 556 3214 adtro
572 3152 766 3223 diruerant,
790 3151 939 3223 stabatur,
960 3147 1001 3206 nni

60 3242 160 3307 busque
179 3254 215 3298 ac
230 3240 330 3299 minus
346 3253 415 3298 enm
430 3238 536 3298 amore
552 3237 640 3298 simul
655 3237 717 3296 lide
732 3236 929 3295 decrescente
944 3245 1015 3291 con-

61 3315 188 3381 veniebat.
221 3323 282 3382 iam
303 3323 398 3382 lerme
419 3322 580 3398 pedestres
602 3335 708 3380 omnes
724 3319 832 3393 copiae
854 3328 1017 3375 evaseram

62 3399 158 3475 asalau,
173 3420 240 3466 cum
253 3405 352 3483 prima
365 3406 434 3466 luco
445 3406 543 3468 densa
554 3403 665 3464 nebula
676 3401 786 3462 saltum
801 3413 920 3460 omnem
936 3412 1016 3458 cam-

63 3489 161 3559 basque
180 3490 260 3551 eirea
281 3491 396 3551 intexit.
430 3488 515 3566 quod
534 3486 585 3547 ubi
606 3486 702 3547 sensit
721 3481 909 3557 Hasdrubal,
932 3479 1018 3542 mittit
