2448 3900
168 185 232 250 322
365 181 480 244 LIBER
495 181 585 252 XXX.
607 179 690 240 CAP.
706 189 731 240 l.
754 185 791 251 [a.
803 183 838 236 U.
851 201 875 235 c.
887 183 952 248 sta]

219 352 269 390 non
286 335 459 394 convenisset,
477 332 531 384 acie
546 332 628 382 victne
644 337 691 381 eet.
720 345 771 396 pax
782 328 1039 396 Carthaginiensibus
1050 329 1113 380 dale
1122 339 1157 380 eet

216 405 369 472 petentibus.
397 400 520 453 Seantbel
538 399 675 466 Gisgonem
692 411 782 464 pacem
800 397 995 449 dissuadentem
1013 412 1098 448 menn
1113 413 1156 448 sne

220 473 339 535 demerito
363 477 483 522 excusate
497 469 588 520 deinde
603 469 743 519 temeritate
759 467 820 518 lecti
833 467 891 532 lpse
902 480 996 531 pacem
1006 467 1104 516 suamc.
1120 483 1157 516 re-

217 557 307 596 verens
322 543 348 592 in
360 541 448 592 urbem
458 538 544 605 Scipio
554 537 740 603 amplissimum
750 535 991 599 nobilissimumque
1000 536 1059 600 egit
1072 535 1158 586 triam·

217 612 305 679 plnum,
314 624 389 674 quem
399 608 428 670 Q.
438 607 569 660 Terentiae
578 605 664 658 culeo
673 615 775 658 senetcr
784 605 902 672 pilleatus
913 614 1024 656 secatus
1034 612 1087 654 eet.
1109 602 1159 654 Sei·

219 680 406 747 picAlricanus
422 679 545 728 incertum
563 674 665 726 militari
680 675 751 742 prius
770 675 900 726 lavoreen
913 671 1041 739 populari
1051 673 1159 723 sumita

218 749 410 817 cognominatus
427 747 471 796 sit:
491 747 588 812 primns
601 752 668 795 certe
683 743 726 794 blo
740 745 877 810 imperator
887 742 970 793 victae
988 755 1006 790 a
1015 755 1046 792 ee
1057 744 1160 792 nomine

219 819 301 885 gentle
310 816 455 867 nobilitatus
465 821 512 866 eet.
542 814 627 878 Mago,
638 815 681 877 qul
689 811 756 864 bello
766 813 797 862 ln
804 826 866 878 agro
876 811 1026 861 Insubrium
1037 826 1103 860 cunr
1112 811 1160 860 Ro-

219 887 300 938 manis
316 885 477 951 condixerat,
493 883 655 948 vnlneratus,
674 882 736 934 dnm
752 883 778 932 in
787 881 899 932 Africam
908 893 956 945 per
965 879 1077 945 legetcs
1090 896 1160 930 rern-

216 963 287 1007 eetne
306 961 486 1020 reverteretur,
500 967 533 1004 ex
546 951 649 1004 vnlnere
666 959 780 1002 mortuus
796 958 842 1002 eet.
872 949 1030 999 Masinissae
1048 965 1160 1016 regnum

218 1027 361 1076 restitutum
373 1031 419 1076 eet.

251 1192 274 1236 l.
294 1174 345 1236 Cn.
357 1174 500 1236 Servilios
513 1179 542 1234 ct
557 1173 587 1233 0.
600 1169 748 1232 Servilius
765 1172 910 1232 consules
920 1199 965 1211 -·-
976 1178 1098 1231 sextus
1111 1171 1159 1230 de-

168 1261 264 1322 cimus
280 1259 307 1320 ls
323 1275 421 1320 annus
436 1257 508 1318 belli
521 1255 627 1318 Punici
642 1261 760 1316 erat-
772 1270 841 1314 cum
851 1254 891 1314 de
903 1269 939 1314 re
949 1253 1088 1330 publica
1098 1254 1161 1314 bel-

168 1347 261 1421 loque
281 1350 312 1405 et
329 1341 495 1418 provinciis
517 1339 557 1402 ad
577 1346 717 1401 senatum
736 1339 939 1412 rettulissent,
963 1349 1163 1400 censuerunt

168 1435 286 1505 patres,
308 1434 342 1488 ut
362 1425 507 1488 consules
528 1423 606 1485 inter
627 1439 662 1484 se
683 1429 898 1500 compararent
917 1423 1161 1496 sortirenturve,

166 1519 234 1573 nter
247 1511 380 1572 Bruttios
401 1509 552 1570 adversus
566 1508 780 1580 Hannibalem,
803 1514 870 1568 uter
883 1506 1042 1567 Etruriam
1059 1523 1101 1567 ac
1115 1508 1161 1567 Ll-

167 1610 259 1672 gures
276 1593 462 1669 provinciam
475 1592 610 1654 haberet.
644 1592 693 1652 cui
707 1591 814 1652 Bmttii
828 1591 1018 1666 evenissent,
1035 1593 1160 1652 exerci-

169 1686 230 1739 tum
245 1694 264 1737 a
277 1677 309 1736 P.
325 1675 507 1753 Sempronio
523 1677 691 1752 acciperet:
711 1675 744 1736 P.
760 1674 963 1752 Sempronius
973 1708 1021 1719 —
1032 1677 1067 1736 ei
1085 1693 1161 1752 quo-

169 1777 228 1838 que
242 1761 322 1820 enirn
337 1761 514 1837 proconsuli
527 1760 686 1837 imperinm
702 1760 733 1820 in
748 1776 861 1820 annum
874 1760 1162 1835 prorogabatur-

167 1845 199 1904 P.
214 1845 328 1906 Licinio
344 1843 533 1907 succederet.
561 1845 588 1905 is
604 1844 731 1905 Romam
745 1850 959 1918 reverteretur,
973 1843 1066 1905 bello
1085 1862 1161 1920 quc·
1218 1855 1219 1926 j

169 1944 229 2004 que
243 1928 342 1990 bonus
356 1928 477 1990 habitus
492 1927 664 2003 adcelera,
681 1926 793 2003 quibus
808 1943 898 1988 nemo
914 1943 952 1987 ea
966 1932 1161 2004 tempestate
1218 1929 1219 2004 l

167 2013 343 2074 instructior
364 2013 440 2074 civis
460 2011 639 2072 habebatur.
673 2011 829 2086 congestis
848 2010 992 2072 omnibus
1009 2011 1161 2072 humanis
1218 2013 1219 2028 ¹

168 2096 206 2157 ab
228 2103 335 2157 natura
355 2097 538 2170 romanaque
557 2094 647 2156 bonis
669 2093 780 2155 nobilis
802 2094 883 2154 idem
903 2109 940 2155 ac
961 2095 1058 2156 dives
1081 2103 1160 2170 erat,

169 2181 266 2240 lorum
275 2179 454 2255 viribusque
466 2178 604 2254 corporis
617 2178 795 2251 excellebat,
804 2177 1049 2239 facundissimus
1063 2179 1161 2240 habe·

167 2262 256 2324 batur
277 2279 335 2324 scu
355 2279 449 2324 causa
465 2262 596 2337 oranda,
617 2277 674 2324 seu
688 2260 720 2320 in
735 2267 844 2322 senatu
859 2262 899 2344 ad
913 2263 1072 2337 populum
1085 2281 1159 2324 sua-

168 2346 260 2406 dendi
281 2362 318 2407 ac
333 2346 533 2422 dissuadendi
547 2345 636 2406 locus
652 2350 751 2418 esset,
772 2345 847 2406 iuris
863 2344 1016 2422 pontificii
1030 2349 1158 2422 peritis—

167 2429 274 2491 simus.
311 2447 407 2506 snper
433 2429 511 2492 haec
534 2429 663 2490 bellicae
693 2445 818 2505 quoque
843 2429 944 2490 landis
969 2432 1157 2492 consulatus

169 2521 341 2590 compotem
363 2517 485 2576 lecerat.
521 2513 607 2590 qnod
626 2513 658 2574 in
678 2513 803 2574 Bruttiis
825 2513 1001 2588 provincia,
1025 2514 1113 2575 idem
1128 2517 1155 2575 in
1218 2567 1219 2574 ,

166 2595 287 2658 Etruria
307 2613 343 2658 ac
356 2598 518 2674 Liguribus
540 2597 710 2659 decretum:
736 2597 776 2656 M.
793 2596 951 2658 Cornelius
971 2614 1061 2658 novo
1084 2615 1157 2659 con·

168 2679 228 2740 suli
252 2681 372 2740 tradere
398 2682 564 2742 exercitum
585 2682 707 2750 iussus;
740 2681 809 2757 ipse
830 2687 997 2756 prorogato
1021 2681 1156 2758 imperio

171 2763 296 2824 Galliam
318 2763 506 2840 provinciam
522 2766 658 2826 obtinere
673 2781 743 2826 cnm
753 2765 929 2840 legionibus
944 2764 999 2840 iis,
1024 2783 1108 2842 quas
1122 2768 1155 2826 L.
1218 2763 1219 2768 ’

168 2845 347 2908 Scribonius
364 2849 466 2925 priore
480 2863 560 2910 anno
575 2849 745 2910 habuisset.
782 2848 881 2910 sortiti
896 2847 1010 2910 deinde
1026 2852 1154 2925 provin-

170 2931 249 2991 cias:
283 2932 427 3009 Caepioni
446 2932 569 3008 Bruttii,
599 2931 728 2994 Servilio
750 2932 877 2993 Gemino
897 2933 1019 2994 Etruria
1039 2937 1154 2996 evenit.
1218 2967 1219 2974 κ

169 3023 230 3076 tum
248 3023 423 3092 praetomm
444 3016 621 3092 provinciae
644 3017 675 3077 in
689 3023 803 3078 sortem
818 3017 991 3078 coniectae=
1014 3016 1095 3080 iuris
1111 3020 1152 3080 dl·

170 3099 300 3162 ctionem
320 3103 469 3162 urbanam
482 3101 593 3162 Paetus
608 3100 730 3176 Aelius,
753 3099 927 3161 Sardiniam
944 3100 977 3160 P.
991 3101 1154 3178 Lentulus

169 3181 300 3245 Siciliam
316 3184 348 3244 P.
363 3187 490 3261 Villius,
510 3185 680 3246 Ariminum
701 3200 770 3246 cnm
785 3185 906 3246 duabus
921 3185 1098 3260 legionibus
1112 3220 1155 3230 -

170 3265 227 3325 sub
241 3268 382 3329 Lucrelio
399 3269 510 3345 Spurio
532 3283 588 3329 eae
609 3269 782 3328 lucrant—
793 3267 972 3341 Quinctilius
986 3269 1092 3331 Varus
1108 3277 1155 3330 est

170 3349 304 3410 sortitus.
339 3359 369 3410 et
387 3351 528 3414 Lucretio
548 3358 747 3426 prorogatum
768 3352 943 3426 imperium,
965 3358 999 3412 ut
1014 3353 1152 3413 Genuam

171 3429 318 3500 oppidum
334 3433 495 3508 aMagone
510 3435 613 3496 Poeno
636 3433 768 3494 dirutum
782 3436 1009 3496 exaedificaret
1037 3435 1073 3495 P.
1089 3433 1150 3497 Sci—
