<?xml version="1.0" encoding="UTF-8"?>
<!DOCTYPE html PUBLIC "-//W3C//DTD XHTML 1.0 Transitional//EN"
    "http://www.w3.org/TR/xhtml1/DTD/xhtml1-transitional.dtd">
<html xmlns="http://www.w3.org/1999/xhtml" xml:lang="en" lang="en">
 <head>
  <title>
</title>
<meta http-equiv="Content-Type" content="text/html;charset=utf-8" />
  <meta name='ocr-system' content='tesseract 3.04.00' />
  <meta name='ocr-capabilities' content='ocr_page ocr_carea ocr_par ocr_line ocrx_word'/>
</head>
<body>
  <div class='ocr_page' id='page_1' title='image "./titiliviaburbec09livygoog_0115.png"; bbox 0 0 2428 3892; ppageno 0'>
   <div class='ocr_carea' id='block_1_1' title="bbox 125 193 948 272">
    <p class='ocr_par' dir='ltr' id='par_1_1' title="bbox 125 193 948 272">
     <span class='ocr_line' id='line_1_1' title="bbox 125 193 948 272; baseline -0.027 1"><span class='ocrx_word' id='word_1_1' title='bbox 125 209 167 272; x_wconf 80' lang='lat' dir='ltr'><strong>to</strong></span> <span class='ocrx_word' id='word_1_2' title='bbox 270 202 488 267; x_wconf 74' lang='lat' dir='ltr'><strong>trseaxxu</strong></span> <span class='ocrx_word' id='word_1_3' title='bbox 511 197 712 260; x_wconf 70' lang='lat' dir='ltr'><strong>emanas.</strong></span> <span class='ocrx_word' id='word_1_4' title='bbox 739 193 948 270; x_wconf 51' lang='lat' dir='ltr'><strong>poeno]</strong></span> 
     </span>
    </p>
   </div>
   <div class='ocr_carea' id='block_1_2' title="bbox 129 337 1162 2260">
    <p class='ocr_par' dir='ltr' id='par_1_2' title="bbox 129 337 1155 1262">
     <span class='ocr_line' id='line_1_2' title="bbox 129 337 1143 434; baseline -0.026 -13"><span class='ocrx_word' id='word_1_5' title='bbox 129 374 199 422; x_wconf 88' lang='lat' dir='ltr'><strong>sese</strong></span> <span class='ocrx_word' id='word_1_6' title='bbox 212 357 324 418; x_wconf 90' lang='lat' dir='ltr'><strong>bellum</strong></span> <span class='ocrx_word' id='word_1_7' title='bbox 339 350 542 413; x_wconf 86' lang='lat' dir='ltr'><strong>extraherent.</strong></span> <span class='ocrx_word' id='word_1_8' title='bbox 565 345 717 422; x_wconf 89' lang='lat' dir='ltr'><strong>optimum</strong></span> <span class='ocrx_word' id='word_1_9' title='bbox 731 343 828 419; x_wconf 83' lang='lat' dir='ltr'><strong>igitur</strong></span> <span class='ocrx_word' id='word_1_10' title='bbox 842 341 914 412; x_wconf 88' lang='lat' dir='ltr'><strong>rati,</strong></span> <span class='ocrx_word' id='word_1_11' title='bbox 932 339 1052 400; x_wconf 86' lang='lat' dir='ltr'><strong>divisis</strong></span> <span class='ocrx_word' id='word_1_12' title='bbox 1063 337 1143 434; x_wconf 71' lang='lat' dir='ltr'><strong>bila-</strong></span> 
     </span>
     <span class='ocr_line' id='line_1_3' title="bbox 129 423 1146 514; baseline -0.021 -11"><span class='ocrx_word' id='word_1_13' title='bbox 129 439 322 514; x_wconf 84' lang='lat' dir='ltr'><strong>riomcopiis</strong></span> <span class='ocrx_word' id='word_1_14' title='bbox 342 435 437 496; x_wconf 91' lang='lat' dir='ltr'><strong>totius</strong></span> <span class='ocrx_word' id='word_1_15' title='bbox 459 431 549 493; x_wconf 89' lang='lat' dir='ltr'><strong>simul</strong></span> <span class='ocrx_word' id='word_1_16' title='bbox 564 428 738 504; x_wconf 80' lang='lat' dir='ltr'>Hispaniae</span> <span class='ocrx_word' id='word_1_17' title='bbox 760 425 915 502; x_wconf 81' lang='lat' dir='ltr'><strong>amplecti</strong></span> <span class='ocrx_word' id='word_1_18' title='bbox 937 423 1079 495; x_wconf 89' lang='lat' dir='ltr'><strong>bellum,</strong></span> <span class='ocrx_word' id='word_1_19' title='bbox 1102 428 1146 482; x_wconf 90' lang='lat' dir='ltr'><strong>rta</strong></span> 
     </span>
     <span class='ocr_line' id='line_1_4' title="bbox 130 505 1147 588; baseline -0.022 -2"><span class='ocrx_word' id='word_1_20' title='bbox 130 528 206 586; x_wconf 92' lang='lat' dir='ltr'><strong>inter</strong></span> <span class='ocrx_word' id='word_1_21' title='bbox 221 539 256 582; x_wconf 91' lang='lat' dir='ltr'><strong>se</strong></span> <span class='ocrx_word' id='word_1_22' title='bbox 271 519 455 588; x_wconf 89' lang='lat' dir='ltr'><strong>diviserunt,</strong></span> <span class='ocrx_word' id='word_1_23' title='bbox 472 522 506 577; x_wconf 92' lang='lat' dir='ltr'><strong>ut</strong></span> <span class='ocrx_word' id='word_1_24' title='bbox 518 514 551 573; x_wconf 89' lang='grc' dir='ltr'><strong>Ρ.</strong></span> <span class='ocrx_word' id='word_1_25' title='bbox 568 512 731 574; x_wconf 82' lang='lat' dir='ltr'><strong>cornelius</strong></span> <span class='ocrx_word' id='word_1_26' title='bbox 748 511 831 570; x_wconf 90' lang='lat' dir='ltr'><strong>duas</strong></span> <span class='ocrx_word' id='word_1_27' title='bbox 847 517 961 584; x_wconf 89' lang='lat' dir='ltr'><strong>partes</strong></span> <span class='ocrx_word' id='word_1_28' title='bbox 978 505 1147 567; x_wconf 84' lang='lat' dir='ltr'><strong>exercitus</strong></span> 
     </span>
     <span class='ocr_line' id='line_1_5' title="bbox 131 590 1149 673; baseline -0.022 -4"><span class='ocrx_word' id='word_1_29' title='bbox 131 611 336 669; x_wconf 81' lang='lat' dir='ltr'><strong>Romanorum</strong></span> <span class='ocrx_word' id='word_1_30' title='bbox 350 600 568 673; x_wconf 87' lang='lat' dir='ltr'><strong>sociorumque</strong></span> <span class='ocrx_word' id='word_1_31' title='bbox 583 596 738 655; x_wconf 82' lang='lat' dir='ltr'><strong>adversus</strong></span> <span class='ocrx_word' id='word_1_32' title='bbox 752 593 928 668; x_wconf 81' lang='lat' dir='ltr'>Magonem</span> <span class='ocrx_word' id='word_1_33' title='bbox 944 590 1086 651; x_wconf 87' lang='lat' dir='ltr'><strong>duceret</strong></span> <span class='ocrx_word' id='word_1_34' title='bbox 1101 595 1149 648; x_wconf 93' lang='lat' dir='ltr'><strong>at·</strong></span> 
     </span>
     <span class='ocr_line' id='line_1_6' title="bbox 134 672 1151 767; baseline -0.019 -17"><span class='ocrx_word' id='word_1_35' title='bbox 134 705 194 767; x_wconf 89' lang='lat' dir='ltr'><strong>que</strong></span> <span class='ocrx_word' id='word_1_36' title='bbox 207 685 444 756; x_wconf 79' lang='lat' dir='ltr'><strong>Hasdrubalem,</strong></span> <span class='ocrx_word' id='word_1_37' title='bbox 468 679 521 741; x_wconf 81' lang='lat' dir='ltr'><strong>Cn.</strong></span> <span class='ocrx_word' id='word_1_38' title='bbox 538 679 701 740; x_wconf 80' lang='lat' dir='ltr'><strong>Cornelius</strong></span> <span class='ocrx_word' id='word_1_39' title='bbox 718 693 789 738; x_wconf 91' lang='lat' dir='ltr'><strong>oum</strong></span> <span class='ocrx_word' id='word_1_40' title='bbox 804 676 900 737; x_wconf 89' lang='lat' dir='ltr'><strong>tertia</strong></span> <span class='ocrx_word' id='word_1_41' title='bbox 916 681 1012 750; x_wconf 90' lang='lat' dir='ltr'><strong>parte</strong></span> <span class='ocrx_word' id='word_1_42' title='bbox 1026 672 1151 734; x_wconf 85' lang='lat' dir='ltr'><strong>veteris</strong></span> 
     </span>
     <span class='ocr_line' id='line_1_7' title="bbox 135 755 1152 834; baseline -0.017 -2"><span class='ocrx_word' id='word_1_43' title='bbox 135 771 287 834; x_wconf 85' lang='lat' dir='ltr'><strong>exercitus</strong></span> <span class='ocrx_word' id='word_1_44' title='bbox 314 766 470 828; x_wconf 84' lang='lat' dir='ltr'><strong>Celtiberis</strong></span> <span class='ocrx_word' id='word_1_45' title='bbox 497 762 650 826; x_wconf 87' lang='lat' dir='ltr'><strong>adiunctis</strong></span> <span class='ocrx_word' id='word_1_46' title='bbox 677 777 749 822; x_wconf 94' lang='lat' dir='ltr'><strong>cum</strong></span> <span class='ocrx_word' id='word_1_47' title='bbox 772 758 982 820; x_wconf 77' lang='lat' dir='ltr'>Hasdrubale</span> <span class='ocrx_word' id='word_1_48' title='bbox 1005 755 1152 818; x_wconf 88' lang='lat' dir='ltr'><strong>Barcino</strong></span> 
     </span>
     <span class='ocr_line' id='line_1_8' title="bbox 134 840 1154 926; baseline -0.018 -10"><span class='ocrx_word' id='word_1_49' title='bbox 134 857 248 916; x_wconf 87' lang='lat' dir='ltr'><strong>bellum</strong></span> <span class='ocrx_word' id='word_1_50' title='bbox 272 858 400 926; x_wconf 75' lang='lat' dir='ltr'><strong>gereret.</strong></span> <span class='ocrx_word' id='word_1_51' title='bbox 430 865 493 910; x_wconf 90' lang='lat' dir='ltr'><strong>una</strong></span> <span class='ocrx_word' id='word_1_52' title='bbox 517 846 648 922; x_wconf 86' lang='lat' dir='ltr'><strong>proiecti</strong></span> <span class='ocrx_word' id='word_1_53' title='bbox 668 845 762 906; x_wconf 85' lang='lat' dir='ltr'><strong>ambo</strong></span> <span class='ocrx_word' id='word_1_54' title='bbox 784 845 886 904; x_wconf 90' lang='lat' dir='ltr'><strong>duces</strong></span> <span class='ocrx_word' id='word_1_55' title='bbox 915 840 1154 915; x_wconf 86' lang='lat' dir='ltr'><strong>exercitusque</strong></span> 
     </span>
     <span class='ocr_line' id='line_1_9' title="bbox 140 925 1153 1010; baseline -0.015 -12"><span class='ocrx_word' id='word_1_56' title='bbox 140 935 296 999; x_wconf 78' lang='lat' dir='ltr'><strong>celtiberIs</strong></span> <span class='ocrx_word' id='word_1_57' title='bbox 318 931 601 1010; x_wconf 77' lang='lat' dir='ltr'><strong>praegredientibus</strong></span> <span class='ocrx_word' id='word_1_58' title='bbox 624 929 665 990; x_wconf 90' lang='lat' dir='ltr'><strong>ad</strong></span> <span class='ocrx_word' id='word_1_59' title='bbox 686 929 798 989; x_wconf 91' lang='lat' dir='ltr'><strong>urbem</strong></span> <span class='ocrx_word' id='word_1_60' title='bbox 819 926 992 1000; x_wconf 78' lang='lat' dir='ltr'><strong>Antorgim</strong></span> <span class='ocrx_word' id='word_1_61' title='bbox 1013 925 1049 985; x_wconf 91' lang='lat' dir='ltr'><strong>in</strong></span> <span class='ocrx_word' id='word_1_62' title='bbox 1073 940 1153 985; x_wconf 91' lang='lat' dir='ltr'><strong>con-</strong></span> 
     </span>
     <span class='ocr_line' id='line_1_10' title="bbox 139 1006 1154 1096; baseline -0.017 -13"><span class='ocrx_word' id='word_1_63' title='bbox 139 1027 247 1096; x_wconf 91' lang='lat' dir='ltr'><strong>spectu</strong></span> <span class='ocrx_word' id='word_1_64' title='bbox 273 1019 406 1080; x_wconf 89' lang='lat' dir='ltr'><strong>bostium</strong></span> <span class='ocrx_word' id='word_1_65' title='bbox 430 1015 590 1077; x_wconf 89' lang='lat' dir='ltr'><strong>dirimente</strong></span> <span class='ocrx_word' id='word_1_66' title='bbox 614 1012 696 1072; x_wconf 87' lang='lat' dir='ltr'><strong>amni</strong></span> <span class='ocrx_word' id='word_1_67' title='bbox 719 1019 845 1088; x_wconf 89' lang='lat' dir='ltr'><strong>ponunt</strong></span> <span class='ocrx_word' id='word_1_68' title='bbox 865 1016 985 1071; x_wconf 84' lang='lat' dir='ltr'><strong>castra.</strong></span> <span class='ocrx_word' id='word_1_69' title='bbox 1024 1006 1072 1069; x_wconf 93' lang='lat' dir='ltr'><strong>ibi</strong></span> <span class='ocrx_word' id='word_1_70' title='bbox 1097 1008 1154 1068; x_wconf 87' lang='lat' dir='ltr'><strong>cu.</strong></span> 
     </span>
     <span class='ocr_line' id='line_1_11' title="bbox 141 1091 1155 1178; baseline -0.015 -14"><span class='ocrx_word' id='word_1_71' title='bbox 141 1103 244 1178; x_wconf 80' lang='lat' dir='ltr'>Scipio</span> <span class='ocrx_word' id='word_1_72' title='bbox 266 1117 335 1162; x_wconf 91' lang='lat' dir='ltr'><strong>eum</strong></span> <span class='ocrx_word' id='word_1_73' title='bbox 356 1101 467 1177; x_wconf 89' lang='lat' dir='ltr'><strong>quibus</strong></span> <span class='ocrx_word' id='word_1_74' title='bbox 483 1105 553 1158; x_wconf 91' lang='lat' dir='ltr'><strong>ante</strong></span> <span class='ocrx_word' id='word_1_75' title='bbox 568 1096 682 1157; x_wconf 91' lang='lat' dir='ltr'><strong>dictum</strong></span> <span class='ocrx_word' id='word_1_76' title='bbox 697 1103 748 1156; x_wconf 89' lang='lat' dir='ltr'><strong>est</strong></span> <span class='ocrx_word' id='word_1_77' title='bbox 762 1095 866 1171; x_wconf 91' lang='lat' dir='ltr'><strong>copiis</strong></span> <span class='ocrx_word' id='word_1_78' title='bbox 883 1093 1044 1168; x_wconf 77' lang='lat' dir='ltr'><strong>substitit,</strong></span> <span class='ocrx_word' id='word_1_79' title='bbox 1069 1099 1107 1153; x_wconf 88' lang='lat' dir='ltr'><strong>et</strong></span> <span class='ocrx_word' id='word_1_80' title='bbox 1121 1091 1155 1154; x_wconf 83' lang='grc' dir='ltr'><strong>Ρ.</strong></span> 
     </span>
     <span class='ocr_line' id='line_1_12' title="bbox 142 1179 911 1262; baseline -0.016 -12"><span class='ocrx_word' id='word_1_81' title='bbox 142 1186 245 1262; x_wconf 80' lang='lat' dir='ltr'><strong>Scipio</strong></span> <span class='ocrx_word' id='word_1_82' title='bbox 262 1187 417 1260; x_wconf 88' lang='lat' dir='ltr'><strong>proiectus</strong></span> <span class='ocrx_word' id='word_1_83' title='bbox 434 1181 474 1242; x_wconf 88' lang='lat' dir='ltr'><strong>ad</strong></span> <span class='ocrx_word' id='word_1_84' title='bbox 489 1181 673 1242; x_wconf 84' lang='lat' dir='ltr'><strong>destinatam</strong></span> <span class='ocrx_word' id='word_1_85' title='bbox 686 1179 761 1240; x_wconf 91' lang='lat' dir='ltr'><strong>belli</strong></span> <span class='ocrx_word' id='word_1_86' title='bbox 777 1184 911 1253; x_wconf 88' lang='lat' dir='ltr'><strong>partem.</strong></span> 
     </span>
    </p>

    <p class='ocr_par' dir='ltr' id='par_1_3' title="bbox 141 1259 1162 2260">
     <span class='ocr_line' id='line_1_13' title="bbox 224 1259 1157 1339; baseline -0.014 -8"><span class='ocrx_word' id='word_1_87' title='bbox 224 1268 356 1330; x_wconf 87' lang='lat' dir='ltr'>XXXIII.</span> <span class='ocrx_word' id='word_1_88' title='bbox 375 1263 550 1328; x_wconf 83' lang='lat' dir='ltr'><strong>Hasdrubal</strong></span> <span class='ocrx_word' id='word_1_89' title='bbox 572 1270 740 1339; x_wconf 83' lang='lat' dir='ltr'><strong>postquem</strong></span> <span class='ocrx_word' id='word_1_90' title='bbox 755 1260 980 1322; x_wconf 82' lang='lat' dir='ltr'><strong>enlmadvertit</strong></span> <span class='ocrx_word' id='word_1_91' title='bbox 995 1259 1157 1334; x_wconf 84' lang='lat' dir='ltr'><strong>exiguum</strong></span> 
     </span>
     <span class='ocr_line' id='line_1_14' title="bbox 141 1343 1157 1422; baseline -0.011 -7"><span class='ocrx_word' id='word_1_92' title='bbox 141 1357 313 1416; x_wconf 87' lang='lat' dir='ltr'><strong>Romanum</strong></span> <span class='ocrx_word' id='word_1_93' title='bbox 333 1351 500 1410; x_wconf 89' lang='lat' dir='ltr'><strong>exercitum</strong></span> <span class='ocrx_word' id='word_1_94' title='bbox 521 1348 552 1406; x_wconf 91' lang='lat' dir='ltr'><strong>in</strong></span> <span class='ocrx_word' id='word_1_95' title='bbox 574 1347 685 1408; x_wconf 85' lang='lat' dir='ltr'><strong>castris</strong></span> <span class='ocrx_word' id='word_1_96' title='bbox 701 1355 732 1407; x_wconf 94' lang='lat' dir='ltr'><strong>et</strong></span> <span class='ocrx_word' id='word_1_97' title='bbox 754 1361 847 1422; x_wconf 90' lang='lat' dir='ltr'><strong>spem</strong></span> <span class='ocrx_word' id='word_1_98' title='bbox 862 1359 991 1420; x_wconf 87' lang='lat' dir='ltr'><strong>omnem</strong></span> <span class='ocrx_word' id='word_1_99' title='bbox 1006 1343 1040 1403; x_wconf 93' lang='lat' dir='ltr'><strong>in</strong></span> <span class='ocrx_word' id='word_1_100' title='bbox 1056 1343 1157 1404; x_wconf 84' lang='lat' dir='ltr'><strong>celti-</strong></span> 
     </span>
     <span class='ocr_line' id='line_1_15' title="bbox 143 1429 1154 1506; baseline -0.01 -10"><span class='ocrx_word' id='word_1_101' title='bbox 143 1437 287 1496; x_wconf 87' lang='lat' dir='ltr'><strong>berorum</strong></span> <span class='ocrx_word' id='word_1_102' title='bbox 306 1433 426 1494; x_wconf 79' lang='lat' dir='ltr'><strong>auxiliis</strong></span> <span class='ocrx_word' id='word_1_103' title='bbox 442 1446 528 1504; x_wconf 89' lang='lat' dir='ltr'><strong>esse,</strong></span> <span class='ocrx_word' id='word_1_104' title='bbox 549 1431 668 1506; x_wconf 89' lang='lat' dir='ltr'><strong>peritus</strong></span> <span class='ocrx_word' id='word_1_105' title='bbox 685 1431 786 1490; x_wconf 94' lang='lat' dir='ltr'><strong>omnis</strong></span> <span class='ocrx_word' id='word_1_106' title='bbox 801 1429 993 1490; x_wconf 83' lang='lat' dir='ltr'><strong>barbaricae</strong></span> <span class='ocrx_word' id='word_1_107' title='bbox 1008 1434 1042 1488; x_wconf 92' lang='lat' dir='ltr'><strong>et</strong></span> <span class='ocrx_word' id='word_1_108' title='bbox 1056 1442 1154 1503; x_wconf 85' lang='lat' dir='ltr'><strong>prae</strong></span> 
     </span>
     <span class='ocr_line' id='line_1_16' title="bbox 145 1513 1157 1594; baseline -0.009 -15"><span class='ocrx_word' id='word_1_109' title='bbox 145 1521 237 1594; x_wconf 91' lang='lat' dir='ltr'><strong>cipue</strong></span> <span class='ocrx_word' id='word_1_110' title='bbox 257 1517 390 1579; x_wconf 89' lang='lat' dir='ltr'><strong>omnium</strong></span> <span class='ocrx_word' id='word_1_111' title='bbox 411 1531 515 1577; x_wconf 85' lang='lat' dir='ltr'><strong>earum</strong></span> <span class='ocrx_word' id='word_1_112' title='bbox 537 1514 689 1589; x_wconf 79' lang='lat' dir='ltr'><strong>gentium,</strong></span> <span class='ocrx_word' id='word_1_113' title='bbox 710 1515 742 1573; x_wconf 93' lang='lat' dir='ltr'><strong>in</strong></span> <span class='ocrx_word' id='word_1_114' title='bbox 765 1513 882 1590; x_wconf 89' lang='lat' dir='ltr'><strong>quibus</strong></span> <span class='ocrx_word' id='word_1_115' title='bbox 905 1527 964 1588; x_wconf 87' lang='lat' dir='ltr'><strong>per</strong></span> <span class='ocrx_word' id='word_1_116' title='bbox 982 1518 1032 1572; x_wconf 89' lang='lat' dir='ltr'><strong>tot</strong></span> <span class='ocrx_word' id='word_1_117' title='bbox 1047 1527 1157 1572; x_wconf 88' lang='lat' dir='ltr'><strong>annos</strong></span> 
     </span>
     <span class='ocr_line' id='line_1_17' title="bbox 145 1597 1158 1674; baseline -0.006 -13"><span class='ocrx_word' id='word_1_118' title='bbox 145 1601 305 1673; x_wconf 81' lang='lat' dir='ltr'><strong>militabat,</strong></span> <span class='ocrx_word' id='word_1_119' title='bbox 325 1599 488 1674; x_wconf 82' lang='lat' dir='ltr'><strong>perfidiae,</strong></span> <span class='ocrx_word' id='word_1_120' title='bbox 510 1597 591 1658; x_wconf 83' lang='lat' dir='ltr'><strong>incili</strong></span> <span class='ocrx_word' id='word_1_121' title='bbox 605 1598 728 1673; x_wconf 83' lang='lat' dir='ltr'><strong>linguae</strong></span> <span class='ocrx_word' id='word_1_122' title='bbox 743 1598 951 1672; x_wconf 86' lang='lat' dir='ltr'><strong>commercio,</strong></span> <span class='ocrx_word' id='word_1_123' title='bbox 975 1611 1050 1656; x_wconf 89' lang='lat' dir='ltr'><strong>cum</strong></span> <span class='ocrx_word' id='word_1_124' title='bbox 1065 1603 1158 1656; x_wconf 72' lang='lat' dir='ltr'><strong>utra</strong></span> 
     </span>
     <span class='ocr_line' id='line_1_18' title="bbox 148 1680 1159 1759; baseline -0.005 -15"><span class='ocrx_word' id='word_1_125' title='bbox 148 1699 208 1759; x_wconf 86' lang='lat' dir='ltr'><strong>que</strong></span> <span class='ocrx_word' id='word_1_126' title='bbox 230 1689 330 1744; x_wconf 87' lang='lat' dir='ltr'><strong>castra</strong></span> <span class='ocrx_word' id='word_1_127' title='bbox 350 1681 441 1758; x_wconf 87' lang='lat' dir='ltr'><strong>plena</strong></span> <span class='ocrx_word' id='word_1_128' title='bbox 454 1681 662 1758; x_wconf 85' lang='lat' dir='ltr'><strong>Hispanorum</strong></span> <span class='ocrx_word' id='word_1_129' title='bbox 684 1690 807 1755; x_wconf 88' lang='lat' dir='ltr'><strong>essent,</strong></span> <span class='ocrx_word' id='word_1_130' title='bbox 831 1696 890 1757; x_wconf 88' lang='lat' dir='ltr'><strong>per</strong></span> <span class='ocrx_word' id='word_1_131' title='bbox 909 1681 1037 1744; x_wconf 85' lang='lat' dir='ltr'><strong>occulta</strong></span> <span class='ocrx_word' id='word_1_132' title='bbox 1052 1680 1159 1740; x_wconf 88' lang='lat' dir='ltr'><strong>collo·</strong></span> 
     </span>
     <span class='ocr_line' id='line_1_19' title="bbox 150 1763 1154 1841; baseline -0.003 -15"><span class='ocrx_word' id='word_1_133' title='bbox 150 1767 222 1841; x_wconf 88' lang='lat' dir='ltr'><strong>quia</strong></span> <span class='ocrx_word' id='word_1_134' title='bbox 236 1765 401 1841; x_wconf 87' lang='lat' dir='ltr'><strong>paciscitur</strong></span> <span class='ocrx_word' id='word_1_135' title='bbox 414 1781 526 1840; x_wconf 75' lang='lat' dir='ltr'><strong>magna</strong></span> <span class='ocrx_word' id='word_1_136' title='bbox 539 1763 684 1826; x_wconf 81' lang='lat' dir='ltr'><strong>mercede</strong></span> <span class='ocrx_word' id='word_1_137' title='bbox 700 1780 771 1826; x_wconf 89' lang='lat' dir='ltr'><strong>cum</strong></span> <span class='ocrx_word' id='word_1_138' title='bbox 783 1765 1015 1826; x_wconf 84' lang='lat' dir='ltr'><strong>celtiberorum</strong></span> <span class='ocrx_word' id='word_1_139' title='bbox 1032 1764 1154 1840; x_wconf 88' lang='lat' dir='ltr'><strong>princi·</strong></span> 
     </span>
     <span class='ocr_line' id='line_1_20' title="bbox 149 1847 1159 1924; baseline -0.006 -16"><span class='ocrx_word' id='word_1_140' title='bbox 149 1849 250 1924; x_wconf 88' lang='lat' dir='ltr'><strong>pibus,</strong></span> <span class='ocrx_word' id='word_1_141' title='bbox 265 1857 297 1910; x_wconf 92' lang='lat' dir='ltr'><strong>ut</strong></span> <span class='ocrx_word' id='word_1_142' title='bbox 311 1849 418 1924; x_wconf 91' lang='lat' dir='ltr'><strong>copias</strong></span> <span class='ocrx_word' id='word_1_143' title='bbox 433 1849 505 1910; x_wconf 88' lang='lat' dir='ltr'><strong>inde</strong></span> <span class='ocrx_word' id='word_1_144' title='bbox 519 1849 684 1910; x_wconf 86' lang='lat' dir='ltr'><strong>abducant.</strong></span> <span class='ocrx_word' id='word_1_145' title='bbox 707 1863 768 1909; x_wconf 90' lang='lat' dir='ltr'><strong>neo</strong></span> <span class='ocrx_word' id='word_1_146' title='bbox 783 1857 875 1910; x_wconf 86' lang='lat' dir='ltr'><strong>atrox</strong></span> <span class='ocrx_word' id='word_1_147' title='bbox 890 1849 995 1909; x_wconf 87' lang='lat' dir='ltr'><strong>visum</strong></span> <span class='ocrx_word' id='word_1_148' title='bbox 1007 1847 1159 1908; x_wconf 74' lang='lat' dir='ltr'><strong>lacinus:</strong></span> 
     </span>
     <span class='ocr_line' id='line_1_21' title="bbox 150 1930 1161 2008; baseline -0.001 -16"><span class='ocrx_word' id='word_1_149' title='bbox 150 1949 212 1994; x_wconf 91' lang='lat' dir='ltr'><strong>non</strong></span> <span class='ocrx_word' id='word_1_150' title='bbox 237 1934 317 1994; x_wconf 89' lang='lat' dir='ltr'><strong>enim</strong></span> <span class='ocrx_word' id='word_1_151' title='bbox 341 1941 374 1994; x_wconf 91' lang='lat' dir='ltr'><strong>ut</strong></span> <span class='ocrx_word' id='word_1_152' title='bbox 393 1934 424 1993; x_wconf 92' lang='lat' dir='ltr'><strong>in</strong></span> <span class='ocrx_word' id='word_1_153' title='bbox 443 1933 599 1993; x_wconf 86' lang='lat' dir='ltr'><strong>Romanos</strong></span> <span class='ocrx_word' id='word_1_154' title='bbox 624 1939 781 1993; x_wconf 88' lang='lat' dir='ltr'><strong>verterent</strong></span> <span class='ocrx_word' id='word_1_155' title='bbox 805 1949 893 1992; x_wconf 87' lang='lat' dir='ltr'><strong>arma</strong></span> <span class='ocrx_word' id='word_1_156' title='bbox 920 1930 1097 2008; x_wconf 75' lang='lat' dir='ltr'><strong>agebatur3</strong></span> <span class='ocrx_word' id='word_1_157' title='bbox 1127 1938 1161 1991; x_wconf 93' lang='lat' dir='ltr'><strong>et</strong></span> 
     </span>
     <span class='ocr_line' id='line_1_22' title="bbox 151 2015 1158 2092; baseline -0.002 -16"><span class='ocrx_word' id='word_1_158' title='bbox 151 2031 279 2092; x_wconf 90' lang='lat' dir='ltr'><strong>merces,</strong></span> <span class='ocrx_word' id='word_1_159' title='bbox 296 2023 410 2092; x_wconf 85' lang='lat' dir='ltr'><strong>quante</strong></span> <span class='ocrx_word' id='word_1_160' title='bbox 424 2017 473 2077; x_wconf 90' lang='lat' dir='ltr'><strong>vel</strong></span> <span class='ocrx_word' id='word_1_161' title='bbox 487 2031 544 2091; x_wconf 94' lang='lat' dir='ltr'><strong>pro</strong></span> <span class='ocrx_word' id='word_1_162' title='bbox 558 2015 640 2076; x_wconf 90' lang='lat' dir='ltr'><strong>bello</strong></span> <span class='ocrx_word' id='word_1_163' title='bbox 656 2016 732 2076; x_wconf 89' lang='lat' dir='ltr'><strong>satis</strong></span> <span class='ocrx_word' id='word_1_164' title='bbox 750 2025 851 2092; x_wconf 90' lang='lat' dir='ltr'><strong>esset,</strong></span> <span class='ocrx_word' id='word_1_165' title='bbox 868 2017 1014 2090; x_wconf 86' lang='lat' dir='ltr'><strong>dabatur,</strong></span> <span class='ocrx_word' id='word_1_166' title='bbox 1030 2031 1074 2075; x_wconf 89' lang='lat' dir='ltr'><strong>ne</strong></span> <span class='ocrx_word' id='word_1_167' title='bbox 1089 2016 1158 2075; x_wconf 88' lang='lat' dir='ltr'><strong>bel·</strong></span> 
     </span>
     <span class='ocr_line' id='line_1_23' title="bbox 152 2098 1159 2176; baseline -0.002 -16"><span class='ocrx_word' id='word_1_168' title='bbox 152 2101 214 2160; x_wconf 89' lang='lat' dir='ltr'><strong>lum</strong></span> <span class='ocrx_word' id='word_1_169' title='bbox 228 2108 384 2174; x_wconf 77' lang='lat' dir='ltr'><strong>gererent3</strong></span> <span class='ocrx_word' id='word_1_170' title='bbox 407 2106 437 2160; x_wconf 93' lang='lat' dir='ltr'><strong>et</strong></span> <span class='ocrx_word' id='word_1_171' title='bbox 456 2114 524 2159; x_wconf 88' lang='lat' dir='ltr'><strong>curn</strong></span> <span class='ocrx_word' id='word_1_172' title='bbox 539 2098 626 2176; x_wconf 89' lang='lat' dir='ltr'><strong>quies</strong></span> <span class='ocrx_word' id='word_1_173' title='bbox 641 2099 790 2174; x_wconf 85' lang='lat' dir='ltr'><strong>ipsarum</strong></span> <span class='ocrx_word' id='word_1_174' title='bbox 804 2099 925 2161; x_wconf 90' lang='lat' dir='ltr'><strong>reditus</strong></span> <span class='ocrx_word' id='word_1_175' title='bbox 941 2100 1075 2161; x_wconf 90' lang='lat' dir='ltr'><strong>domum</strong></span> <span class='ocrx_word' id='word_1_176' title='bbox 1091 2100 1159 2158; x_wconf 85' lang='lat' dir='ltr'><strong>iru-</strong></span> 
     </span>
     <span class='ocr_line' id='line_1_24' title="bbox 155 2182 1162 2260; baseline -0.001 -17"><span class='ocrx_word' id='word_1_177' title='bbox 155 2189 284 2258; x_wconf 89' lang='lat' dir='ltr'><strong>ctusque</strong></span> <span class='ocrx_word' id='word_1_178' title='bbox 304 2183 429 2244; x_wconf 86' lang='lat' dir='ltr'><strong>videndi</strong></span> <span class='ocrx_word' id='word_1_179' title='bbox 449 2198 525 2244; x_wconf 90' lang='lat' dir='ltr'><strong>suos</strong></span> <span class='ocrx_word' id='word_1_180' title='bbox 546 2199 666 2258; x_wconf 88' lang='lat' dir='ltr'><strong>suaque</strong></span> <span class='ocrx_word' id='word_1_181' title='bbox 687 2189 775 2260; x_wconf 71' lang='lat' dir='ltr'><strong>gram</strong></span> <span class='ocrx_word' id='word_1_182' title='bbox 796 2184 892 2259; x_wconf 81' lang='lat' dir='ltr'><strong>vulgo</strong></span> <span class='ocrx_word' id='word_1_183' title='bbox 915 2189 1017 2243; x_wconf 89' lang='lat' dir='ltr'><strong>erant.</strong></span> <span class='ocrx_word' id='word_1_184' title='bbox 1045 2182 1162 2258; x_wconf 89' lang='lat' dir='ltr'><strong>itaque</strong></span> 
     </span>
    </p>
   </div>
   <div class='ocr_carea' id='block_1_3' title="bbox 38 2265 1161 2342">
    <p class='ocr_par' dir='ltr' id='par_1_4' title="bbox 38 2265 1161 2342">
     <span class='ocr_line' id='line_1_25' title="bbox 38 2265 1161 2342; baseline 0.002 -18"><span class='ocrx_word' id='word_1_185' title='bbox 38 2269 44 2275; x_wconf 84' lang='lat'>&#39;</span> <span class='ocrx_word' id='word_1_186' title='bbox 154 2281 216 2326; x_wconf 93' lang='lat' dir='ltr'><strong>non</strong></span> <span class='ocrx_word' id='word_1_187' title='bbox 242 2265 372 2327; x_wconf 88' lang='lat' dir='ltr'><strong>ducibus</strong></span> <span class='ocrx_word' id='word_1_188' title='bbox 397 2265 516 2326; x_wconf 80' lang='lat' dir='ltr'><strong>facilius</strong></span> <span class='ocrx_word' id='word_1_189' title='bbox 542 2281 635 2342; x_wconf 88' lang='lat' dir='ltr'><strong>quam</strong></span> <span class='ocrx_word' id='word_1_190' title='bbox 660 2267 847 2328; x_wconf 90' lang='lat' dir='ltr'><strong>multitudini</strong></span> <span class='ocrx_word' id='word_1_191' title='bbox 873 2282 1069 2342; x_wconf 90' lang='lat' dir='ltr'><strong>persuasum</strong></span> <span class='ocrx_word' id='word_1_192' title='bbox 1098 2273 1161 2326; x_wconf 78' lang='lat' dir='ltr'><strong>est</strong></span> 
     </span>
    </p>
   </div>
   <div class='ocr_carea' id='block_1_4' title="bbox 157 2348 1166 3508">
    <p class='ocr_par' dir='ltr' id='par_1_5' title="bbox 157 2348 1166 3508">
     <span class='ocr_line' id='line_1_26' title="bbox 157 2348 1162 2426; baseline 0.002 -18"><span class='ocrx_word' id='word_1_193' title='bbox 157 2349 246 2408; x_wconf 86' lang='lat' dir='ltr'><strong>simul</strong></span> <span class='ocrx_word' id='word_1_194' title='bbox 270 2364 310 2408; x_wconf 92' lang='lat' dir='ltr'><strong>ne</strong></span> <span class='ocrx_word' id='word_1_195' title='bbox 333 2353 431 2408; x_wconf 93' lang='lat' dir='ltr'><strong>metus</strong></span> <span class='ocrx_word' id='word_1_196' title='bbox 457 2348 580 2424; x_wconf 78' lang='lat' dir='ltr'><strong>quddam</strong></span> <span class='ocrx_word' id='word_1_197' title='bbox 602 2351 640 2411; x_wconf 85' lang='lat' dir='ltr'><strong>ub</strong></span> <span class='ocrx_word' id='word_1_198' title='bbox 660 2350 810 2412; x_wconf 87' lang='lat' dir='ltr'><strong>Romanis</strong></span> <span class='ocrx_word' id='word_1_199' title='bbox 834 2349 917 2423; x_wconf 89' lang='lat' dir='ltr'><strong>erat,</strong></span> <span class='ocrx_word' id='word_1_200' title='bbox 943 2351 1068 2426; x_wconf 89' lang='lat' dir='ltr'><strong>quippe</strong></span> <span class='ocrx_word' id='word_1_201' title='bbox 1094 2358 1162 2412; x_wconf 87' lang='lat' dir='ltr'><strong>tarn</strong></span> 
     </span>
     <span class='ocr_line' id='line_1_27' title="bbox 160 2431 1163 2510; baseline 0.006 -20"><span class='ocrx_word' id='word_1_202' title='bbox 160 2431 276 2506; x_wconf 89' lang='lat' dir='ltr'><strong>paucis,</strong></span> <span class='ocrx_word' id='word_1_203' title='bbox 292 2431 364 2492; x_wconf 90' lang='lat' dir='ltr'><strong>sivi</strong></span> <span class='ocrx_word' id='word_1_204' title='bbox 379 2431 552 2493; x_wconf 87' lang='lat' dir='ltr'><strong>retinerent.</strong></span> <span class='ocrx_word' id='word_1_205' title='bbox 575 2432 607 2493; x_wconf 94' lang='lat' dir='ltr'><strong>id</strong></span> <span class='ocrx_word' id='word_1_206' title='bbox 623 2433 748 2508; x_wconf 92' lang='lat' dir='ltr'><strong>quidem</strong></span> <span class='ocrx_word' id='word_1_207' title='bbox 764 2435 938 2496; x_wconf 81' lang='lat' dir='ltr'><strong>cavendum</strong></span> <span class='ocrx_word' id='word_1_208' title='bbox 951 2449 1085 2510; x_wconf 89' lang='lat' dir='ltr'><strong>semper</strong></span> <span class='ocrx_word' id='word_1_209' title='bbox 1095 2435 1163 2496; x_wconf 86' lang='lat' dir='ltr'><strong>Ro·</strong></span> 
     </span>
     <span class='ocr_line' id='line_1_28' title="bbox 160 2513 1163 2594; baseline 0.008 -24"><span class='ocrx_word' id='word_1_210' title='bbox 160 2513 258 2573; x_wconf 89' lang='lat' dir='ltr'><strong>manis</strong></span> <span class='ocrx_word' id='word_1_211' title='bbox 277 2513 407 2575; x_wconf 90' lang='lat' dir='ltr'><strong>ducibus</strong></span> <span class='ocrx_word' id='word_1_212' title='bbox 422 2515 486 2588; x_wconf 82' lang='lat' dir='ltr'><strong>erit,</strong></span> <span class='ocrx_word' id='word_1_213' title='bbox 503 2519 709 2592; x_wconf 89' lang='lat' dir='ltr'><strong>exemplaque</strong></span> <span class='ocrx_word' id='word_1_214' title='bbox 723 2517 802 2578; x_wconf 86' lang='lat' dir='ltr'><strong>haec</strong></span> <span class='ocrx_word' id='word_1_215' title='bbox 815 2533 892 2578; x_wconf 88' lang='lat' dir='ltr'><strong>vere</strong></span> <span class='ocrx_word' id='word_1_216' title='bbox 907 2534 965 2594; x_wconf 90' lang='lat' dir='ltr'><strong>pro</strong></span> <span class='ocrx_word' id='word_1_217' title='bbox 983 2520 1163 2580; x_wconf 90' lang='lat' dir='ltr'><strong>documen·</strong></span> 
     </span>
     <span class='ocr_line' id='line_1_29' title="bbox 160 2593 1164 2688; baseline 0.011 -35"><span class='ocrx_word' id='word_1_218' title='bbox 160 2593 368 2688; x_wconf 24' lang='lat' dir='ltr'><strong>tisthabeuda,</strong></span> <span class='ocrx_word' id='word_1_219' title='bbox 389 2612 428 2656; x_wconf 92' lang='lat' dir='ltr'><strong>ne</strong></span> <span class='ocrx_word' id='word_1_220' title='bbox 442 2597 483 2658; x_wconf 87' lang='lat' dir='ltr'><strong>ita</strong></span> <span class='ocrx_word' id='word_1_221' title='bbox 497 2601 632 2661; x_wconf 86' lang='lat' dir='ltr'><strong>externis</strong></span> <span class='ocrx_word' id='word_1_222' title='bbox 648 2601 776 2661; x_wconf 85' lang='lat' dir='ltr'><strong>credent</strong></span> <span class='ocrx_word' id='word_1_223' title='bbox 790 2602 929 2677; x_wconf 88' lang='lat' dir='ltr'><strong>auxiliis,</strong></span> <span class='ocrx_word' id='word_1_224' title='bbox 952 2609 988 2664; x_wconf 91' lang='lat' dir='ltr'><strong>ut</strong></span> <span class='ocrx_word' id='word_1_225' title='bbox 1003 2619 1070 2664; x_wconf 94' lang='lat' dir='ltr'><strong>non</strong></span> <span class='ocrx_word' id='word_1_226' title='bbox 1087 2604 1164 2678; x_wconf 91' lang='lat' dir='ltr'><strong>plus</strong></span> 
     </span>
     <span class='ocr_line' id='line_1_30' title="bbox 163 2676 1164 2774; baseline 0.01 -39"><span class='ocrx_word' id='word_1_227' title='bbox 163 2694 210 2771; x_wconf 81' lang='lat' dir='ltr'><strong>sur</strong></span> <span class='ocrx_word' id='word_1_228' title='bbox 223 2676 344 2774; x_wconf 74' lang='lat' dir='ltr'><strong>roboris</strong></span> <span class='ocrx_word' id='word_1_229' title='bbox 365 2695 551 2758; x_wconf 85' lang='lat' dir='ltr'><strong>suarumque</strong></span> <span class='ocrx_word' id='word_1_230' title='bbox 566 2685 692 2759; x_wconf 89' lang='lat' dir='ltr'><strong>proprie</strong></span> <span class='ocrx_word' id='word_1_231' title='bbox 706 2684 818 2746; x_wconf 90' lang='lat' dir='ltr'><strong>virium</strong></span> <span class='ocrx_word' id='word_1_232' title='bbox 832 2685 864 2744; x_wconf 93' lang='lat' dir='ltr'><strong>in</strong></span> <span class='ocrx_word' id='word_1_233' title='bbox 880 2687 994 2747; x_wconf 90' lang='lat' dir='ltr'><strong>castris</strong></span> <span class='ocrx_word' id='word_1_234' title='bbox 1010 2686 1164 2749; x_wconf 89' lang='lat' dir='ltr'><strong>babeant.</strong></span> 
     </span>
     <span class='ocr_line' id='line_1_31' title="bbox 164 2764 1165 2855; baseline 0.013 -36"><span class='ocrx_word' id='word_1_235' title='bbox 164 2774 259 2855; x_wconf 73' lang='lat' dir='ltr'><strong>srgnrs</strong></span> <span class='ocrx_word' id='word_1_236' title='bbox 272 2769 400 2837; x_wconf 87' lang='lat' dir='ltr'><strong>repente</strong></span> <span class='ocrx_word' id='word_1_237' title='bbox 414 2764 542 2826; x_wconf 86' lang='lat' dir='ltr'><strong>sublatis</strong></span> <span class='ocrx_word' id='word_1_238' title='bbox 557 2766 698 2829; x_wconf 83' lang='lat' dir='ltr'><strong>Celtiberi</strong></span> <span class='ocrx_word' id='word_1_239' title='bbox 713 2769 843 2844; x_wconf 89' lang='lat' dir='ltr'><strong>abeunt,</strong></span> <span class='ocrx_word' id='word_1_240' title='bbox 865 2769 942 2830; x_wconf 89' lang='lat' dir='ltr'><strong>nibil</strong></span> <span class='ocrx_word' id='word_1_241' title='bbox 957 2771 1048 2831; x_wconf 87' lang='lat' dir='ltr'><strong>aliud</strong></span> <span class='ocrx_word' id='word_1_242' title='bbox 1062 2786 1165 2848; x_wconf 89' lang='lat' dir='ltr'><strong>quae-</strong></span> 
     </span>
     <span class='ocr_line' id='line_1_32' title="bbox 163 2843 1165 2928; baseline 0.016 -28"><span class='ocrx_word' id='word_1_243' title='bbox 163 2843 300 2904; x_wconf 80' lang='lat' dir='ltr'><strong>rentibus</strong></span> <span class='ocrx_word' id='word_1_244' title='bbox 316 2859 441 2908; x_wconf 85' lang='lat' dir='ltr'><strong>causem</strong></span> <span class='ocrx_word' id='word_1_245' title='bbox 457 2849 753 2928; x_wconf 84' lang='lat' dir='ltr'><strong>obtestantibusque,</strong></span> <span class='ocrx_word' id='word_1_246' title='bbox 768 2859 803 2914; x_wconf 92' lang='lat' dir='ltr'><strong>ut</strong></span> <span class='ocrx_word' id='word_1_247' title='bbox 815 2861 989 2927; x_wconf 86' lang='lat' dir='ltr'><strong>nranerent,</strong></span> <span class='ocrx_word' id='word_1_248' title='bbox 1005 2855 1165 2916; x_wconf 89' lang='lat' dir='ltr'><strong>Romanis</strong></span> 
     </span>
     <span class='ocr_line' id='line_1_33' title="bbox 163 2928 1164 3015; baseline 0.017 -32"><span class='ocrx_word' id='word_1_249' title='bbox 163 2928 386 3000; x_wconf 86' lang='lat' dir='ltr'><strong>respondentes</strong></span> <span class='ocrx_word' id='word_1_250' title='bbox 405 2947 496 3006; x_wconf 90' lang='lat' dir='ltr'><strong>quam</strong></span> <span class='ocrx_word' id='word_1_251' title='bbox 517 2933 686 2996; x_wconf 89' lang='lat' dir='ltr'><strong>domestico</strong></span> <span class='ocrx_word' id='word_1_252' title='bbox 702 2951 738 2997; x_wconf 91' lang='lat' dir='ltr'><strong>se</strong></span> <span class='ocrx_word' id='word_1_253' title='bbox 759 2939 885 2998; x_wconf 87' lang='lat' dir='ltr'><strong>avocari</strong></span> <span class='ocrx_word' id='word_1_254' title='bbox 904 2938 1002 3000; x_wconf 91' lang='lat' dir='ltr'><strong>bello.</strong></span> <span class='ocrx_word' id='word_1_255' title='bbox 1042 2938 1164 3015; x_wconf 84' lang='lat' dir='ltr'><strong>Scipio,</strong></span> 
     </span>
     <span class='ocr_line' id='line_1_34' title="bbox 165 3014 1165 3098; baseline 0.016 -31"><span class='ocrx_word' id='word_1_256' title='bbox 165 3015 328 3084; x_wconf 88' lang='lat' dir='ltr'><strong>postquam</strong></span> <span class='ocrx_word' id='word_1_257' title='bbox 344 3014 420 3074; x_wconf 91' lang='lat' dir='ltr'><strong>socii</strong></span> <span class='ocrx_word' id='word_1_258' title='bbox 438 3029 494 3074; x_wconf 90' lang='lat' dir='ltr'><strong>nec</strong></span> <span class='ocrx_word' id='word_1_259' title='bbox 509 3017 655 3091; x_wconf 82' lang='lat' dir='ltr'><strong>precibus</strong></span> <span class='ocrx_word' id='word_1_260' title='bbox 669 3035 727 3081; x_wconf 91' lang='lat' dir='ltr'><strong>nec</strong></span> <span class='ocrx_word' id='word_1_261' title='bbox 742 3020 772 3080; x_wconf 89' lang='lat' dir='ltr'><strong>vi</strong></span> <span class='ocrx_word' id='word_1_262' title='bbox 786 3022 913 3082; x_wconf 86' lang='lat' dir='ltr'><strong>retineri</strong></span> <span class='ocrx_word' id='word_1_263' title='bbox 929 3029 1088 3098; x_wconf 89' lang='lat' dir='ltr'><strong>poterant,</strong></span> <span class='ocrx_word' id='word_1_264' title='bbox 1105 3039 1165 3083; x_wconf 90' lang='lat' dir='ltr'><strong>nec</strong></span> 
     </span>
     <span class='ocr_line' id='line_1_35' title="bbox 166 3098 1165 3187; baseline 0.019 -36"><span class='ocrx_word' id='word_1_265' title='bbox 166 3107 201 3186; x_wconf 82' lang='lat' dir='ltr'><strong>se</strong></span> <span class='ocrx_word' id='word_1_266' title='bbox 214 3100 265 3187; x_wconf 71' lang='lat' dir='ltr'><strong>aut</strong></span> <span class='ocrx_word' id='word_1_267' title='bbox 279 3109 384 3169; x_wconf 87' lang='lat' dir='ltr'><strong>parem</strong></span> <span class='ocrx_word' id='word_1_268' title='bbox 398 3098 465 3158; x_wconf 91' lang='lat' dir='ltr'><strong>sine</strong></span> <span class='ocrx_word' id='word_1_269' title='bbox 479 3098 538 3158; x_wconf 89' lang='lat' dir='ltr'><strong>illis</strong></span> <span class='ocrx_word' id='word_1_270' title='bbox 548 3098 631 3161; x_wconf 92' lang='lat' dir='ltr'><strong>hosti</strong></span> <span class='ocrx_word' id='word_1_271' title='bbox 642 3117 714 3164; x_wconf 90' lang='lat' dir='ltr'><strong>esse</strong></span> <span class='ocrx_word' id='word_1_272' title='bbox 726 3111 780 3166; x_wconf 85' lang='lat' dir='ltr'><strong>eut</strong></span> <span class='ocrx_word' id='word_1_273' title='bbox 790 3105 877 3166; x_wconf 83' lang='lat' dir='ltr'><strong>tratri</strong></span> <span class='ocrx_word' id='word_1_274' title='bbox 887 3123 1002 3168; x_wconf 90' lang='lat' dir='ltr'><strong>rursus</strong></span> <span class='ocrx_word' id='word_1_275' title='bbox 1015 3107 1165 3182; x_wconf 75' lang='lat' dir='ltr'><strong>coniungi</strong></span> 
     </span>
     <span class='ocr_line' id='line_1_36' title="bbox 167 3173 1164 3269; baseline 0.02 -38"><span class='ocrx_word' id='word_1_276' title='bbox 167 3173 241 3235; x_wconf 87' lang='lat' dir='ltr'><strong>vrdrt</strong></span> <span class='ocrx_word' id='word_1_277' title='bbox 253 3191 356 3253; x_wconf 89' lang='lat' dir='ltr'><strong>posse,</strong></span> <span class='ocrx_word' id='word_1_278' title='bbox 371 3195 429 3241; x_wconf 89' lang='lat' dir='ltr'><strong>nec</strong></span> <span class='ocrx_word' id='word_1_279' title='bbox 443 3181 538 3241; x_wconf 89' lang='lat' dir='ltr'><strong>ullum</strong></span> <span class='ocrx_word' id='word_1_280' title='bbox 551 3183 635 3245; x_wconf 90' lang='lat' dir='ltr'><strong>aliud</strong></span> <span class='ocrx_word' id='word_1_281' title='bbox 646 3188 779 3248; x_wconf 84' lang='lat' dir='ltr'><strong>salutare</strong></span> <span class='ocrx_word' id='word_1_282' title='bbox 791 3188 959 3252; x_wconf 90' lang='lat' dir='ltr'><strong>consilium</strong></span> <span class='ocrx_word' id='word_1_283' title='bbox 969 3191 1002 3252; x_wconf 92' lang='lat' dir='ltr'><strong>in</strong></span> <span class='ocrx_word' id='word_1_284' title='bbox 1014 3197 1164 3269; x_wconf 91' lang='lat' dir='ltr'><strong>promptu</strong></span> 
     </span>
     <span class='ocr_line' id='line_1_37' title="bbox 167 3267 1166 3351; baseline 0.021 -36"><span class='ocrx_word' id='word_1_285' title='bbox 167 3271 248 3351; x_wconf 77' lang='lat' dir='ltr'><strong>esse,</strong></span> <span class='ocrx_word' id='word_1_286' title='bbox 263 3267 344 3328; x_wconf 89' lang='lat' dir='ltr'><strong>retro</strong></span> <span class='ocrx_word' id='word_1_287' title='bbox 360 3270 507 3338; x_wconf 88' lang='lat' dir='ltr'><strong>quantum</strong></span> <span class='ocrx_word' id='word_1_288' title='bbox 521 3275 632 3338; x_wconf 90' lang='lat' dir='ltr'><strong>posset</strong></span> <span class='ocrx_word' id='word_1_289' title='bbox 644 3269 755 3330; x_wconf 89' lang='lat' dir='ltr'><strong>cedere</strong></span> <span class='ocrx_word' id='word_1_290' title='bbox 766 3274 882 3345; x_wconf 86' lang='lat' dir='ltr'><strong>statuit,</strong></span> <span class='ocrx_word' id='word_1_291' title='bbox 898 3273 976 3343; x_wconf 90' lang='lat' dir='ltr'><strong>inid</strong></span> <span class='ocrx_word' id='word_1_292' title='bbox 989 3277 1166 3340; x_wconf 85' lang='lat' dir='ltr'><strong>omnicura</strong></span> 
     </span>
     <span class='ocr_line' id='line_1_38' title="bbox 167 3344 1164 3438; baseline 0.026 -42"><span class='ocrx_word' id='word_1_293' title='bbox 167 3345 314 3416; x_wconf 84' lang='lat' dir='ltr'><strong>rutentus,</strong></span> <span class='ocrx_word' id='word_1_294' title='bbox 340 3346 452 3406; x_wconf 84' lang='lat' dir='ltr'><strong>necubi</strong></span> <span class='ocrx_word' id='word_1_295' title='bbox 474 3344 556 3406; x_wconf 91' lang='lat' dir='ltr'><strong>hosti</strong></span> <span class='ocrx_word' id='word_1_296' title='bbox 581 3364 682 3426; x_wconf 90' lang='lat' dir='ltr'><strong>aequo</strong></span> <span class='ocrx_word' id='word_1_297' title='bbox 703 3367 740 3412; x_wconf 90' lang='lat' dir='ltr'><strong>se</strong></span> <span class='ocrx_word' id='word_1_298' title='bbox 761 3357 970 3421; x_wconf 89' lang='lat' dir='ltr'><strong>committeret</strong></span> <span class='ocrx_word' id='word_1_299' title='bbox 990 3362 1083 3437; x_wconf 90' lang='lat' dir='ltr'><strong>loco,</strong></span> <span class='ocrx_word' id='word_1_300' title='bbox 1110 3362 1164 3438; x_wconf 90' lang='lat' dir='ltr'><strong>qui</strong></span> 
     </span>
     <span class='ocr_line' id='line_1_39' title="bbox 168 3425 1162 3508; baseline 0.024 -28"><span class='ocrx_word' id='word_1_301' title='bbox 168 3429 379 3495; x_wconf 78' lang='lat' dir='ltr'><strong>transgressus</strong></span> <span class='ocrx_word' id='word_1_302' title='bbox 395 3425 508 3487; x_wconf 84' lang='lat' dir='ltr'><strong>flumen</strong></span> <span class='ocrx_word' id='word_1_303' title='bbox 524 3444 623 3506; x_wconf 89' lang='lat' dir='ltr'><strong>prope</strong></span> <span class='ocrx_word' id='word_1_304' title='bbox 637 3434 776 3508; x_wconf 83' lang='lat' dir='ltr'><strong>vestIgiis</strong></span> <span class='ocrx_word' id='word_1_305' title='bbox 791 3437 973 3502; x_wconf 86' lang='lat' dir='ltr'><strong>abeuntium</strong></span> <span class='ocrx_word' id='word_1_306' title='bbox 986 3443 1162 3506; x_wconf 87' lang='lat' dir='ltr'><strong>insistebat</strong></span> 
     </span>
    </p>
   </div>
   <div class='ocr_carea' id='block_1_5' title="bbox 0 0 1249 3892">
    <p class='ocr_par' dir='ltr' id='par_1_6' title="bbox 0 0 1249 3892">
     <span class='ocr_line' id='line_1_40' title="bbox 0 0 1249 3892; baseline 0 0"><span class='ocrx_word' id='word_1_307' title='bbox 0 0 1249 3892; x_wconf 95' lang='lat' dir='ltr'><strong> </strong></span> 
     </span>
    </p>
   </div>
  </div>
 </body>
</html>
