2434 3902
239 214 355 276 LIBER
370 212 489 274 xxvll.
514 213 596 274 CAP.
612 221 656 277 il·
679 219 715 288 [a.
732 219 765 272 c.
779 219 843 287 208]
972 213 1034 278 103

37 369 196 429 ruissent
231 365 352 426 XXVII.
373 372 507 427 ceterum
522 367 679 427 consulem
693 366 869 429 Marcellum
882 374 966 430 tanta
980 385 1032 431 cu·

36 452 164 527 piditas
187 449 311 511 tencbat
330 449 494 510 dimicandi
517 466 585 510 cunr
605 449 790 524 Hannibale,
813 459 847 514 ut
868 469 1032 528 numquam

38 536 126 597 satis
150 540 251 596 castra
271 535 380 595 castris
403 535 513 595 collata
535 533 680 595 crederet.
720 542 782 597 turn
805 551 931 612 quoque
951 538 1032 598 vallo

37 620 214 695 egrediens
230 618 350 694 signum
365 617 457 690 dedit,
479 617 566 678 atad
581 617 682 678 locum
697 619 783 679 miles
799 627 883 681 esset
896 628 1032 698 paratus,

36 711 86 778 ut,
104 705 135 764 si
147 702 235 764 collis
250 702 282 762 in
294 719 385 777 quem
398 701 587 777 speculatum
601 701 679 762 irent
690 702 864 780 placuisset
880 721 956 766 vasa
971 707 1032 766 col·

36 789 177 862 ligarent
190 793 221 847 et
235 792 444 862 sequerentur.
476 785 621 862 exiguum
636 785 735 862 campi
750 793 820 848 anto
836 795 937 850 castra
951 798 1031 859 crata

38 872 120 932 inde
142 872 173 931 in
195 870 304 932 collem
321 877 428 946 aperta
447 868 584 945 undique
604 877 634 930 et
654 879 820 945 conspecta
842 871 958 934 lercbat
974 873 1032 934 via.

41 955 187 1016 Numidis
203 954 394 1030 speculator,
416 968 613 1029 nequaquam
628 953 658 1014 in
674 970 761 1031 spem
775 961 876 1016 tantae
891 955 934 1016 rei
950 957 1032 1032 posi-

42 1049 104 1115 tus,
130 1039 187 1100 sed
203 1039 230 1099 si
246 1055 326 1114 quos
335 1053 439 1114 ,vagos
455 1035 558 1113 pabuli
573 1045 625 1098 aut
637 1037 788 1114 lignorum
804 1054 899 1101 causa
913 1040 1032 1115 longius

40 1140 61 1184 a
77 1123 193 1184 castris
209 1136 394 1198 progressos
409 1128 517 1198 posset
532 1122 684 1198 excipere,
700 1124 819 1199 signum
831 1125 891 1198 dat,
906 1130 938 1186 ut
952 1124 1034 1200 pari·

38 1215 90 1267 ter
106 1207 146 1267 ab
161 1206 302 1283 utrisque
313 1204 457 1266 lateribus
474 1213 680 1267 exorerentur.
701 1224 762 1268 non
778 1215 847 1270 ante
862 1224 1033 1284 apparuere

40 1291 161 1367 quibus
178 1290 278 1351 obviis
294 1289 333 1350 ab
349 1289 420 1366 iugo
435 1289 504 1366 ipso
521 1289 768 1366 consurgendum
783 1299 855 1365 orat,
873 1308 964 1366 quam
976 1292 1031 1351 cir-

39 1375 183 1435 cumiere
191 1373 243 1451 qui
255 1373 293 1434 ab
301 1379 387 1450 tergo
399 1373 590 1435 includerent
598 1374 686 1434 viam.
702 1381 765 1436 turn
776 1375 911 1452 undique
924 1391 1032 1436 omnes

38 1459 145 1520 exorti
159 1465 190 1518 et
201 1459 334 1520 clamore
345 1457 467 1520 sublato
482 1457 628 1533 impetum
639 1457 750 1520 leccre.
773 1474 841 1520 cum
857 1457 887 1518 in
903 1475 940 1520 ea
953 1460 1033 1520 valle

40 1543 194 1604 consules
210 1550 330 1617 essent,
353 1546 386 1602 ut
400 1557 501 1617 neque
522 1542 657 1602 evadere
672 1549 801 1618 possent
815 1542 846 1604 in
860 1544 964 1619 lugam
981 1559 1031 1604 oc·

39 1633 192 1703 cupatum
207 1625 246 1686 ab
256 1625 356 1702 hoste,
372 1641 430 1686 nec
444 1632 601 1702 receptum
616 1624 654 1686 ab
666 1634 752 1703 tergo
768 1627 964 1690 circumventi
979 1627 1032 1688 lra-

37 1711 163 1786 berem,
176 1710 294 1771 extrahi
306 1716 407 1772 tamon
415 1709 528 1770 diutius
542 1717 694 1771 certamen
705 1711 866 1788 potuisset,
880 1711 910 1772 ni
922 1718 1032 1787 coepta

39 1796 79 1854 ab
97 1794 239 1855 Etruscis
262 1795 335 1870 luga
354 1807 504 1870 pavorem
525 1793 634 1854 ceteris
656 1795 821 1858 iniecisset.
855 1802 1031 1856 nontamen

39 1880 181 1940 omisere
196 1893 332 1955 pugnam
347 1877 460 1940 deserti
475 1877 513 1936 ab
525 1875 663 1938 Etruscis
678 1877 857 1955 Fregellani,
873 1879 973 1940 donec
988 1882 1031 1940 in·

40 1965 121 2040 regri
144 1962 290 2024 consulcs
309 1961 462 2024 hortando
483 1961 607 2038 ipsique
625 1978 663 2022 ex
678 1971 764 2038 parte
785 1964 952 2039 pugnando
968 1980 1032 2024 rein

39 2047 252 2109 sustinebant
283 2046 340 2107 sed
365 2052 531 2122 postquam
555 2045 732 2108 vulneratos
759 2047 849 2108 ambo
875 2049 1030 2122 consules,

38 2131 223 2193 Marcellum
244 2131 334 2210 etiam
349 2129 530 2190 transfixum
544 2131 652 2191 lancea
666 2130 875 2206 prolabentem
890 2147 929 2191 ex
950 2147 1030 2206 equo

40 2214 262 2276 moribundum
274 2213 390 2288 videre,
406 2220 469 2274 tum
482 2221 512 2274 et
525 2213 585 2290 ipsi
597 2246 639 2258 -
651 2215 797 2291 perpauci
811 2221 911 2275 autem
924 2230 1030 2291 super-

38 2304 131 2360 erant
144 2329 188 2342 -
203 2314 271 2360 oum
285 2297 424 2374 cnsptno
441 2299 568 2360 conside
579 2297 700 2360 duobus
716 2298 824 2361 iaculis
839 2298 899 2360 icto
911 2306 941 2359 et
951 2298 1029 2359 llar-

39 2384 123 2446 cello
147 2383 346 2444 adolescente
366 2381 473 2444 saucio
495 2382 616 2459 etipsa
638 2381 818 2460 effugerunt.
854 2382 1031 2446 interiectus

40 2471 79 2528 A.
96 2466 231 2528 Manlius
247 2467 385 2528 tribunus
401 2466 542 2542 militum,
565 2473 648 2528 etex
664 2466 784 2530 duobus
800 2468 963 2544 praelectis
980 2485 1030 2530 so·

40 2552 125 2612 cium
138 2551 307 2612 M‘.Aulius
323 2550 456 2626 occisus,
471 2551 620 2612 Arrenius
636 2557 753 2628 captus.
776 2558 807 2612 et
821 2552 942 2613 lictores
958 2568 1029 2614 con·

40 2636 145 2697 sulum
159 2634 294 2712 quinque
305 2635 367 2698 tiri
379 2635 410 2696 ln
423 2633 557 2704 hostiurn
570 2641 753 2712 potestatem
764 2641 923 2713 venerunt,
940 2638 1030 2699 coteri

40 2726 95 2780 aut
110 2719 260 2781 interlecti
277 2726 329 2780 aut
344 2735 412 2782 cum
428 2720 555 2780 consule
570 2719 750 2796 ellegerunt.
774 2720 908 2797 equitum
923 2727 985 2783 tres
1002 2730 1031 2782 et

41 2804 248 2880 quadraginta
261 2809 313 2866 aut
327 2803 357 2864 in
372 2803 491 2882 proelio
507 2804 603 2865 autin
619 2805 690 2880 luga
706 2804 891 2880 ceciderunt,
914 2805 1030 2866 duode-

40 2888 150 2963 viginti
164 2887 227 2949 criti
243 2889 334 2965 capti.
369 2889 586 2952 tumultuatum
600 2888 630 2949 ln
645 2889 754 2949 castris
775 2891 886 2965 lucrat,
908 2896 942 2950 ut
957 2905 1028 2952 con-

40 2971 161 3038 sulibus
184 2973 261 3034 iram
283 2973 439 3050 subsidio,
470 2989 536 3034 oum
559 2973 716 3034 consulem
737 2980 766 3034 et
788 2973 883 3035 fllium
904 2974 1029 3036 alterius

41 3057 181 3118 consulis
207 3057 331 3118 saucios
357 3059 549 3135 exiguasque
572 3056 702 3118 infelicis
729 3058 934 3133 expeditionis
960 3058 1028 3118 reli-

42 3142 131 3216 quias
155 3141 196 3200 ad
218 3149 318 3204 castra
338 3142 498 3202 venientes
525 3147 661 3203 cernunt.
698 3157 781 3203 mors
802 3141 939 3203 Marcelli
960 3157 1028 3201 cum

41 3227 157 3302 alioqui
169 3224 352 3287 miserabilis
365 3226 429 3300 luit,
444 3233 508 3287 tum
523 3224 607 3301 quod
622 3241 679 3286 nec
690 3241 747 3302 pro
763 3231 862 3286 aetate
877 3261 919 3272 -—
931 3224 1027 3286 maloi

42 3309 99 3371 iam
116 3311 199 3372 enim
215 3311 376 3390 sexaginta
396 3310 484 3371 annis
499 3315 564 3370 erat
580 3340 623 3354 -
638 3325 738 3386 neque
753 3325 810 3387 pro
825 3308 939 3370 veteris
955 3325 1027 3385 pru-

42 3395 144 3456 dentia
166 3394 253 3456 ducis
270 3401 329 3454 tam
350 3391 524 3470 improvide
540 3409 575 3454 se
595 3393 806 3468 collegamque
821 3399 851 3456 et
870 3408 966 3469 propo
982 3400 1042 3456 toe-

41 3487 97 3539 tam
112 3494 179 3539 rem
194 3477 348 3555 publicam
362 3478 392 3538 in
409 3493 559 3554 praeceps
575 3477 711 3554 dederat.
753 3525 756 3530 .

77 3563 331 3623 nuvrrnnslll.
793 3571 825 3622 1³
