2466 3900
235 215 345 278 LIBER
358 216 465 278 XXIV.
488 215 572 276 cAP.
587 224 631 280 38.
644 223 690 282 39.
713 223 750 292 [ι
766 223 799 277 0.
814 223 878 292 ²1⁴]
1005 217 1049 284 ³0

84 369 199 448 recepit,
222 375 373 431 convocat
387 383 479 440 suos3
502 366 613 442 quibus
633 367 748 443 „credo
764 382 822 444 ego
836 383 895 430 vos
910 368 1048 444 audisse,

80 453 208 529 milites,“
228 452 326 527 inquit
345 467 459 529 „quem
478 451 658 513 admodum
679 451 834 528 praesidia
847 452 988 514 Romana
1008 451 1047 514 ab

78 537 179 598 Siculis
200 536 408 598 circumventa
427 543 460 597 et
478 551 633 612 oppressa
652 535 712 596 sint
725 551 782 613 per
794 535 853 598 hos
872 535 950 597 dies.
979 552 1048 597 eam

78 637 130 682 vos
143 620 276 682 fraudem
288 622 379 681 deum
390 620 489 697 primo
503 619 698 696 benignitate,
714 619 785 681 dein
799 627 902 681 vestra
915 619 975 697 ipsi
986 621 1047 682 vir·

76 713 134 768 tute
152 705 215 766 dies
236 710 408 781 noctesque
429 703 598 781 perstando
615 719 652 764 ac
673 702 885 780 pervigilando
900 703 931 766 in
953 705 1047 766 annis

76 790 194 850 vitastis.
224 788 341 850 utinam
359 788 512 863 reliquum
532 794 652 866 tempus
674 802 732 848 nec
753 787 898 864 patiendo
921 788 1047 850 inienda

77 889 127 933 nec
139 871 277 934 iaciendo
292 871 414 934 traduci
428 873 549 949 possetr
573 871 650 932 haec
666 873 786 932 occulta
806 871 837 932 in
851 873 961 935 fraude
975 889 1047 934 cau·

76 957 113 1016 tio
127 965 177 1032 est,
192 973 253 1034 qua
266 957 318 1018 usi
333 955 434 1018 adhuc
450 971 571 1017 sumus=
593 955 641 1016 cul
658 955 802 1032 quoniam
816 972 924 1033 pamm
939 972 1047 1019 succe-

80 1040 124 1115 dit,
138 1047 238 1117 aperte
254 1057 292 1101 ac
306 1041 467 1117 propalam
479 1042 582 1100 claves
594 1048 750 1116 portarurn
760 1047 944 1116 reposcunt;
967 1057 1046 1117 quaa

76 1124 155 1185 simul
176 1124 410 1200 tradiderimus,
445 1123 738 1198 carthaginiensium
763 1124 917 1202 extempio
938 1123 1047 1186 Henna

79 1209 135 1279 erit,
154 1208 340 1286 foediusque
353 1208 404 1269 hic
418 1207 636 1269 trucidabimur
650 1225 741 1286 quam
755 1207 944 1284 Murgantiae
958 1224 1047 1286 prae·

82 1291 177 1353 sidium
188 1293 384 1355 interiectum
399 1299 455 1353 est.
477 1298 598 1352 noctem
609 1308 701 1354 unam
713 1307 806 1368 aegre
820 1294 861 1352 ad
872 1294 1040 1354 consultan-

83 1375 144 1436 dunr
155 1379 278 1455 sumpsi,
297 1393 358 1453 qua
372 1393 430 1437 vos
446 1377 592 1438 certiores
606 1376 733 1451 periculi
747 1375 888 1438 instantis
904 1377 1047 1438 iacerem.

81 1467 136 1521 orta
156 1461 220 1523 luce
245 1463 423 1523 contionem
443 1461 574 1522 babituri
594 1460 725 1522 suntad
753 1459 973 1523 criminandum
997 1475 1048 1520 me

79 1544 343 1622 concitandumque
357 1545 388 1606 in
404 1562 461 1607 vos
475 1546 633 1621 populum.
665 1545 769 1621 itaque
784 1545 917 1606 crastino
932 1544 983 1606 die
997 1549 1048 1606 aut

77 1635 166 1691 vestro
182 1638 232 1693 aut
246 1629 460 1692 Hennensium
474 1631 624 1706 sanguine
637 1629 746 1691 llenna
765 1629 970 1693 innodabitur.
990 1643 1047 1689 nec

77 1715 282 1792 praeoccupati
305 1730 394 1791 spem
413 1715 506 1775 ullam
526 1729 582 1774 nec
604 1721 792 1789 occupantes
814 1713 940 1790 periculi
962 1715 1047 1788 quic·

76 1813 156 1870 quam
168 1798 332 1860 habebitis.
366 1799 418 1875 qui
434 1799 518 1875 prior
531 1797 686 1859 strinxerit
700 1799 820 1871 ferrum,
837 1799 904 1859 eius
918 1797 1047 1859 victoria

78 1880 134 1941 erit.
163 1883 268 1945 intenti
284 1898 358 1959 ergo
375 1899 482 1944 ornnes
497 1882 666 1957 armatique
681 1882 801 1958 signum
815 1881 1046 1960 exspectabitis

74 1978 125 2038 ego
145 1967 174 2027 in
194 1967 340 2029 contione
361 1982 415 2028 erc
437 1973 467 2027 ct
487 1974 622 2044 tempuS,
654 1967 757 2042 quoad
778 1965 880 2028 omnia
900 1965 1048 2027 instructa

76 2047 142 2124 sint,
162 2052 320 2127 loquendo
342 2052 582 2127 altercandoque
595 2051 724 2112 traham.
756 2066 824 2111 curn
838 2057 911 2124 toga
925 2049 1047 2125 signum

74 2131 194 2210 dedero,
214 2143 281 2196 tum
295 2133 369 2197 mihi
390 2135 526 2212 undique
540 2136 675 2196 clamore
690 2134 810 2197 sublato
825 2132 944 2194 turbam
962 2133 1048 2193 inva-

75 2215 128 2276 dite
141 2234 176 2279 ac
190 2221 317 2281 sternite
332 2219 435 2280 omnia
450 2219 540 2295 ierro,
557 2227 589 2281 et
601 2226 708 2281 cavete
723 2218 888 2296 quicquam
903 2215 1046 2293 supersit,

76 2301 151 2363 orius
165 2311 219 2365 aut
229 2304 282 2365 vis
297 2311 348 2365 aut
362 2305 446 2364 iraus
460 2303 558 2365 timeri
573 2304 682 2380 possit.
708 2318 776 2378 vos,
793 2301 886 2362 Ceres
900 2307 996 2361 mater
1010 2315 1047 2360 ac

76 2381 256 2466 Proserpina,
279 2404 399 2465 precor,
424 2387 515 2449 ceteri
531 2388 635 2463 superi
650 2387 822 2462 infernique
837 2384 877 2460 di,
901 2383 953 2460 qui
966 2383 1047 2445 lranc

76 2467 170 2531 urbem
189 2473 250 2536 hos
272 2479 413 2534 sacratos
434 2473 521 2533 lacus
542 2473 691 2548 lucosque
714 2471 828 2547 colitis,
849 2475 883 2530 ut
902 2469 944 2530 ita
957 2468 1047 2530 nobis

77 2553 202 2617 volentes
216 2555 343 2634 propitii
358 2556 475 2633 adsitis,
491 2556 518 2617 si
532 2555 676 2617 vitandae
690 2570 753 2617 non
768 2554 914 2616 terendae
929 2553 1047 2616 fraudis

76 2649 160 2699 causa
173 2641 235 2704 hoc
251 2640 373 2702 consilii
394 2642 543 2717 capimus.
575 2640 715 2717 pluribus
730 2655 806 2715 vos,
828 2638 954 2714 milites,
976 2637 1049 2697 hor·

77 2724 154 2797 turer,
175 2725 202 2786 si
218 2741 288 2787 cunr
303 2725 426 2786 armatis
442 2724 595 2786 dimicatio
611 2724 711 2786 lutura
726 2731 825 2786 essetr
845 2723 986 2804 inermes,
1003 2723 1048 2781 in·

77 2813 172 2868 cautos
193 2811 235 2870 ad
256 2810 426 2870 satietatem
444 2808 649 2881 trucidabitis;
684 2815 715 2869 et
738 2807 875 2870 consulis
895 2805 996 2869 casira
1016 2805 1048 2864 in

77 2891 239 2968 propinquo
252 2901 335 2969 sunt,
350 2910 388 2954 ne
400 2893 473 2970 quid
485 2893 523 2954 ab
529 2893 700 2954 Himilcone
712 2899 742 2954 et
749 2889 1048 2969 Carthaginiensibus
1105 2919 1108 2926 ,

78 2971 164 3036 timeri
179 2979 310 3053 possita
338 2977 469 3040 XXXIX.
483 2977 532 3038 Ab
547 2977 605 3038 hac
620 2976 833 3039 adhortatione
848 2975 965 3037 dimissi
980 2989 1048 3035 cor-

79 3071 147 3128 pora
159 3069 275 3124 curant
308 3068 433 3139 postero
449 3062 500 3123 die
514 3061 566 3122 alii
580 3061 647 3122 aliis
662 3060 739 3122 locis
755 3061 795 3121 ad
816 3059 988 3122 obsidenda
1002 3055 1048 3116 iti·

80 3155 144 3202 nera
163 3145 416 3222 claudendosque
437 3145 572 3223 oppositi
595 3152 666 3207 sunt
686 3144 804 3216 exitum
827 3159 901 3221 pars
915 3139 1049 3202 maxima

81 3237 164 3302 super
176 3229 326 3292 theatrum
341 3230 497 3306 circaque,
520 3229 640 3292 adsueti
654 3235 685 3290 et
698 3235 769 3290 ante
783 3226 959 3304 spectaculo
975 3238 1049 3284 con·

82 3305 199 3389 tionum,
221 3313 402 3376 consistunt.
435 3313 658 3391 productased
672 3312 821 3389 populnrri
835 3327 855 3370 a
869 3304 1048 3382 magistrati·

83 3387 132 3452 bus
151 3399 323 3472 praelectus
344 3397 503 3461 Romanus
524 3413 594 3459 cum
615 3395 753 3459 consulis
774 3395 813 3456 de
833 3408 871 3453 ca
889 3405 923 3450 re
943 3389 991 3450 ius
1012 3400 1050 3450 ac

84 3481 250 3548 comatam
271 3497 359 3557 csse,
381 3498 443 3542 non
459 3497 546 3544 suam
560 3488 591 3543 ct
604 3479 753 3558 pleraque
770 3476 879 3538 eadem
893 3487 974 3550 quae
988 3469 1050 3550 pri-
