2448 3900
204 234 324 294 LIBER
337 234 471 294 xxvlll.
495 235 578 296 cAP.
593 243 638 296 43.
651 244 697 298 44.
720 244 757 310 [a.
774 244 806 295 c.
818 245 882 312 los]
967 240 1029 306 27³

41 389 98 448 tius
122 385 360 465 Syracusanum
381 400 499 460 regem,
526 400 595 444 curn
616 385 670 446 diu
692 385 794 446 Sicilia
813 387 928 450 Punico
948 390 1029 452 bello

40 477 190 544 ureretur,
206 475 436 544 transgressum
451 468 481 531 in
495 468 576 528 hanc
591 469 720 529 eandem
732 468 866 532 Africam
880 475 1030 536 evertisse

29 571 78 617 eo
100 554 239 630 bellum,
262 553 344 613 unde
359 560 501 626 venerat,
518 552 637 613 reierst
664 553 768 614 XLIV.
790 556 848 616 sed
863 558 936 632 quid
950 559 1029 626 ultro

40 647 153 699 metum
168 638 287 698 inierre
298 637 380 697 hosti
394 643 425 698 et
438 637 476 696 ab
491 653 526 696 sc
537 644 653 697 remoto
667 638 803 712 periculo
818 640 911 702 alium
924 642 955 702 in
966 643 1029 704 dis-

43 724 157 782 crimen
179 722 340 781 adducere
361 721 452 796 quale
473 721 521 796 sit,
542 720 697 782 veteribus
713 723 911 800 externisque
926 741 1028 786 exem·

42 807 100 881 plis
116 807 291 866 admonere
307 820 388 880 opus
403 810 471 866 esti
497 806 624 865 multum
637 805 777 880 interest,
798 808 915 869 alienos
930 827 1028 887 popu·

42 890 103 949 lere
123 890 206 950 fines
230 907 271 949 an
290 894 361 949 tuos
382 888 430 949 uri
455 889 595 948 exscindi
614 889 737 962 videas3
770 892 840 967 plus
866 894 957 954 enimi
981 903 1031 956 est

43 973 182 1034 inferenti
196 973 367 1048 periculum
380 989 472 1048 quam
484 973 693 1048 propulsante
715 975 755 1035 ad
765 975 825 1036 hoe
836 977 934 1036 maior
943 979 1028 1053 igno

42 1063 138 1116 tarum
158 1073 266 1117 rerum
287 1063 334 1117 est
354 1064 465 1117 terrore
486 1056 569 1117 bona
588 1058 729 1134 malaque
749 1058 883 1120 hostium
902 1077 943 1120 ex
956 1077 1028 1137 pro-

31 1140 158 1216 ¹pinquo
174 1142 339 1216 ingressus
354 1141 432 1200 fines
447 1140 592 1216 aspicies.
611 1157 673 1202 non
688 1151 868 1217 speraverat
878 1144 1029 1206 Hannibal

46 1226 108 1285 lore
120 1231 155 1285 ut
168 1233 215 1286 tot
230 1225 261 1284 in
277 1224 362 1283 ltalia
382 1225 488 1300 populi
504 1223 544 1283 nd
559 1240 594 1284 se
609 1225 790 1302 delicerent,
814 1234 888 1303 quot
908 1230 1028 1289 defece·

46 1315 111 1368 runt
124 1316 199 1384 post
212 1308 405 1368 Cannensem
421 1307 555 1368 cladema
579 1309 803 1383 quantominus
820 1312 984 1389 quicquam
997 1315 1027 1374 in

47 1392 147 1454 Africa
171 1391 474 1466 Carthaginiensibus
495 1392 615 1464 lienum
642 1400 693 1454 aut
713 1393 823 1454 stabile
842 1396 897 1469 sit,
925 1398 1028 1458 inlidis

49 1476 154 1551 sociis,
177 1476 328 1552 gravibus
344 1490 381 1535 ac
395 1473 537 1551 superbis
554 1475 701 1536 dominis!
725 1477 766 1538 cd
783 1478 843 1539 hoc
856 1496 916 1541 nos
937 1481 1027 1542 etiam

50 1558 156 1620 deserti
170 1561 211 1620 ab
229 1559 325 1621 sociis
341 1558 456 1620 viribus
472 1559 595 1633 nostris,
611 1560 704 1620 milite
718 1562 857 1624 Romano
872 1565 1027 1626 stetimusr

51 1641 289 1720 carthaginiensi
309 1642 384 1703 nihil
406 1643 503 1704 civilis
518 1644 639 1706 roboris
655 1653 716 1716 est,
739 1648 881 1708 mercede
901 1657 1027 1724 paratos

54 1726 153 1788 milites
168 1729 294 1802 habent,
308 1728 402 1790 Afros
417 1725 635 1804 Numidasque,
650 1729 809 1790 levissima
821 1731 894 1792 fidei
909 1740 1026 1794 muten-

53 1809 105 1872 dae
118 1812 252 1887 ingenia.
292 1811 342 1870 hio
357 1811 450 1872 modo
465 1811 539 1870 nihii
554 1826 658 1872 morae
673 1812 727 1872 sit=
747 1829 809 1873 una
823 1822 853 1875 et
866 1816 1026 1877 traiecisse

52 1907 95 1954 me
115 1896 247 1958 audietis
270 1903 301 1956 et
319 1895 428 1956 ardere
451 1895 533 1955 bello
553 1895 689 1955 Africam
711 1902 742 1957 el
761 1896 934 1958 molientem
954 1899 1027 1960 hinc

50 1975 246 2040 Hannibalern
259 1986 290 2040 et
300 1979 436 2040 obsideri
448 1978 667 2052 Carthaginem.
689 1980 831 2040 laetiores
844 1988 874 2040 el
884 1984 1025 2056 frequen-

51 2061 137 2124 tiores
162 2081 203 2124 ex
223 2066 330 2126 Africa
355 2069 534 2140 exspectate
557 2063 678 2122 nuntios
704 2077 796 2137 quam
819 2079 858 2123 ex
879 2064 1024 2140 Hispania

53 2147 254 2224 accipiebatis.
292 2149 349 2208 has
371 2149 443 2208 mihi
464 2163 539 2223 spes
560 2145 672 2206 subicit
696 2147 817 2209 lorluna
838 2148 946 2223 populi
964 2149 1025 2209 Ro·

52 2231 135 2308 nani,
148 2233 180 2292 di
195 2232 331 2294 foederis
346 2233 385 2293 ab
399 2231 489 2292 hoste
504 2230 607 2291 violati
620 2236 724 2302 testes,
748 2229 878 2308 Syphax
892 2239 922 2291 et
935 2231 1026 2292 Masi·

53 2313 131 2374 nissa
144 2332 251 2392 reges;
276 2332 405 2392 quorum
426 2331 484 2390 ego
500 2316 572 2376 fidei
592 2314 634 2372 ita
654 2314 779 2387 innitar,
802 2322 835 2374 ul
847 2313 927 2374 bene
944 2321 1026 2376 tutus

54 2409 70 2453 a
90 2399 221 2472 perfidie
243 2400 310 2460 sim.
349 2400 457 2472 mullo,
480 2413 560 2474 quae
574 2413 654 2457 nunc
669 2413 708 2456 ex
722 2398 881 2458 intervallo
896 2414 957 2459 non
972 2415 1025 2474 an

55 2489 169 2556 parent,
192 2483 307 2544 bellum
322 2482 447 2559 aperiet.
479 2482 512 2541 id
531 2486 579 2542 est
592 2481 649 2540 viri
670 2488 700 2541 et
713 2481 816 2556 ducis,
838 2497 901 2542 non
915 2483 1027 2543 deesse

55 2560 186 2627 lonunao
197 2567 357 2644 praebenti
371 2582 407 2627 se
421 2572 452 2626 et
466 2565 567 2626 oblate
579 2580 654 2626 casu
664 2563 788 2624 flectere
802 2564 843 2625 ad
858 2566 1027 2627 consilium.

53 2642 183 2725 habebo,
206 2651 240 2725 Q.
260 2651 351 2724 Fabi,
373 2665 493 2726 parem,
517 2649 699 2724 quemme,
721 2648 941 2720 Hannibalem
970 2652 1027 2710 sed

55 2727 131 2792 illum
152 2750 210 2811 ego
232 2735 335 2811 potius
356 2733 473 2795 traham
495 2749 586 2808 quam
605 2732 656 2792 ille
677 2748 726 2792 me
746 2732 888 2793 retineat:
919 2735 949 2794 in
971 2749 1028 2794 sua

56 2817 130 2876 terra
145 2833 254 2896 cogam
269 2833 408 2895 pugnare
422 2833 506 2890 eum,
529 2823 559 2876 et
573 2814 722 2892 Carthago
745 2817 912 2892 praemium
931 2815 1027 2878 victo·

56 2895 113 2958 riae
132 2903 188 2962 erit
207 2919 300 2978 quam
319 2901 465 2962 semiruta
478 2899 660 2960 Bmtliorum
675 2900 810 2962 castella.
842 2917 881 2960 ne
896 2901 970 2977 quid
984 2901 1028 2960 in-

57 2981 144 3056 terim,
159 2986 233 3048 dum
245 2985 362 3057 traicio,
379 2985 450 3054 dum
467 2997 589 3058 expono
604 2983 770 3046 exereitum
785 2984 815 3043 in
826 2983 941 3056 Africa,
957 2983 1027 3042 dum

59 3073 152 3131 casua
172 3071 213 3130 ad
228 3069 440 3143 Carthaginem
461 3081 644 3143 promoveo,
664 3082 715 3127 res
731 3066 854 3142 publica
867 3067 916 3125 hio
938 3065 1028 3146 detri7

59 3151 142 3212 nenti
155 3154 271 3230 capiat,
294 3151 378 3229 qnod
393 3158 434 3223 tu,
458 3150 492 3224 Q.
506 3149 595 3224 Fabi,
618 3165 687 3209 cum
701 3149 799 3210 victor
812 3155 875 3208 tota
889 3147 1029 3208 volitaret

60 3228 136 3296 italie
148 3235 309 3311 Hannibal,
330 3235 457 3312 potuisti
472 3239 636 3309 praestare,
660 3232 719 3292 hoc
733 3231 806 3291 vide
820 3247 859 3291 ne
874 3237 1028 3292 contume

61 3312 161 3380 liosum
175 3322 213 3381 sit
228 3336 383 3383 concusso
399 3319 459 3378 iam
473 3322 503 3376 et
516 3331 614 3392 paene
628 3316 724 3376 fracto
732 3312 902 3374 Hannibale
916 3329 1029 3388 negare

62 3412 147 3469 posse
169 3404 201 3464 P.
220 3404 370 3466 Licinium
393 3401 567 3474 consulem,
587 3398 685 3458 virum
706 3397 919 3472 fortissimum,
941 3413 1028 3474 prae-

64 3487 149 3557 mre
172 3489 238 3564 qui,
258 3504 299 3548 ne
319 3485 450 3548 asaeris
472 3482 552 3543 absit
571 3481 709 3556 pontifex
722 3480 887 3555 maximus,
907 3479 978 3540 ideo
998 3479 1027 3540 in

100 3583 123 3625 r.
137 3585 196 3631 crvr
210 3569 287 3631 rans
299 3571 349 3629 lli.
424 3644 428 3650 Ι
789 3571 823 3624 18
