2466 3900
167 195 212 262 84
328 196 444 258 LIBER
453 195 562 258 xxiv.
580 193 664 256 CAP·
673 203 718 260 32·
730 202 775 258 3³·
797 201 834 270 [a.
845 200 881 254 U.
893 217 918 254 c.
928 201 992 270 588]

170 349 255 416 cusis
271 356 337 412 erat
351 365 461 426 agmen
475 348 609 410 hostium
625 354 745 424 augent
781 348 824 410 ita
836 348 1012 410 Achradina
1029 365 1161 426 quoquc

170 435 270 514 primo
285 435 400 511 impetu
414 433 541 511 capitur,
561 439 799 510 praetorumque
813 433 873 494 nisi
888 432 940 510 qui
954 431 1032 494 inter
1046 437 1158 496 tumui·

169 530 232 583 tum
247 519 429 594 effugerunt
446 526 553 579 onrnes
567 517 798 578 interficiuntur.
820 533 884 579 nox
899 515 1046 579 caedibus
1061 517 1159 580 tinem

170 605 251 666 iecit.
273 610 400 682 postero
412 601 463 662 dic
474 602 556 664 servi
571 602 611 662 ad
625 601 750 678 pilleum
762 602 862 664 vocati
877 609 907 662 et
921 617 1045 664 carcere
1060 603 1159 665 vincti

170 688 292 760 emissi3
327 688 520 762 contusaque
539 687 618 746 haec
645 685 745 746 omnis
764 686 924 750 multitudo
945 685 1158 763 Hippocraten

170 781 263 851 atque
282 771 444 850 Epicyden
465 778 571 833 creant
591 775 767 846 praetoresa
800 770 1055 848 Syracusacque,
1085 788 1157 833 cum

169 858 264 921 breve
277 864 398 933 tempus
409 855 535 918 libertas
549 854 737 929 adfulsisset,
761 855 789 916 in
806 856 961 931 antiquam
976 855 1157 918 servitutem

169 941 370 1003 recciderant.

254 1024 387 1086 XXXIII.
402 1025 487 1086 Haec
499 1025 636 1085 nuntiata
646 1039 716 1086 cum
728 1023 996 1098 essentRonranis,
1009 1024 1155 1086 exLeon-

169 1109 240 1171 tinis
251 1107 334 1170 mota
345 1116 417 1172 sunt
428 1108 582 1185 extemplo
595 1115 696 1170 castra
706 1108 747 1169 ad
755 1107 939 1185 Syracusas.
960 1107 1154 1186 etabAppio

170 1194 261 1270 legati
275 1209 332 1270 per
345 1201 467 1271 portum
482 1192 568 1254 missi
584 1194 661 1254 torte
674 1192 705 1252 in
720 1192 930 1269 quinqueremi
946 1199 1041 1254 erant.
1063 1209 1155 1269 prac-

170 1280 266 1340 mIssa
282 1277 484 1354 quadriremis
500 1293 568 1338 cum
589 1278 733 1339 intrasset
753 1278 859 1338 iauces
872 1284 996 1354 portus,
1018 1277 1154 1353 capitum

170 1363 262 1440 legati
283 1378 375 1438 aegre
395 1361 576 1438 effugerunt
609 1369 640 1424 et
660 1363 720 1422 ianr
734 1379 796 1424 non
816 1362 910 1423 modo
928 1361 1014 1438 pacis
1036 1362 1094 1422 sed
1114 1377 1154 1422 ne

170 1447 241 1508 beili
264 1446 388 1523 quidem
403 1447 469 1508 iura
488 1447 594 1506 relicta
615 1453 716 1521 erant,
737 1462 805 1508 curn
819 1447 977 1507 Romanus
999 1447 1152 1507 exercitus

170 1531 210 1592 nd
232 1529 407 1608 Olympium
427 1561 471 1574 -
485 1529 568 1592 Iovis
583 1530 615 1590 id
628 1531 774 1608 templum
788 1537 894 1590 est-
913 1530 995 1592 mille
1015 1537 1046 1590 et
1067 1530 1152 1605 quin·

171 1622 281 1690 gentos
296 1629 411 1690 passus
432 1613 470 1674 ab
491 1615 568 1675 urbe
582 1621 684 1676 castra
699 1614 812 1692 posuit
843 1615 916 1676 inde
930 1629 1055 1690 quoque
1070 1615 1153 1690 laga·

170 1708 219 1760 tos
235 1697 386 1775 praemitti
401 1698 529 1775 placuit;
553 1699 681 1775 quibus,
702 1716 741 1760 nc
762 1700 906 1760 intrarent
921 1699 1043 1773 urbem,
1066 1704 1154 1758 extra

170 1782 501 1861 portamIIippocrates
515 1783 770 1861 atquelipicydes
786 1783 907 1845 obviam
919 1799 988 1844 cum
1000 1781 1066 1844 suIs
1082 1798 1153 1858 pro-

172 1874 341 1928 cesserunt
373 1867 530 1928 Romanus
552 1875 657 1929 orator
676 1885 737 1929 non
757 1867 869 1929 bellum
891 1884 926 1928 se
947 1867 1155 1945 Syracusanis

172 1951 229 2012 sed
250 1966 341 2028 opem
363 1952 570 2028 auxiliumque
592 1953 713 2013 adferre
734 1952 790 2026 ait,
812 1960 842 2014 et
856 1952 908 2027 iis,
932 1953 1038 2028 quiex
1051 1951 1154 2012 media

172 2036 268 2097 caede
281 2035 380 2113 elapsi
395 2035 584 2113 perfugerint
597 2037 638 2096 ad
653 2051 702 2112 se,
725 2042 755 2098 et
769 2036 822 2113 iis,
846 2038 896 2112 qui
911 2043 993 2097 metu
1007 2034 1153 2113 oppressi

172 2119 341 2181 ioadIorem
362 2137 424 2182 non
443 2119 553 2182 exsilio
568 2122 668 2182 solum
682 2120 740 2182 sed
760 2121 850 2183 atIam
864 2128 961 2182 morte
975 2121 1153 2181 servitutem

171 2205 333 2280 patiantur.
364 2220 422 2266 nec
444 2204 571 2266 caedem
591 2205 754 2266 nefandam
776 2205 932 2266 sociorum
951 2205 1078 2266 inultam
1091 2204 1153 2265 Ro·
1224 2231 1225 2268 ;

170 2306 280 2350 manos
300 2305 466 2366 passuros:
495 2288 598 2366 itaque
619 2289 646 2350 si
667 2289 729 2364 eis,
758 2289 809 2364 qui
829 2290 869 2350 ad
890 2305 925 2350 se
945 2290 1154 2367 perfugerant

171 2379 252 2434 tutus
267 2373 298 2432 in
313 2373 442 2449 patrIam
456 2373 573 2434 reditus
586 2379 711 2451 pataret,
726 2373 831 2434 caedis
846 2380 987 2434 auctores
1004 2373 1156 2435 dedantur

171 2464 201 2518 et
215 2456 339 2518 libertas
354 2459 503 2534 legesque
518 2456 723 2534 Syracusanis
737 2460 950 2533 restituantur,
971 2457 1045 2518 nihii
1059 2458 1154 2518 annis

173 2556 252 2617 opus
268 2557 356 2602 esses
385 2541 413 2602 si
427 2557 465 2601 ca
478 2557 539 2601 non
555 2541 637 2617 fiant,
660 2542 844 2618 quicumque
858 2541 887 2603 In
903 2557 989 2604 mora
1003 2543 1052 2618 sit,
1071 2541 1155 2603 bello

171 2632 399 2701 persecuturos.
431 2623 470 2684 ad
486 2639 524 2685 ea
537 2623 703 2705 Epicydes,
719 2627 746 2687 si
761 2645 823 2702 qua
837 2628 877 2688 ad
892 2642 927 2688 se
942 2628 1087 2688 mandata
1100 2627 1154 2688 ha·

171 2709 287 2783 bereat,
303 2725 487 2785 responsum
502 2708 547 2770 eIs
560 2711 601 2771 ait
611 2727 647 2771 se
659 2711 785 2772 daturos
799 2713 909 2774 fuisse:
925 2727 993 2772 cum
1005 2712 1035 2771 in
1047 2726 1155 2772 eorum

172 2794 212 2853 ad
227 2810 307 2869 quos
321 2793 461 2854 venerim
474 2809 567 2855 manu
580 2811 631 2856 res
647 2794 845 2874 Syracusana
860 2803 952 2871 esset,
973 2801 1037 2856 tum
1050 2811 1155 2856 rever·

172 2883 315 2939 terantur.
333 2879 362 2939 si
375 2878 455 2940 bello
470 2878 666 2953 lacesserent,
684 2879 801 2956 ipsane
815 2880 1021 2942 intetecturos
1037 2896 1154 2956 nequa·

172 2978 264 3038 quam
278 2962 359 3022 idem
374 2977 446 3024 esse
461 2961 636 3041 Syracusas
651 2980 688 3025 ac
702 2965 867 3026 Leontinos
889 2980 1081 3042 oppugnare.
1114 2963 1155 3024 ita

171 3046 280 3123 tegatis
294 3047 408 3108 relictis
423 3055 529 3123 portas
545 3047 662 3109 clausit

255 3131 332 3192 Inde
347 3139 427 3192 terra
439 3133 577 3208 marique
588 3134 678 3194 simui
694 3141 822 3209 coeptae
838 3132 1010 3208 oppugnari
1019 3131 1153 3210 Syracu-

172 3232 236 3291 sae,
256 3222 336 3276 terra
350 3214 389 3276 ab
400 3217 574 3294 Hexapylo,
598 3216 674 3276 mari
689 3216 728 3279 ab
738 3215 923 3291 Achradina,
945 3216 1032 3278 cuius
1047 3233 1156 3278 murus

172 3298 265 3362 fluctu
280 3301 422 3362 adluitur.
455 3306 485 3361 et
499 3301 580 3376 quia,
600 3301 680 3362 siout
692 3300 859 3362 Leontinos
873 3308 989 3362 terrore
1003 3316 1040 3361 uc
1056 3302 1156 3376 primo

173 3385 288 3461 impetu
312 3390 473 3463 ceperant,
503 3399 565 3445 non
587 3382 767 3445 diffidebant
787 3391 906 3446 vastam
931 3383 1158 3460 disiectamque

172 3467 273 3544 spatio
288 3466 395 3528 urbem
411 3473 498 3544 parte
511 3466 615 3544 aliqua
629 3483 664 3528 se
679 3466 857 3545 invasuros,
880 3484 999 3529 omnem
1021 3483 1152 3544 appara*
