2428 3892
154 196 198 260 ss
327 190 545 258 immam.
567 187 976 271 emendandam]

157 368 218 430 que
238 350 406 414 adriacum
426 356 560 411 armatos
581 355 755 425 exponunt,
781 347 833 424 qui
853 340 1026 423 improviso
1041 347 1146 408 adorti

157 435 343 513 semiplenas
358 435 506 496 statiorms
521 440 552 493 et
562 434 726 509 adapertas
742 432 826 494 iores
837 438 956 512 portae,
973 447 1036 505 qua
1049 433 1145 505 paulo

157 527 227 580 ante
247 524 447 580 excurrerant
465 519 588 592 armati,
609 516 692 578 lnaud
712 531 824 592 magno
846 515 1012 576 certamine
1025 515 1146 576 Nasum

157 618 268 681 cepere
288 602 441 664 desertam
462 601 665 677 trepidatione
685 610 716 663 et
738 600 811 675 tuga
831 599 1006 684 custodum.
1039 614 1147 675 neque

158 686 276 748 inullis
302 686 404 748 minus
428 685 576 762 praesidii
600 692 653 748 aut
677 684 865 762 pertinaciae
888 684 929 745 ad
954 684 1146 744 manendum

158 788 249 848 quam
264 770 293 831 in
310 770 477 847 uanslugis
492 769 557 845 luit,
573 771 645 844 quia
658 785 697 830 ne
709 786 775 831 aurs
788 768 912 844 quidem
924 767 1001 828 satis
1012 768 1147 828 creden·

156 864 202 917 tes
219 843 258 915 se
273 856 373 918 medio
389 855 553 916 certamine
567 853 749 930 ellegerunt
777 853 957 925 MarcelluS,
972 858 1007 913 ιιι
1020 860 1147 928 captam

156 955 229 1001 esse
242 939 357 1000 Nasum
379 940 468 1014 vidit,
489 945 520 1000 et
533 937 728 1013 Achradinae
747 938 906 1012 regionem
926 951 1020 996 unarn
1034 937 1148 1011 teneri,

156 1023 386 1101 Moericumque
400 1039 470 1084 cum
484 1022 640 1099 praesidio
655 1022 722 1084 suis
737 1023 923 1094 adirmctum,
937 1019 1081 1096 receptui
1095 1036 1147 1082 ce

157 1108 242 1183 cinit,
258 1123 298 1169 ne
311 1109 416 1184 regiae
429 1121 522 1183 opes,
538 1124 668 1183 quarum
683 1107 765 1167 ianm
778 1105 876 1166 maior
889 1120 983 1182 quam
996 1119 1050 1164 res
1064 1113 1145 1178 erat,

156 1191 370 1268 diriperentur.

238 1276 343 1338 XXXI.
364 1277 542 1353 suppresso
554 1276 669 1351 impetu
679 1275 804 1336 militum
816 1281 850 1334 ut
860 1273 907 1347 iis,
920 1273 973 1349 qni
983 1272 1146 1334 inAchra-

156 1361 228 1420 dina
248 1367 349 1436 erant,
371 1360 538 1437 transfugis
554 1359 686 1435 spatium
700 1361 851 1434 locusque
866 1359 957 1433 lagae
975 1358 1069 1418 datus
1086 1366 1146 1432 cst,

157 1443 345 1523 Syracusani
365 1444 487 1505 tandem
501 1444 588 1506 liberi
602 1451 685 1504 metu
699 1443 797 1519 portis
811 1441 1008 1504 Achradinae
1023 1443 1148 1518 apertis

156 1535 295 1588 oratores
310 1528 349 1587 ad
364 1527 540 1590 Marcellum
553 1528 686 1604 mittunt,
702 1527 775 1588 nihil
792 1533 931 1603 petentes
947 1526 1031 1588 alind
1047 1543 1147 1602 qaam

155 1610 391 1671 incolumitatem
406 1611 465 1672 sibi
480 1611 646 1689 liberisque
660 1627 735 1674 suis.
758 1612 923 1673 Marcellus
938 1610 1070 1672 consilio
1088 1612 1146 1672 ad·

155 1700 264 1755 vocato
279 1701 310 1754 et
323 1693 465 1764 adhibitis
481 1697 570 1756 etiam
587 1695 809 1776 Syracusanis,
831 1694 883 1772 qui
897 1711 954 1770 per
969 1694 1147 1756 seditiones

157 1777 238 1851 pulsi
252 1778 290 1838 ab
306 1778 398 1840 domo
412 1779 490 1842 intra
503 1779 659 1857 praesidia
669 1782 808 1844 Romana
823 1781 952 1854 inerant,
967 1780 1145 1855 respondit,

158 1877 216 1922 non
242 1864 332 1936 plura
357 1877 535 1940 perennes
561 1865 784 1942 quinquaginta
808 1865 970 1925 benefacta
993 1863 1146 1925 Hieronis

90 1989 95 1996 .
156 1960 247 2020 quarn
262 1947 371 2023 paucis
384 1947 432 2012 his
447 1949 536 2010 aunis
551 1949 701 2010 maleficia
715 1965 822 2012 eorum
838 1948 890 2024 qui
903 1946 1083 2027 Syracusas
1098 1955 1144 2008 te-

156 2030 275 2092 nuerint
293 2045 368 2106 erga
382 2034 530 2108 populum
543 2033 716 2094 Romanum
731 2049 813 2094 esse.
846 2032 904 2093 sed
918 2033 1073 2109 pleraque
1088 2048 1144 2094 eo·

154 2130 220 2174 rum
244 2131 307 2191 quo
332 2115 492 2178 debuerint
516 2116 699 2191 reccidisse,
729 2118 952 2194 foederumque
975 2124 1143 2192 ruptorum

154 2197 241 2273 ipsos
262 2199 301 2260 ab
316 2214 352 2260 se
368 2201 527 2274 graviores
542 2202 636 2262 multo
650 2217 741 2278 quam
756 2202 893 2278 populus
907 2201 1069 2272 Romanus
1088 2219 1143 2262 vo·

154 2282 241 2343 luerit
255 2299 373 2363 poenas
388 2285 541 2360 exegisse.
561 2299 597 2346 se
611 2286 735 2362 quidem
749 2287 868 2346 tertium
880 2301 996 2346 annum
1007 2275 1142 2348 circum·

153 2365 263 2426 sedere
284 2365 474 2446 Syracusas,
500 2385 562 2432 non
587 2377 620 2430 ut
643 2371 778 2446 populus
798 2370 957 2432 Romarm
983 2377 1142 2432 servatum

154 2446 305 2510 civitatem
320 2450 456 2526 haberet,
471 2454 528 2514 sed
542 2469 581 2514 nc
592 2453 831 2531 alienigenarum
841 2454 1142 2532 transiugammque

153 2530 249 2592 duces
265 2541 384 2610 captam
399 2542 429 2596 et
443 2551 626 2613 oppressam
642 2545 788 2600 tenerent.
816 2537 891 2614 quid
905 2539 1064 2615 potuerint
1078 2539 1142 2616 Sy·

152 2617 296 2676 racusani
316 2619 433 2694 lacere,
455 2623 597 2697 exemplo
617 2623 668 2683 vel
688 2639 744 2684 eos
765 2638 838 2684 esse
853 2622 1141 2702 Syracusanorum,

154 2697 206 2772 qni
221 2698 298 2760 intra
313 2702 468 2777 praesidia
480 2705 620 2769 Romana
633 2707 754 2783 luerint,
771 2707 820 2767 vel
835 2707 1009 2783 llispanum
1025 2709 1140 2770 ducem

152 2779 335 2861 Moericum,
358 2787 410 2862 qui
426 2789 612 2864 praesidium
626 2791 798 2866 tradiderit,
818 2792 870 2853 vel
883 2792 1025 2867 ipsorum
1041 2791 1140 2872 Syra·
1179 2789 1183 2800 '

155 2881 338 2962 eusanorum
358 2880 515 2947 postremo
536 2889 640 2936 serum
655 2875 779 2952 quidem
794 2876 852 2937 sed
867 2877 946 2939 lorte
961 2878 1138 2940 consilium.

152 2949 211 3010 stbl
225 2954 357 3016 omnium
372 2956 510 3020 labomm
524 2959 791 3036 periculorumque
806 2961 888 3022 circa
901 2962 1025 3023 moenia
1041 2965 1140 3040 Syra·

150 3050 268 3098 cusana
288 3045 369 3101 terra
388 3043 525 3119 marique
545 3051 606 3104 tum
626 3044 679 3107 diu
700 3045 921 3106 exhaustorum
935 3061 1139 3122 nequaquam

152 3127 266 3184 tantum
292 3124 422 3188 iruetum
442 3141 514 3187 esse
535 3129 620 3204 quod
640 3145 752 3206 capere
774 3130 950 3209 Syracusas
971 3131 1138 3206 potuisset

152 3203 221 3265 inde
243 3217 389 3284 quaestor
409 3227 477 3273 cum
499 3211 654 3286 praesidio
675 3214 715 3276 ad
734 3213 849 3280 Nasum
871 3220 903 3275 et
921 3213 1137 3289 accipiendam

151 3291 312 3384 pecuniam
336 3296 452 3370 regiam
476 3296 773 3374 custodiendamque
798 3298 925 3360 missus.
962 3298 1039 3358 urbs
1062 3299 1135 3359 diri-

152 3373 262 3466 prendo
269 3376 353 3438 militi
366 3379 437 3438 data
447 3385 495 3438 est
506 3381 688 3443 custodibus
699 3382 807 3444 divisis
820 3397 877 3459 per
889 3383 1001 3445 domos
1015 3399 1135 3456 eorum,

151 3469 202 3526 arar
230 3464 308 3518 intra
334 3459 489 3534 praesidia
512 3462 650 3524 Romana
677 3465 807 3526 luerunt.
843 3481 914 3538 curn
938 3469 1035 3529 manta
1061 3469 1133 3542 irae
