2466 3900
182 209 226 274 ss
334 209 450 272 crona
463 209 569 270 xxiv.
592 207 676 268 cnr.
691 217 734 270 ιι.
747 215 790 270 ιι.
812 195 847 285 [ι.
861 213 896 264 u.
910 230 936 268 ι.
949 202 1017 284 ιιι]
1094 205 1095 212 ‘
1206 181 1207 192 '

181 363 301 425 veniam
317 360 441 438 petivit:
463 375 499 421 se
512 358 593 420 enim
609 357 732 420 clausas
747 359 894 420 habuisse
911 367 1025 434 portas
1042 375 1157 422 nense
1206 373 1207 376 ’

182 453 340 524 parantem
360 460 435 505 suas
454 457 505 504 res
521 459 539 504 a
553 443 700 519 publicis,
723 443 779 503 sed
799 442 913 504 strictis
937 444 1038 502 semel
1059 443 1158 518 gladiis

181 531 348 603 timentem,
367 528 421 604 qui
434 528 505 588 dnis
521 527 667 588 caedibus
683 533 766 587 esset
779 528 916 600 iuturus,
940 533 1061 602 utrum,
1084 529 1158 602 quod
1206 592 1207 608 χ

183 614 258 676 satis
272 613 402 673 libertati
417 612 505 686 foret,
521 611 654 674 contenti
669 626 745 672 nece
758 611 881 689 tyranni
896 617 1018 684 essent,
1034 626 1083 685 an,
1096 611 1158 685 qui·
1206 611 1207 690 ι

183 712 315 772 cumque
336 704 388 757 eut
409 692 638 772 propinquitate
659 701 710 756 aut
731 694 886 756 adfinitate
906 701 962 755 aut
985 693 1097 770 aliquis
1112 695 1158 755 ιιι-

181 781 315 842 nisteriis
336 780 451 854 regiam
474 777 688 854 contigissent,
713 780 830 840 alienae
845 781 958 855 culpae
973 779 1021 838 rei
1035 776 1157 839 trucida·
1191 822 1195 836 .

117 909 124 919 .
181 872 295 926 rentur.
329 869 494 940 postquam
523 861 868 937 animadvertentem,
898 863 954 938 qui
981 861 1159 922 liberassent

181 947 325 1024 patriam,
352 963 476 1008 servare
499 947 589 1008 etiam
614 946 770 1010 liberatam
790 949 884 1022 velle,
911 955 1009 1022 atque
1030 946 1158 1020 undiquc

182 1032 324 1094 consuli·
316 1049 346 1092 m
362 1031 504 1105 medium,
520 1047 587 1092 non
597 1029 754 1091 dubitasse
770 1031 841 1106 quin
858 1038 887 1092 et
902 1045 1024 1108 eorpus
1036 1046 1123 1090 suum
1134 1035 1158 1088 et

182 1123 284 1179 cetera
299 1115 401 1177 omnia
414 1129 495 1191 quae
510 1129 585 1176 suae
599 1113 671 1174 fidei
684 1117 858 1191 tutelaeque
872 1122 997 1189 essent,
1021 1113 1156 1196 quoniam
1206 1187 1207 1190 Ἴ

182 1217 252 1262 cum
269 1217 320 1277 qur
312 1199 513 1268 mandasset
527 1215 602 1260 suus
618 1198 703 1260 liuor
717 1199 960 1274 absumpsisset,
968 1191 1103 1274 patriae
1116 1212 1156 1255 re
1206 1203 1207 1214 ¹

112 1283 117 1294 '
182 1284 328 1348 stitueret
363 1297 533 1346 conversus
554 1282 666 1343 deinde
686 1283 726 1342 ad
746 1283 960 1345 interfectores
983 1281 1105 1360 tyranni
1125 1295 1154 1339 ac
1206 1285 1207 1296 ¹

182 1370 305 1431 nomine
325 1369 486 1444 appellans
506 1366 696 1428 Theodotum
718 1381 754 1426 ae
769 1365 888 1442 Sosin,
888 1367 1047 1447 ,lacinus“
1067 1363 1152 1438 inquil
1206 1363 1207 1374 ¹

182 1452 400 1530 „memorabile
420 1451 552 1512 lecistis·
576 1449 634 1513 sed
653 1449 726 1510 milri
746 1450 876 1525 credite,
880 1413 1047 1512 ”inchoata
1062 1455 1150 1508 vestra

181 1537 279 1611 gloria
293 1535 429 1597 nondum
444 1534 581 1609 perlecta
595 1539 656 1608 est,
678 1532 933 1610 periculumque·
925 1551 1038 1616 mgens
1053 1538 1175 1602 manet,

181 1619 241 1679 nisi
261 1618 330 1695 paci
344 1624 375 1677 et
391 1617 575 1678 concordiae
590 1617 762 1693 consultas,
784 1633 824 1678 ne
838 1618 934 1679 libera
950 1618 1098 1678 efferatur
1111 1629 1153 1674 res

204 1703 335 1763 ublica“.

183 1720 202 1778 p
265 1786 370 1847 XXlll.
397 1785 471 1848 Post
489 1786 569 1849 hanc
589 1787 756 1848 orationem
772 1787 876 1848 claves
891 1795 1054 1863 portarum
1069 1783 1151 1862 pe'cu
1206 1759 1207 1812 ι

183 1871 313 1947 niaeque
332 1869 435 1946 regiae
454 1871 635 1947 antepedes
651 1885 756 1932 eorum
770 1872 884 1946 posuit
917 1879 1014 1948 atque
1029 1863 1079 1931 illb
1095 1867 1150 1943 qui

181 1956 252 2014 dem
272 1954 322 2015 die
336 1953 454 2016 dimissi
470 1971 509 2016 ex
524 1955 667 2018 contione
683 1953 755 2015 laeti
768 1955 850 2034 circa
864 1957 936 2017 iana
952 1955 1057 2018 omnia
1071 1953 1151 2014 dcun

183 2040 436 2138 supplicaverunt
459 2053 527 2101 cum
554 2038 735 2114 coniugibus
757 2053 794 2098 ac
813 2031 933 2124 liberis,
962 2046 1098 2136 postero·
1109 2034 1151 2093 die

182 2122 303 2186 comitia
317 2129 494 2199 praetorum
508 2123 632 2192 creandi
647 2128 718 2184 sunt
731 2120 842 2184 habita
869 2112 992 2186 cr'eatus
1008 2124 1038 2184 ιιι
1054 2117 1150 2199 primis

181 2207 441 2281 Andranodorus,
465 2206 558 2268 ceteri
577 2221 689 2282 magna
709 2220 747 2265 ex
769 2215 857 2281 parte
876 2207 1090 2269 interfectores
1110 2207 1150 2278 ly-

181 2291 507 2366 rann13duosetiam
529 2291 688 2364 absentes,
715 2289 904 2370 Sopatrum
900 2309 936 2352 ac
958 2283 1149 2374 Dinomenen

182 2375 328 2435 iecerunt
353 2374 405 2450 qui
420 2373 600 2450 auditisne,
621 2389 700 2451 quae
716 2373 881 2452 Syracusis
897 2383 966 2438 acta
982 2381 1083 2447 crant,
1104 2367 1149 2445 ιιι

183 2456 303 2518 cuniam
316 2458 447 2533 regiam,
464 2473 543 2534 quae
556 2459 591 2526 Ιιι
601 2458 757 2528 Leontinis
772 2467 852 2535 erat,
875 2455 1052 2539 Syracusas
1067 2457 1148 2516 dere·

182 2548 260 2600 ctam
277 2541 492 2639 quaestoribus
508 2543 548 2602 ad
561 2541 616 2606 id
609 2535 710 2618 rpsrim
726 2543 836 2604 creatis
850 2542 1051 2606 tradiderunt.
1078 2545 1106 2598 et
1119 2549 1150 2594 ea

183 2640 263 2700 quae
282 2624 312 2684 in
328 2624 431 2685 Insula
451 2633 516 2686 erat
529 2625 734 2690 Achradinam
753 2627 863 2688 uadita
882 2635 946 2696 est3
967 2612 1111 2700 murique
1119 2632 1149 2678 0³

182 2723 271 2784 pars,
294 2722 373 2783 quae
393 2708 432 2768 ab
448 2715 550 2770 cetera
569 2709 646 2778 urhe
659 2711 749 2780 nimis
763 2709 851 2772 finno
866 2713 1055 2789 munimento
1067 2703 1148 2766 inter-
1206 2721 1207 2768 ι

182 2791 492 2867 saepiebatlnsulam‚
509 2809 664 2856 consensu
679 2794 812 2857 omnium
828 2783 1013 2857 deiectaest
1034 2781 1150 2853 secutae
1206 2769 1207 2830 i

182 2882 212 2936 et
226 2882 347 2936 ceterae
357 2891 409 2938 res
420 2876 500 2938 hanc
511 2878 736 2941 rnelrnatronem
747 2878 916 2943 culmorum
928 2873 967 2939 ad
979 2873 1147 2939 ubertatem

264 2960 468 3035 Hippocrates
494 2971 587 3038 atque
605 2963 763 3040 Epicydes
785 2963 887 3024 audita
907 2933 1207 3044 mancipanti,

183 3060 274 3120 quam
286 3045 491 3122 Hippocrates
507 3045 596 3108 etiarn
608 3047 713 3108 nuntio
726 3037 888 3108 interiecto
898 3046 998 3107 celare
1007 3036 1145 3106 'voluerat

182 3128 294 3190 deserti
316 3145 335 3188 a
354 3129 511 3204 militibus,
538 3131 609 3206 quia
627 3132 659 3192 id
678 3131 861 3197 tutissimum
881 3146 920 3191 ex
943 3119 1148 3218 praesentibus
1206 3179 1207 3192 ,

181 3212 358 3287 videbatur,
381 3213 554 3290 Syracusas
574 3215 706 3276 rediere.
738 3215 791 3275 ubi
805 3231 845 3275 ne
859 3214 996 3313 suspecti
1010 3209 1167 3276 obversa

181 3302 286 3355 rentur
305 3302 459 3369 tamquam
480 3297 615 3359 notandi
635 3303 686 3358 res
703 3299 836 3372 aliquam
852 3295 1045 3378 occasionem
1061 3298 1207 3400 qude

182 3383 298 3451 rentes,
320 3386 477 3452 praetores
493 3380 638 3476 primum,
654 3381 725 3441 dein
740 3395 796 3456 per
810 3397 867 3442 eos
882 3373 1020 3443 senatum
1034 3349 1207 3438 accunt
1206 3405 1207 3458 l

181 3459 220 3518 ab
236 3459 405 3522 Hannibale
420 3478 455 3522 se
468 3464 581 3524 missos
597 3464 776 3538 praedicant
789 3465 829 3525 ad
845 3465 1065 3544 Hieronymum
1080 3464 1146 3518 min
