2448 3900
195 206 311 269 LIBER
321 207 413 270 XXX.
432 207 514 268 cltP.
528 217 572 271 40.
584 216 628 270 41.
644 215 681 283 [a.
694 213 728 272 υ,
742 231 766 268 c.
777 219 838 274 551.
850 215 1002 278 acutat
1018 209 1084 274 bob*

94 362 260 428 cornelius
274 359 420 422 Lentulus
433 359 466 420 P.
481 360 588 422 Aelius
601 361 729 434 Paetum
751 364 1080 438 praetermittimus

91 448 238 521 Pennus,
258 443 308 506 oui
329 461 399 506 sors
419 443 537 506 urbana
552 447 667 521 evenit,
681 445 722 506 M.
738 447 879 509 Valerius
893 447 979 509 Falto
992 448 1079 509 Brut-

92 533 174 606 tios,
195 530 235 591 M.
250 529 364 592 Fabius
378 529 476 590 Buteo
493 529 679 605 Sardiniam,
699 529 732 590 P.
747 532 854 594 Aelius
869 533 989 593 Tubero
1006 531 1079 594 Sici·

93 617 169 678 liam
189 621 237 676 est
256 614 392 676 sortitus.
428 613 466 674 dc
480 614 824 689 provinciisteonsulum
843 616 917 676 nihil
931 623 1002 677 ante
1017 617 1080 692 pla·

95 700 188 762 eebat
208 699 258 774 agi
280 698 483 774 quamtogati
497 697 629 776 Philippi
644 699 727 775 regis
742 705 773 760 et
788 699 1079 776 Carthaginiensium

95 783 194 845 auditi
219 789 340 844 essent:
371 782 442 844 belli
467 781 559 844 finem
585 783 724 858 alteriue,
754 785 877 846 alterius
898 783 1080 862 principium

95 866 329 944 prospiciebant
356 866 475 930 animis.
521 867 574 928 Cn.
601 867 747 932 Lentudus
778 871 887 931 consul
914 869 1082 946 cupiditate

95 951 250 1028 flagrabat
271 951 449 1028 provinciae
469 951 607 1027 Alricae,
634 968 692 1014 seu
710 953 824 1014 bellurn
845 954 939 1028 loret,
961 953 1079 1014 facilem

97 1037 261 1098 victoriam
275 1036 351 1112 iore,
372 1051 430 1096 seu
443 1032 504 1096 iam
518 1036 671 1112 finiretur,
692 1037 768 1100 finiti
783 1037 856 1100 tanti
870 1037 943 1098 belli
957 1053 993 1100 se
1008 1052 1080 1098 ecn-

96 1123 167 1183 sule
187 1120 315 1197 gloriam
334 1127 455 1196 petens.
483 1135 598 1196 negare
619 1121 724 1198 itaque
744 1122 831 1198 prius
853 1121 1017 1197 quicquam
1031 1119 1082 1198 agi

97 1222 263 1283 passurum
279 1221 372 1282 quam
385 1204 445 1265 sibi
459 1202 619 1279 provincia
633 1203 740 1266 Airiea
754 1206 878 1267 decreta
893 1213 992 1280 esset,
1008 1221 1079 1266 con·

97 1291 228 1352 cedente
249 1291 384 1366 collega,
404 1289 562 1352 moderato
583 1289 650 1352 viro
672 1298 702 1351 et
722 1290 879 1366 prudenti,
900 1289 952 1365 qui
966 1290 1081 1366 gloriae

97 1375 167 1436 cius
182 1381 334 1438 certarnen
350 1390 419 1435 eum
434 1372 594 1449 Scipione,
615 1377 830 1452 praeterquam
845 1373 931 1450 quod
944 1373 1081 1450 iniquum

98 1465 199 1534 esset,
221 1457 310 1520 etiam
324 1459 422 1535 impar
436 1459 570 1519 luturum
585 1458 738 1519 cernebat.
774 1458 808 1534 Q.
822 1456 974 1520 Minucius
988 1457 1079 1518 Ther-

97 1559 166 1604 mus
181 1549 213 1603 at
226 1541 276 1604 Μ’.
290 1543 408 1604 Acilius
425 1541 547 1604 Glabrio
568 1543 680 1605 tribuni
699 1541 800 1620 plebis
814 1558 880 1618 rem
893 1542 1080 1618 nequiquam

96 1633 275 1704 temptatam
285 1627 323 1688 ab
335 1627 399 1688 Tib.
409 1627 534 1688 claudio
548 1629 676 1688 consule
687 1627 740 1688 Cn.
751 1627 923 1688 cornelium
933 1632 1082 1701 temptare

98 1711 228 1772 aiebant.
262 1727 302 1772 ex
322 1712 502 1773 auctoritate
522 1719 641 1787 patrum
660 1713 754 1773 latum
777 1711 818 1774 ad
835 1713 984 1788 populum
999 1725 1080 1783 esse,

98 1795 186 1856 cuius
206 1795 320 1857 vellent
338 1796 499 1871 imperium
520 1797 550 1856 in
570 1797 677 1857 Africa
697 1811 785 1856 esse=
814 1811 920 1856 omnes
942 1795 1079 1871 quinque

98 1888 128 1940 et
142 1877 266 1954 triginta
279 1880 377 1942 tribus
386 1879 420 1939 P.
435 1879 571 1956 Scipioni
585 1879 618 1940 id
631 1880 792 1956 imperium
802 1879 958 1939 decresse.
979 1878 1081 1938 multis

100 1963 345 2036 contentionibus
366 1963 446 2027 etin
467 1971 576 2026 senatu
596 1970 627 2025 at
646 1963 687 2025 ad
706 1964 855 2040 populum
877 1969 945 2022 acta
958 1977 1010 2028 res
1025 1978 1079 2038 po·

100 2054 212 2110 strenuo
234 2064 271 2110 eo
292 2048 426 2108 deductu
446 2054 507 2122 est,
533 2055 568 2109 ut
587 2047 707 2110 senatui
729 2047 945 2124 permitterent.
977 2053 1082 2122 patres

100 2131 189 2208 igitur
216 2131 362 2194 iurati-
376 2132 418 2192 ita
442 2132 523 2193 enim
552 2138 793 2194 convenerat-
810 2136 1010 2203 censuerunt,
1039 2128 1082 2189 uti

100 2218 245 2278 consules
264 2215 442 2294 provincias
463 2215 542 2278 inter
561 2233 597 2278 se
617 2221 831 2291 compararent
851 2215 1080 2285 sortirenturve.

99 2307 167 2361 uter
179 2299 309 2376 ltaliam,
330 2307 398 2363 uter
419 2301 551 2361 classem
572 2301 694 2362 navitun
710 2298 932 2376 quinquaginta
946 2297 1081 2360 baberet.

102 2383 149 2444 eui
171 2385 280 2446 classis
296 2384 489 2459 obvenisset,
509 2384 540 2444 in
556 2384 690 2446 Siciliam
707 2383 879 2460 navigaret,
894 2383 921 2443 si
934 2398 997 2458 pax
1013 2397 1081 2442 cum

102 2467 401 2544 Carthaginiensibus
428 2469 572 2544 componi
597 2468 773 2544 nequisset,
801 2468 831 2528 in
851 2467 987 2528 Alrioam
1010 2463 1081 2526 trai-

100 2558 200 2623 oeret;
215 2554 325 2614 consul
338 2552 424 2626 muri,
441 2551 547 2628 Scipio
562 2553 674 2614 ecdem
689 2569 751 2628 quo
768 2551 869 2612 adhuc
883 2551 950 2610 iure
963 2547 1082 2624 imperii

99 2643 181 2697 terra
193 2652 259 2698 rem
273 2642 402 2712 gereret.
435 2636 462 2697 si
477 2637 677 2708 condiciones
693 2633 892 2698 convenirent
905 2634 1009 2709 pacis,
1030 2632 1082 2694 tri-

99 2720 173 2781 buni
196 2721 296 2796 plebis
321 2721 469 2798 populum
493 2727 655 2798 rogarent,
683 2727 784 2780 utrum
809 2719 968 2781 consulem
989 2733 1028 2777 an
1049 2714 1082 2775 P.

101 2803 278 2880 Scipionem
290 2805 430 2866 iuberent
443 2821 553 2882 pacem
568 2806 650 2878 dare,
670 2811 701 2866 et
715 2820 814 2880 quem,
830 2803 857 2864 si
871 2799 1082 2880 deportandus

101 2888 255 2950 exercitus
268 2890 366 2950 victor
380 2904 420 2948 ex
433 2888 540 2952 Africa
554 2895 648 2963 esset,
665 2888 838 2966 deportare.
862 2887 888 2948 si
903 2900 1013 2962 pacem
1027 2898 1084 2958 per

100 2972 131 3033 P.
148 2971 327 3048 Scipionem
347 2973 412 3032 dari
432 2981 525 3049 atque
550 2973 589 3034 ab
611 2973 721 3034 eodem
742 2972 908 3034 exereitum
927 2965 1083 3045 deportari

102 3056 274 3136 iussissent,
290 3072 329 3117 ne
344 3059 453 3118 consul
468 3073 507 3117 ex
523 3056 671 3119 Siciliain
685 3057 821 3118 Africam
838 3055 987 3116 traiceret.
1008 3053 1084 3126 alter

102 3142 225 3216 consul,
252 3139 300 3202 cui
321 3139 408 3201 ltalia
429 3142 598 3215 evenisset,
625 3141 702 3200 duas
722 3140 860 3215 legiones
881 3135 954 3197 aM.
977 3133 1082 3195 Sextio

103 3231 242 3300 praetore
257 3225 419 3302 acciperet.
440 3224 514 3284 XLI.
529 3225 561 3286 P.
575 3224 712 3300 Scipioni
728 3239 796 3285 eum
807 3220 991 3282 exercitibus
1003 3233 1082 3294 quos

103 3305 228 3370 haberet
240 3309 272 3368 in
286 3308 447 3384 provincia
460 3309 566 3368 Africa
578 3314 777 3384 prorogatum
792 3304 963 3382 imperinm
994 3317 1082 3380 prae·

103 3392 159 3454 tori
172 3392 213 3452 Μ.
230 3393 356 3454 Valerio
370 3391 489 3454 Faltoni
509 3393 590 3454 duae
610 3391 748 3468 legiones
762 3391 792 3451 in
806 3389 948 3465 Bruttiis,
972 3387 1083 3464 quibus

104 3475 132 3535 C.
154 3473 260 3537 Livius
283 3476 387 3550 priore
412 3491 492 3538 anno
517 3476 706 3552 praefuerat,
733 3474 885 3535 decretae.
917 3473 951 3538 P.
975 3471 1083 3532 tetius
