<?xml version="1.0" encoding="UTF-8"?>
<!DOCTYPE html PUBLIC "-//W3C//DTD XHTML 1.0 Transitional//EN"
    "http://www.w3.org/TR/xhtml1/DTD/xhtml1-transitional.dtd">
<html xmlns="http://www.w3.org/1999/xhtml" xml:lang="en" lang="en">
 <head>
  <title>
</title>
<meta http-equiv="Content-Type" content="text/html;charset=utf-8" />
  <meta name='ocr-system' content='tesseract 3.04.00' />
  <meta name='ocr-capabilities' content='ocr_page ocr_carea ocr_par ocr_line ocrx_word'/>
</head>
<body>
  <div class='ocr_page' id='page_1' title='image "./titiliviaburbec09livygoog_0266.png"; bbox 0 0 2434 3902; ppageno 0'>
   <div class='ocr_carea' id='block_1_1' title="bbox 215 217 1037 294">
    <p class='ocr_par' dir='ltr' id='par_1_1' title="bbox 215 217 1037 294">
     <span class='ocr_line' id='line_1_1' title="bbox 215 217 1037 294; baseline 0.007 -16"><span class='ocrx_word' id='word_1_1' title='bbox 215 219 331 280; x_wconf 82' lang='lat' dir='ltr'>LIBER</span> <span class='ocrx_word' id='word_1_2' title='bbox 345 218 479 278; x_wconf 81' lang='lat' dir='ltr'><strong>XXVIII.</strong></span> <span class='ocrx_word' id='word_1_3' title='bbox 502 217 584 278; x_wconf 82' lang='lat' dir='ltr'>CAP.</span> <span class='ocrx_word' id='word_1_4' title='bbox 600 226 643 282; x_wconf 79' lang='lat'>1⁷.</span> <span class='ocrx_word' id='word_1_5' title='bbox 659 227 703 282; x_wconf 85' lang='grc'>18.</span> <span class='ocrx_word' id='word_1_6' title='bbox 727 227 763 294; x_wconf 86' lang='lat' dir='ltr'>[a.</span> <span class='ocrx_word' id='word_1_7' title='bbox 779 227 810 278; x_wconf 82' lang='lat' dir='ltr'>C.</span> <span class='ocrx_word' id='word_1_8' title='bbox 826 227 889 294; x_wconf 81' lang='lat'><strong>206]</strong></span> <span class='ocrx_word' id='word_1_9' title='bbox 976 220 1037 284; x_wconf 77' lang='lat'>241</span> 
     </span>
    </p>
   </div>
   <div class='ocr_carea' id='block_1_2' title="bbox 52 369 1037 453">
    <p class='ocr_par' dir='ltr' id='par_1_2' title="bbox 52 369 1037 453">
     <span class='ocr_line' id='line_1_2' title="bbox 52 369 1037 453; baseline 0.002 -19"><span class='ocrx_word' id='word_1_10' title='bbox 52 373 176 434; x_wconf 88' lang='lat' dir='ltr'>duabus</span> <span class='ocrx_word' id='word_1_11' title='bbox 190 371 459 446; x_wconf 80' lang='lat' dir='ltr'>quinqueremibus</span> <span class='ocrx_word' id='word_1_12' title='bbox 471 369 509 430; x_wconf 89' lang='lat' dir='ltr'>ab</span> <span class='ocrx_word' id='word_1_13' title='bbox 518 371 698 453; x_wconf 73' lang='lat' dir='ltr'>Carthagine</span> <span class='ocrx_word' id='word_1_14' title='bbox 707 375 864 448; x_wconf 89' lang='lat' dir='ltr'>proiectus</span> <span class='ocrx_word' id='word_1_15' title='bbox 876 375 1037 452; x_wconf 84' lang='lat' dir='ltr'>tranquillo</span> 
     </span>
    </p>
   </div>
   <div class='ocr_carea' id='block_1_3' title="bbox 45 455 1056 3227">
    <p class='ocr_par' dir='ltr' id='par_1_3' title="bbox 45 455 1056 3227">
     <span class='ocr_line' id='line_1_3' title="bbox 49 455 1056 534; baseline 0.003 -18"><span class='ocrx_word' id='word_1_16' title='bbox 49 457 132 517; x_wconf 88' lang='lat' dir='ltr'>mari</span> <span class='ocrx_word' id='word_1_17' title='bbox 146 455 307 534; x_wconf 83' lang='lat' dir='ltr'>plurimum</span> <span class='ocrx_word' id='word_1_18' title='bbox 321 457 423 531; x_wconf 91' lang='lat' dir='ltr'>remis,</span> <span class='ocrx_word' id='word_1_19' title='bbox 438 455 590 515; x_wconf 91' lang='lat' dir='ltr'>interdum</span> <span class='ocrx_word' id='word_1_20' title='bbox 604 461 634 516; x_wconf 91' lang='lat' dir='ltr'>et</span> <span class='ocrx_word' id='word_1_21' title='bbox 644 456 704 516; x_wconf 88' lang='lat' dir='ltr'>leni</span> <span class='ocrx_word' id='word_1_22' title='bbox 720 457 885 519; x_wconf 86' lang='lat' dir='ltr'>adluvante</span> <span class='ocrx_word' id='word_1_23' title='bbox 899 466 991 520; x_wconf 91' lang='lat' dir='ltr'>vento</span> <span class='ocrx_word' id='word_1_24' title='bbox 1007 461 1056 519; x_wconf 87' lang='lat' dir='ltr'>in·</span> 
     </span>
     <span class='ocr_line' id='line_1_4' title="bbox 48 538 1039 620; baseline 0.004 -20"><span class='ocrx_word' id='word_1_25' title='bbox 48 541 190 600; x_wconf 77' lang='lat' dir='ltr'>Africam</span> <span class='ocrx_word' id='word_1_26' title='bbox 214 539 340 599; x_wconf 88' lang='lat' dir='ltr'>traiecit.</span> <span class='ocrx_word' id='word_1_27' title='bbox 384 540 464 599; x_wconf 73' lang='lat' dir='ltr'>lorte&#39;</span> <span class='ocrx_word' id='word_1_28' title='bbox 486 538 527 598; x_wconf 88' lang='lat' dir='ltr'>ita</span> <span class='ocrx_word' id='word_1_29' title='bbox 551 539 671 616; x_wconf 87' lang='lat' dir='ltr'>incidit,</span> <span class='ocrx_word' id='word_1_30' title='bbox 699 547 732 601; x_wconf 90' lang='lat' dir='ltr'>ut</span> <span class='ocrx_word' id='word_1_31' title='bbox 750 539 790 620; x_wconf 78' lang='lat' dir='ltr'>&#39;co</span> <span class='ocrx_word' id='word_1_32' title='bbox 810 543 879 620; x_wconf 91' lang='lat' dir='ltr'>ipso</span> <span class='ocrx_word' id='word_1_33' title='bbox 899 549 1039 620; x_wconf 89' lang='lat' dir='ltr'>tempore</span> 
     </span>
     <span class='ocr_line' id='line_1_5' title="bbox 47 623 1037 706; baseline 0.006 -23"><span class='ocrx_word' id='word_1_34' title='bbox 47 623 230 685; x_wconf 80' lang='lat' dir='ltr'>Hasdrubal</span> <span class='ocrx_word' id='word_1_35' title='bbox 244 624 354 699; x_wconf 92' lang='lat' dir='ltr'>pulsus</span> <span class='ocrx_word' id='word_1_36' title='bbox 361 623 518 699; x_wconf 88' lang='lat' dir='ltr'>Hispania,</span> <span class='ocrx_word' id='word_1_37' title='bbox 535 631 654 699; x_wconf 80' lang='lat' dir='ltr'><strong>septem</strong></span> <span class='ocrx_word' id='word_1_38' title='bbox 668 623 840 687; x_wconf 82' lang='lat' dir='ltr'>triremibus</span> <span class='ocrx_word' id='word_1_39' title='bbox 855 634 977 706; x_wconf 86' lang='lat' dir='ltr'>portum</span> <span class='ocrx_word' id='word_1_40' title='bbox 992 628 1037 688; x_wconf 90' lang='lat' dir='ltr'>iu·</span> 
     </span>
     <span class='ocr_line' id='line_1_6' title="bbox 47 706 1038 784; baseline 0.005 -17"><span class='ocrx_word' id='word_1_41' title='bbox 47 716 172 784; x_wconf 88' lang='lat' dir='ltr'>vectus,</span> <span class='ocrx_word' id='word_1_42' title='bbox 192 707 313 768; x_wconf 87' lang='lat' dir='ltr'>ancoris</span> <span class='ocrx_word' id='word_1_43' title='bbox 329 706 438 783; x_wconf 92' lang='lat' dir='ltr'>positis</span> <span class='ocrx_word' id='word_1_44' title='bbox 452 714 552 767; x_wconf 88' lang='lat' dir='ltr'>terrae</span> <span class='ocrx_word' id='word_1_45' title='bbox 567 708 735 782; x_wconf 81' lang='lat' dir='ltr'>applicaret</span> <span class='ocrx_word' id='word_1_46' title='bbox 750 725 860 784; x_wconf 84' lang='lat' dir='ltr'>naves,</span> <span class='ocrx_word' id='word_1_47' title='bbox 881 726 949 771; x_wconf 89' lang='lat' dir='ltr'>eum</span> <span class='ocrx_word' id='word_1_48' title='bbox 965 727 1038 772; x_wconf 92' lang='lat' dir='ltr'>con·</span> 
     </span>
     <span class='ocr_line' id='line_1_7' title="bbox 48 788 1036 872; baseline 0.003 -19"><span class='ocrx_word' id='word_1_49' title='bbox 48 800 182 869; x_wconf 86' lang='lat' dir='ltr'>spectac</span> <span class='ocrx_word' id='word_1_50' title='bbox 203 792 283 854; x_wconf 89' lang='lat' dir='ltr'>duae</span> <span class='ocrx_word' id='word_1_51' title='bbox 301 793 553 868; x_wconf 81' lang='lat' dir='ltr'>qulnqueremes,</span> <span class='ocrx_word' id='word_1_52' title='bbox 574 791 658 852; x_wconf 89' lang='lat' dir='ltr'>haud</span> <span class='ocrx_word' id='word_1_53' title='bbox 675 788 817 867; x_wconf 89' lang='lat' dir='ltr'>cuiquam</span> <span class='ocrx_word' id='word_1_54' title='bbox 833 794 941 870; x_wconf 89' lang='lat' dir='ltr'>dubio,</span> <span class='ocrx_word' id='word_1_55' title='bbox 965 795 1036 872; x_wconf 90' lang='lat' dir='ltr'>quin</span> 
     </span>
     <span class='ocr_line' id='line_1_8' title="bbox 46 875 1037 954; baseline 0.003 -16"><span class='ocrx_word' id='word_1_56' title='bbox 46 877 189 938; x_wconf 92' lang='lat' dir='ltr'>hostium</span> <span class='ocrx_word' id='word_1_57' title='bbox 204 883 316 953; x_wconf 88' lang='lat' dir='ltr'>essent,</span> <span class='ocrx_word' id='word_1_58' title='bbox 333 877 525 954; x_wconf 87' lang='lat' dir='ltr'>opprimique</span> <span class='ocrx_word' id='word_1_59' title='bbox 539 892 558 935; x_wconf 91' lang='lat' dir='ltr'>a</span> <span class='ocrx_word' id='word_1_60' title='bbox 570 875 709 952; x_wconf 89' lang='lat' dir='ltr'>pluribus</span> <span class='ocrx_word' id='word_1_61' title='bbox 722 876 903 954; x_wconf 86' lang='lat' dir='ltr'>priusquam</span> <span class='ocrx_word' id='word_1_62' title='bbox 915 888 1037 954; x_wconf 89' lang='lat' dir='ltr'>portum</span> 
     </span>
     <span class='ocr_line' id='line_1_9' title="bbox 46 957 1036 1038; baseline 0.005 -18"><span class='ocrx_word' id='word_1_63' title='bbox 46 961 200 1022; x_wconf 89' lang='lat' dir='ltr'>intrarent</span> <span class='ocrx_word' id='word_1_64' title='bbox 214 968 358 1038; x_wconf 90' lang='lat' dir='ltr'>possent,</span> <span class='ocrx_word' id='word_1_65' title='bbox 380 960 454 1020; x_wconf 89' lang='lat' dir='ltr'>nihil</span> <span class='ocrx_word' id='word_1_66' title='bbox 474 957 557 1020; x_wconf 88' lang='lat' dir='ltr'>aliud</span> <span class='ocrx_word' id='word_1_67' title='bbox 573 976 663 1035; x_wconf 90' lang='lat' dir='ltr'>quam</span> <span class='ocrx_word' id='word_1_68' title='bbox 678 961 836 1021; x_wconf 89' lang='lat' dir='ltr'>tumultum</span> <span class='ocrx_word' id='word_1_69' title='bbox 852 977 889 1036; x_wconf 82' lang='lat' dir='ltr'>ac</span> <span class='ocrx_word' id='word_1_70' title='bbox 903 965 1036 1038; x_wconf 88' lang='lat' dir='ltr'>trepida-</span> 
     </span>
     <span class='ocr_line' id='line_1_10' title="bbox 45 1044 1038 1132; baseline 0.003 -27"><span class='ocrx_word' id='word_1_71' title='bbox 45 1045 167 1106; x_wconf 90' lang='lat' dir='ltr'>tionem</span> <span class='ocrx_word' id='word_1_72' title='bbox 182 1045 271 1106; x_wconf 92' lang='lat' dir='ltr'>simul</span> <span class='ocrx_word' id='word_1_73' title='bbox 286 1045 411 1105; x_wconf 91' lang='lat' dir='ltr'>militum</span> <span class='ocrx_word' id='word_1_74' title='bbox 425 1059 462 1104; x_wconf 88' lang='lat' dir='ltr'>ae</span> <span class='ocrx_word' id='word_1_75' title='bbox 475 1050 634 1104; x_wconf 83' lang='lat' dir='ltr'>nautarum</span> <span class='ocrx_word' id='word_1_76' title='bbox 645 1044 832 1120; x_wconf 83' lang='lat' dir='ltr'>nequiquam</span> <span class='ocrx_word' id='word_1_77' title='bbox 846 1061 992 1132; x_wconf 80' lang='lat' dir='ltr'>armaque</span> <span class='ocrx_word' id='word_1_78' title='bbox 1008 1055 1038 1108; x_wconf 91' lang='lat' dir='ltr'>et</span> 
     </span>
     <span class='ocr_line' id='line_1_11' title="bbox 46 1121 1037 1226; baseline 0.002 -37"><span class='ocrx_word' id='word_1_79' title='bbox 46 1145 150 1190; x_wconf 89' lang='lat' dir='ltr'>naves</span> <span class='ocrx_word' id='word_1_80' title='bbox 166 1129 393 1226; x_wconf 80' lang='lat' dir='ltr'>expedientium</span> <span class='ocrx_word' id='word_1_81' title='bbox 408 1131 554 1189; x_wconf 88' lang='lat' dir='ltr'>lecerunt.</span> <span class='ocrx_word' id='word_1_82' title='bbox 577 1142 727 1226; x_wconf 81' lang='lat' dir='ltr'>percussa</span> <span class='ocrx_word' id='word_1_83' title='bbox 742 1129 821 1190; x_wconf 90' lang='lat' dir='ltr'>enim</span> <span class='ocrx_word' id='word_1_84' title='bbox 837 1121 952 1190; x_wconf 83' lang='lat' dir='ltr'>exalto</span> <span class='ocrx_word' id='word_1_85' title='bbox 968 1132 1037 1192; x_wconf 91' lang='lat' dir='ltr'>vela</span> 
     </span>
     <span class='ocr_line' id='line_1_12' title="bbox 47 1211 1035 1290; baseline 0.002 -18"><span class='ocrx_word' id='word_1_86' title='bbox 47 1214 147 1289; x_wconf 90' lang='lat' dir='ltr'>paulo</span> <span class='ocrx_word' id='word_1_87' title='bbox 163 1213 272 1274; x_wconf 89' lang='lat' dir='ltr'>acriori</span> <span class='ocrx_word' id='word_1_88' title='bbox 286 1220 377 1274; x_wconf 92' lang='lat' dir='ltr'>vento</span> <span class='ocrx_word' id='word_1_89' title='bbox 392 1213 478 1290; x_wconf 89' lang='lat' dir='ltr'>prius</span> <span class='ocrx_word' id='word_1_90' title='bbox 493 1213 524 1273; x_wconf 92' lang='lat' dir='ltr'>in</span> <span class='ocrx_word' id='word_1_91' title='bbox 539 1211 683 1289; x_wconf 90' lang='lat' dir='ltr'>portum</span> <span class='ocrx_word' id='word_1_92' title='bbox 676 1215 838 1274; x_wconf 81' lang='lat' dir='ltr'>intulerunt</span> <span class='ocrx_word' id='word_1_93' title='bbox 852 1214 1035 1290; x_wconf 86' lang='lat' dir='ltr'>quinquere-</span> 
     </span>
     <span class='ocr_line' id='line_1_13' title="bbox 47 1297 1035 1374; baseline 0.005 -18"><span class='ocrx_word' id='word_1_94' title='bbox 47 1314 129 1371; x_wconf 92' lang='lat' dir='ltr'>mes,</span> <span class='ocrx_word' id='word_1_95' title='bbox 146 1314 237 1374; x_wconf 91' lang='lat' dir='ltr'>quam</span> <span class='ocrx_word' id='word_1_96' title='bbox 251 1297 344 1357; x_wconf 84' lang='lat' dir='ltr'>Poeni</span> <span class='ocrx_word' id='word_1_97' title='bbox 360 1313 490 1359; x_wconf 81' lang='lat' dir='ltr'>ancoras</span> <span class='ocrx_word' id='word_1_98' title='bbox 505 1298 696 1368; x_wconf 90' lang='lat' dir='ltr'>molirentur;</span> <span class='ocrx_word' id='word_1_99' title='bbox 713 1313 770 1357; x_wconf 91' lang='lat' dir='ltr'>nec</span> <span class='ocrx_word' id='word_1_100' title='bbox 785 1299 864 1359; x_wconf 89' lang='lat' dir='ltr'>ultra</span> <span class='ocrx_word' id='word_1_101' title='bbox 877 1302 1035 1374; x_wconf 83' lang='lat' dir='ltr'>tumultum</span> 
     </span>
     <span class='ocr_line' id='line_1_14' title="bbox 50 1379 1036 1459; baseline 0.002 -17"><span class='ocrx_word' id='word_1_102' title='bbox 50 1383 136 1442; x_wconf 89' lang='lat' dir='ltr'>ciere</span> <span class='ocrx_word' id='word_1_103' title='bbox 149 1383 311 1458; x_wconf 92' lang='lat' dir='ltr'>quisquam</span> <span class='ocrx_word' id='word_1_104' title='bbox 324 1382 355 1441; x_wconf 91' lang='lat' dir='ltr'>in</span> <span class='ocrx_word' id='word_1_105' title='bbox 366 1382 450 1458; x_wconf 87' lang='lat' dir='ltr'>regio</span> <span class='ocrx_word' id='word_1_106' title='bbox 466 1388 556 1458; x_wconf 85' lang='lat' dir='ltr'>portu</span> <span class='ocrx_word' id='word_1_107' title='bbox 570 1379 711 1443; x_wconf 82' lang='lat' dir='ltr'>audebat.</span> <span class='ocrx_word' id='word_1_108' title='bbox 733 1381 775 1442; x_wconf 91' lang='lat' dir='ltr'>ita</span> <span class='ocrx_word' id='word_1_109' title='bbox 786 1381 817 1442; x_wconf 92' lang='lat' dir='ltr'>in</span> <span class='ocrx_word' id='word_1_110' title='bbox 829 1389 939 1442; x_wconf 90' lang='lat' dir='ltr'>terram</span> <span class='ocrx_word' id='word_1_111' title='bbox 951 1385 1036 1459; x_wconf 90' lang='lat' dir='ltr'>prior</span> 
     </span>
     <span class='ocr_line' id='line_1_15' title="bbox 48 1463 1034 1546; baseline 0 -20"><span class='ocrx_word' id='word_1_112' title='bbox 48 1465 243 1543; x_wconf 86' lang='lat' dir='ltr'>Hasdrubal,</span> <span class='ocrx_word' id='word_1_113' title='bbox 265 1482 337 1527; x_wconf 89' lang='lat' dir='ltr'>mox</span> <span class='ocrx_word' id='word_1_114' title='bbox 352 1464 456 1542; x_wconf 81' lang='lat' dir='ltr'>Scipio</span> <span class='ocrx_word' id='word_1_115' title='bbox 471 1473 502 1526; x_wconf 90' lang='lat' dir='ltr'>et</span> <span class='ocrx_word' id='word_1_116' title='bbox 515 1465 636 1526; x_wconf 87' lang='lat' dir='ltr'>Laelius</span> <span class='ocrx_word' id='word_1_117' title='bbox 658 1465 777 1542; x_wconf 84' lang='lat' dir='ltr'>egressi</span> <span class='ocrx_word' id='word_1_118' title='bbox 781 1463 832 1526; x_wconf 89' lang='lat' dir='ltr'>ad</span> <span class='ocrx_word' id='word_1_119' title='bbox 846 1482 950 1542; x_wconf 89' lang='lat' dir='ltr'>regem</span> <span class='ocrx_word' id='word_1_120' title='bbox 966 1484 1034 1546; x_wconf 89' lang='lat' dir='ltr'>per-</span> 
     </span>
     <span class='ocr_line' id='line_1_16' title="bbox 50 1513 1034 1632; baseline 0.003 -23"><span class='ocrx_word' id='word_1_121' title='bbox 50 1558 137 1626; x_wconf 91' lang='lat' dir='ltr'>gunt</span> <span class='ocrx_word' id='word_1_122' title='bbox 181 1513 286 1610; x_wconf 81' lang='lat' dir='ltr'><strong>XVIII.</strong></span> <span class='ocrx_word' id='word_1_123' title='bbox 309 1551 564 1632; x_wconf 85' lang='lat' dir='ltr'>magnificumque</span> <span class='ocrx_word' id='word_1_124' title='bbox 578 1551 609 1611; x_wconf 87' lang='grc' dir='ltr'>ιιι</span> <span class='ocrx_word' id='word_1_125' title='bbox 622 1548 816 1628; x_wconf 81' lang='lat' dir='ltr'>Syphaci</span> <span class='ocrx_word' id='word_1_126' title='bbox 830 1566 887 1611; x_wconf 87' lang='lat' dir='ltr'>nee</span> <span class='ocrx_word' id='word_1_127' title='bbox 902 1558 967 1612; x_wconf 88' lang='lat' dir='ltr'>erat</span> <span class='ocrx_word' id='word_1_128' title='bbox 982 1552 1034 1612; x_wconf 90' lang='lat' dir='ltr'>ali-</span> 
     </span>
     <span class='ocr_line' id='line_1_17' title="bbox 50 1631 1034 1725; baseline 0.004 -31"><span class='ocrx_word' id='word_1_129' title='bbox 50 1643 161 1694; x_wconf 83' lang='lat' dir='ltr'>ter—</span> <span class='ocrx_word' id='word_1_130' title='bbox 181 1635 296 1710; x_wconf 82' lang='lat' dir='ltr'>visum,</span> <span class='ocrx_word' id='word_1_131' title='bbox 325 1634 453 1696; x_wconf 89' lang='lat' dir='ltr'>duorum</span> <span class='ocrx_word' id='word_1_132' title='bbox 476 1631 775 1710; x_wconf 87' lang='lat' dir='ltr'>opulentissimorum</span> <span class='ocrx_word' id='word_1_133' title='bbox 797 1651 834 1696; x_wconf 91' lang='lat' dir='ltr'>ca</span> <span class='ocrx_word' id='word_1_134' title='bbox 854 1642 1034 1725; x_wconf 84' lang='lat' dir='ltr'>tempestate</span> 
     </span>
     <span class='ocr_line' id='line_1_18' title="bbox 57 1709 1033 1798; baseline 0.005 -21"><span class='ocrx_word' id='word_1_135' title='bbox 57 1719 152 1778; x_wconf 90' lang='lat' dir='ltr'>duces</span> <span class='ocrx_word' id='word_1_136' title='bbox 169 1714 364 1798; x_wconf 86' lang='lat' dir='ltr'>populorum</span> <span class='ocrx_word' id='word_1_137' title='bbox 369 1709 430 1779; x_wconf 85' lang='lat' dir='ltr'>uno</span> <span class='ocrx_word' id='word_1_138' title='bbox 447 1719 496 1780; x_wconf 91' lang='lat' dir='ltr'>die</span> <span class='ocrx_word' id='word_1_139' title='bbox 511 1735 598 1779; x_wconf 89' lang='lat' dir='ltr'>suam</span> <span class='ocrx_word' id='word_1_140' title='bbox 611 1735 720 1798; x_wconf 88' lang='lat' dir='ltr'>pacem</span> <span class='ocrx_word' id='word_1_141' title='bbox 741 1714 966 1796; x_wconf 86' lang='lat' dir='ltr'>amicitiamque</span> <span class='ocrx_word' id='word_1_142' title='bbox 980 1737 1033 1798; x_wconf 86' lang='lat' dir='ltr'>pe·</span> 
     </span>
     <span class='ocr_line' id='line_1_19' title="bbox 53 1789 1027 1887; baseline 0.006 -26"><span class='ocrx_word' id='word_1_143' title='bbox 53 1809 151 1862; x_wconf 90' lang='lat' dir='ltr'>tentes</span> <span class='ocrx_word' id='word_1_144' title='bbox 172 1803 306 1865; x_wconf 86' lang='lat' dir='ltr'>venisse</span> <span class='ocrx_word' id='word_1_145' title='bbox 343 1789 510 1877; x_wconf 82' lang='lat' dir='ltr'>utrumque</span> <span class='ocrx_word' id='word_1_146' title='bbox 525 1803 554 1861; x_wconf 93' lang='lat' dir='ltr'>in</span> <span class='ocrx_word' id='word_1_147' title='bbox 578 1803 744 1878; x_wconf 91' lang='lat' dir='ltr'>hospitium</span> <span class='ocrx_word' id='word_1_148' title='bbox 762 1799 884 1874; x_wconf 88' lang='lat' dir='ltr'>invitat;</span> <span class='ocrx_word' id='word_1_149' title='bbox 907 1812 937 1865; x_wconf 92' lang='lat' dir='ltr'>et</span> <span class='ocrx_word' id='word_1_150' title='bbox 958 1822 1027 1887; x_wconf 84' lang='lat' dir='ltr'>quo·</span> 
     </span>
     <span class='ocr_line' id='line_1_20' title="bbox 52 1885 1031 1964; baseline 0.003 -18"><span class='ocrx_word' id='word_1_151' title='bbox 52 1887 134 1946; x_wconf 88' lang='lat' dir='ltr'>niam</span> <span class='ocrx_word' id='word_1_152' title='bbox 146 1887 211 1947; x_wconf 88' lang='lat' dir='ltr'>iors</span> <span class='ocrx_word' id='word_1_153' title='bbox 222 1901 277 1948; x_wconf 89' lang='lat' dir='ltr'>eos</span> <span class='ocrx_word' id='word_1_154' title='bbox 290 1886 352 1948; x_wconf 93' lang='lat' dir='ltr'>sub</span> <span class='ocrx_word' id='word_1_155' title='bbox 360 1902 421 1947; x_wconf 92' lang='lat' dir='ltr'>uno</span> <span class='ocrx_word' id='word_1_156' title='bbox 433 1890 511 1947; x_wconf 87' lang='lat' dir='ltr'>tecto</span> <span class='ocrx_word' id='word_1_157' title='bbox 525 1903 597 1947; x_wconf 91' lang='lat' dir='ltr'>esse</span> <span class='ocrx_word' id='word_1_158' title='bbox 608 1893 701 1962; x_wconf 88' lang='lat' dir='ltr'>atque</span> <span class='ocrx_word' id='word_1_159' title='bbox 712 1885 753 1947; x_wconf 89' lang='lat' dir='ltr'>ad</span> <span class='ocrx_word' id='word_1_160' title='bbox 766 1885 894 1949; x_wconf 87' lang='lat' dir='ltr'>cosdem</span> <span class='ocrx_word' id='word_1_161' title='bbox 906 1898 1031 1964; x_wconf 86' lang='lat' dir='ltr'>penates</span> 
     </span>
     <span class='ocr_line' id='line_1_21' title="bbox 51 1969 1031 2054; baseline 0.003 -24"><span class='ocrx_word' id='word_1_162' title='bbox 51 1971 211 2048; x_wconf 89' lang='lat' dir='ltr'>voluisset,</span> <span class='ocrx_word' id='word_1_163' title='bbox 228 1971 407 2054; x_wconf 86' lang='lat' dir='ltr'>contrahere</span> <span class='ocrx_word' id='word_1_164' title='bbox 423 1969 462 2030; x_wconf 91' lang='lat' dir='ltr'>ad</span> <span class='ocrx_word' id='word_1_165' title='bbox 478 1970 663 2046; x_wconf 89' lang='lat' dir='ltr'>colloquium</span> <span class='ocrx_word' id='word_1_166' title='bbox 678 1971 915 2032; x_wconf 87' lang='lat' dir='ltr'>dirimendarum</span> <span class='ocrx_word' id='word_1_167' title='bbox 931 1973 1031 2033; x_wconf 91' lang='lat' dir='ltr'>simul·</span> 
     </span>
     <span class='ocr_line' id='line_1_22' title="bbox 50 2052 1032 2132; baseline 0.003 -16"><span class='ocrx_word' id='word_1_168' title='bbox 50 2056 157 2116; x_wconf 87' lang='lat' dir='ltr'>tatium</span> <span class='ocrx_word' id='word_1_169' title='bbox 172 2055 328 2116; x_wconf 78' lang='lat' dir='ltr'>causaest</span> <span class='ocrx_word' id='word_1_170' title='bbox 343 2062 478 2128; x_wconf 87' lang='lat' dir='ltr'>conatus,</span> <span class='ocrx_word' id='word_1_171' title='bbox 500 2054 645 2130; x_wconf 88' lang='lat' dir='ltr'>Scipione</span> <span class='ocrx_word' id='word_1_172' title='bbox 660 2052 811 2116; x_wconf 81' lang='lat' dir='ltr'>abnuc&#39;ntc</span> <span class='ocrx_word' id='word_1_173' title='bbox 828 2064 880 2116; x_wconf 89' lang='lat' dir='ltr'>aut</span> <span class='ocrx_word' id='word_1_174' title='bbox 893 2053 1032 2132; x_wconf 89' lang='lat' dir='ltr'>privatim</span> 
     </span>
     <span class='ocr_line' id='line_1_23' title="bbox 51 2133 1032 2215; baseline 0 -15"><span class='ocrx_word' id='word_1_175' title='bbox 51 2139 112 2200; x_wconf 88' lang='lat' dir='ltr'>sibi</span> <span class='ocrx_word' id='word_1_176' title='bbox 126 2139 222 2200; x_wconf 91' lang='lat' dir='ltr'>ulium</span> <span class='ocrx_word' id='word_1_177' title='bbox 234 2133 412 2200; x_wconf 84' lang='lat' dir='ltr'>cumPoeno</span> <span class='ocrx_word' id='word_1_178' title='bbox 427 2138 532 2201; x_wconf 87' lang='lat' dir='ltr'>odium</span> <span class='ocrx_word' id='word_1_179' title='bbox 548 2154 627 2214; x_wconf 91' lang='lat' dir='ltr'>esse,</span> <span class='ocrx_word' id='word_1_180' title='bbox 645 2138 728 2215; x_wconf 90' lang='lat' dir='ltr'>quod</span> <span class='ocrx_word' id='word_1_181' title='bbox 744 2138 950 2214; x_wconf 90' lang='lat' dir='ltr'>colloquendo</span> <span class='ocrx_word' id='word_1_182' title='bbox 966 2141 1032 2201; x_wconf 88' lang='lat' dir='ltr'>fini-</span> 
     </span>
     <span class='ocr_line' id='line_1_24' title="bbox 49 2217 1025 2306; baseline 0 -22"><span class='ocrx_word' id='word_1_183' title='bbox 49 2232 111 2300; x_wconf 93' lang='lat' dir='ltr'>ret,</span> <span class='ocrx_word' id='word_1_184' title='bbox 132 2229 184 2284; x_wconf 87' lang='lat' dir='ltr'>aut</span> <span class='ocrx_word' id='word_1_185' title='bbox 204 2217 243 2284; x_wconf 81' lang='lat' dir='ltr'>de</span> <span class='ocrx_word' id='word_1_186' title='bbox 264 2221 434 2303; x_wconf 83' lang='lat' dir='ltr'>republica</span> <span class='ocrx_word' id='word_1_187' title='bbox 455 2223 619 2299; x_wconf 88' lang='lat' dir='ltr'>quiequam</span> <span class='ocrx_word' id='word_1_188' title='bbox 634 2238 668 2282; x_wconf 92' lang='lat' dir='ltr'>se</span> <span class='ocrx_word' id='word_1_189' title='bbox 683 2238 752 2287; x_wconf 86' lang='lat' dir='ltr'>curu</span> <span class='ocrx_word' id='word_1_190' title='bbox 765 2223 856 2283; x_wconf 92' lang='lat' dir='ltr'>hoste</span> <span class='ocrx_word' id='word_1_191' title='bbox 877 2239 987 2306; x_wconf 87' lang='lat' dir='ltr'>agere</span> <span class='ocrx_word' id='word_1_192' title='bbox 989 2223 1025 2284; x_wconf 90' lang='lat' dir='ltr'>in</span> 
     </span>
     <span class='ocr_line' id='line_1_25' title="bbox 49 2291 1034 2406; baseline 0 -38"><span class='ocrx_word' id='word_1_193' title='bbox 49 2309 138 2368; x_wconf 90' lang='lat' dir='ltr'>iussu</span> <span class='ocrx_word' id='word_1_194' title='bbox 153 2291 290 2368; x_wconf 81' lang='lat' dir='ltr'>senatus</span> <span class='ocrx_word' id='word_1_195' title='bbox 292 2321 397 2386; x_wconf 90' lang='lat' dir='ltr'>posse.</span> <span class='ocrx_word' id='word_1_196' title='bbox 416 2308 491 2368; x_wconf 89' lang='lat' dir='ltr'>illud</span> <span class='ocrx_word' id='word_1_197' title='bbox 505 2321 616 2404; x_wconf 82' lang='lat' dir='ltr'>magno</span> <span class='ocrx_word' id='word_1_198' title='bbox 632 2322 727 2383; x_wconf 90' lang='lat' dir='ltr'>opere</span> <span class='ocrx_word' id='word_1_199' title='bbox 741 2307 884 2368; x_wconf 86' lang='lat' dir='ltr'>tendente</span> <span class='ocrx_word' id='word_1_200' title='bbox 898 2324 979 2406; x_wconf 79' lang='lat' dir='ltr'>rege,</span> <span class='ocrx_word' id='word_1_201' title='bbox 995 2324 1034 2368; x_wconf 92' lang='lat' dir='ltr'>ne</span> 
     </span>
     <span class='ocr_line' id='line_1_26' title="bbox 47 2387 1032 2468; baseline -0.003 -14"><span class='ocrx_word' id='word_1_202' title='bbox 47 2395 128 2454; x_wconf 87' lang='lat' dir='ltr'>alter</span> <span class='ocrx_word' id='word_1_203' title='bbox 148 2393 302 2468; x_wconf 88' lang='lat' dir='ltr'>hospitum</span> <span class='ocrx_word' id='word_1_204' title='bbox 317 2387 464 2452; x_wconf 84' lang='lat' dir='ltr'>exclusus</span> <span class='ocrx_word' id='word_1_205' title='bbox 476 2393 585 2454; x_wconf 81' lang='lat' dir='ltr'>me&#39;n‘so</span> <span class='ocrx_word' id='word_1_206' title='bbox 583 2389 773 2467; x_wconf 85' lang='lat' dir='ltr'>videretur,</span> <span class='ocrx_word' id='word_1_207' title='bbox 795 2399 829 2452; x_wconf 91' lang='lat' dir='ltr'>ut</span> <span class='ocrx_word' id='word_1_208' title='bbox 848 2391 878 2451; x_wconf 91' lang='lat' dir='ltr'>in</span> <span class='ocrx_word' id='word_1_209' title='bbox 900 2389 1032 2453; x_wconf 88' lang='lat' dir='ltr'>animum</span> 
     </span>
     <span class='ocr_line' id='line_1_27' title="bbox 46 2465 1032 2552; baseline -0.001 -15"><span class='ocrx_word' id='word_1_210' title='bbox 46 2478 211 2538; x_wconf 88' lang='lat' dir='ltr'>induceret</span> <span class='ocrx_word' id='word_1_211' title='bbox 224 2477 263 2536; x_wconf 89' lang='lat' dir='ltr'>ad</span> <span class='ocrx_word' id='word_1_212' title='bbox 276 2473 406 2537; x_wconf 86' lang='lat' dir='ltr'>easde&#39;m</span> <span class='ocrx_word' id='word_1_213' title='bbox 411 2475 517 2537; x_wconf 91' lang='lat' dir='ltr'>venire</span> <span class='ocrx_word' id='word_1_214' title='bbox 528 2471 636 2552; x_wconf 88' lang='lat' dir='ltr'>epulas</span> <span class='ocrx_word' id='word_1_215' title='bbox 647 2465 730 2536; x_wconf 83' lang='lat' dir='ltr'>haud</span> <span class='ocrx_word' id='word_1_216' title='bbox 743 2473 863 2546; x_wconf 87' lang='lat' dir='ltr'>abnuit;</span> <span class='ocrx_word' id='word_1_217' title='bbox 880 2483 968 2536; x_wconf 86' lang='lat' dir='ltr'>cenat</span> <span class='ocrx_word' id='word_1_218' title='bbox 968 2493 1032 2537; x_wconf 91' lang='lat' dir='ltr'>um</span> 
     </span>
     <span class='ocr_line' id='line_1_28' title="bbox 50 2556 1032 2658; baseline 0 -37"><span class='ocrx_word' id='word_1_219' title='bbox 50 2577 112 2638; x_wconf 79' lang='lat' dir='ltr'>que</span> <span class='ocrx_word' id='word_1_220' title='bbox 129 2561 220 2622; x_wconf 90' lang='lat' dir='ltr'>simul</span> <span class='ocrx_word' id='word_1_221' title='bbox 241 2559 323 2638; x_wconf 86' lang='lat' dir='ltr'>apud</span> <span class='ocrx_word' id='word_1_222' title='bbox 344 2576 449 2658; x_wconf 87' lang='lat' dir='ltr'>regem</span> <span class='ocrx_word' id='word_1_223' title='bbox 470 2567 531 2636; x_wconf 89' lang='lat' dir='ltr'>est,</span> <span class='ocrx_word' id='word_1_224' title='bbox 553 2567 585 2621; x_wconf 88' lang='lat' dir='ltr'>et</span> <span class='ocrx_word' id='word_1_225' title='bbox 599 2556 708 2620; x_wconf 89' lang='lat' dir='ltr'>eodem</span> <span class='ocrx_word' id='word_1_226' title='bbox 728 2559 818 2620; x_wconf 89' lang='lat' dir='ltr'>etiam</span> <span class='ocrx_word' id='word_1_227' title='bbox 833 2560 912 2621; x_wconf 91' lang='lat' dir='ltr'>lecto</span> <span class='ocrx_word' id='word_1_228' title='bbox 928 2560 1032 2636; x_wconf 87' lang='lat' dir='ltr'>Scipio</span> 
     </span>
     <span class='ocr_line' id='line_1_29' title="bbox 47 2641 1032 2724; baseline -0.002 -18"><span class='ocrx_word' id='word_1_229' title='bbox 47 2654 144 2724; x_wconf 87' lang='lat' dir='ltr'>atque</span> <span class='ocrx_word' id='word_1_230' title='bbox 157 2643 346 2718; x_wconf 90' lang='lat' dir='ltr'>Hasdrubal,</span> <span class='ocrx_word' id='word_1_231' title='bbox 368 2645 440 2722; x_wconf 88' lang='lat' dir='ltr'>quia</span> <span class='ocrx_word' id='word_1_232' title='bbox 460 2641 501 2704; x_wconf 88' lang='lat' dir='ltr'>ito</span> <span class='ocrx_word' id='word_1_233' title='bbox 523 2641 614 2705; x_wconf 88' lang='lat' dir='ltr'>cordi</span> <span class='ocrx_word' id='word_1_234' title='bbox 628 2651 694 2704; x_wconf 90' lang='lat' dir='ltr'>erat</span> <span class='ocrx_word' id='word_1_235' title='bbox 715 2645 794 2718; x_wconf 86' lang='lat' dir='ltr'>regi,</span> <span class='ocrx_word' id='word_1_236' title='bbox 800 2642 1032 2706; x_wconf 85' lang='lat' dir='ltr'>accubuerunt.</span> 
     </span>
     <span class='ocr_line' id='line_1_30' title="bbox 46 2726 1032 2805; baseline 0 -14"><span class='ocrx_word' id='word_1_237' title='bbox 46 2737 134 2791; x_wconf 86' lang='lat' dir='ltr'>tanta</span> <span class='ocrx_word' id='word_1_238' title='bbox 148 2736 249 2790; x_wconf 87' lang='lat' dir='ltr'>autem</span> <span class='ocrx_word' id='word_1_239' title='bbox 263 2731 361 2790; x_wconf 89' lang='lat' dir='ltr'>inerat</span> <span class='ocrx_word' id='word_1_240' title='bbox 375 2726 503 2790; x_wconf 91' lang='lat' dir='ltr'>comitas</span> <span class='ocrx_word' id='word_1_241' title='bbox 518 2727 655 2805; x_wconf 89' lang='lat' dir='ltr'>Scipioni</span> <span class='ocrx_word' id='word_1_242' title='bbox 670 2734 762 2804; x_wconf 88' lang='lat' dir='ltr'>atque</span> <span class='ocrx_word' id='word_1_243' title='bbox 776 2729 816 2789; x_wconf 89' lang='lat' dir='ltr'>ad</span> <span class='ocrx_word' id='word_1_244' title='bbox 832 2730 933 2791; x_wconf 91' lang='lat' dir='ltr'>omnia</span> <span class='ocrx_word' id='word_1_245' title='bbox 946 2737 1032 2791; x_wconf 90' lang='lat' dir='ltr'>natu-</span> 
     </span>
     <span class='ocr_line' id='line_1_31' title="bbox 47 2811 1032 2890; baseline -0.002 -15"><span class='ocrx_word' id='word_1_246' title='bbox 47 2814 123 2875; x_wconf 87' lang='lat' dir='ltr'>ralis</span> <span class='ocrx_word' id='word_1_247' title='bbox 146 2812 258 2890; x_wconf 85' lang='lat' dir='ltr'>ingenii</span> <span class='ocrx_word' id='word_1_248' title='bbox 279 2814 461 2889; x_wconf 88' lang='lat' dir='ltr'>dexteritas,</span> <span class='ocrx_word' id='word_1_249' title='bbox 480 2820 513 2873; x_wconf 91' lang='lat' dir='ltr'>ut</span> <span class='ocrx_word' id='word_1_250' title='bbox 526 2830 587 2874; x_wconf 90' lang='lat' dir='ltr'>non</span> <span class='ocrx_word' id='word_1_251' title='bbox 603 2811 778 2890; x_wconf 84' lang='lat' dir='ltr'>Syphacem</span> <span class='ocrx_word' id='word_1_252' title='bbox 793 2814 901 2890; x_wconf 92' lang='lat' dir='ltr'>modo,</span> <span class='ocrx_word' id='word_1_253' title='bbox 922 2811 1032 2874; x_wconf 87' lang='lat' dir='ltr'>barba·</span> 
     </span>
     <span class='ocr_line' id='line_1_32' title="bbox 46 2897 1032 2974; baseline -0.004 -14"><span class='ocrx_word' id='word_1_254' title='bbox 46 2915 117 2960; x_wconf 89' lang='lat' dir='ltr'>rum</span> <span class='ocrx_word' id='word_1_255' title='bbox 142 2899 355 2974; x_wconf 89' lang='lat' dir='ltr'>insuetumque</span> <span class='ocrx_word' id='word_1_256' title='bbox 376 2897 512 2958; x_wconf 90' lang='lat' dir='ltr'>moribus</span> <span class='ocrx_word' id='word_1_257' title='bbox 533 2897 696 2972; x_wconf 85' lang='lat' dir='ltr'>Romanis,</span> <span class='ocrx_word' id='word_1_258' title='bbox 724 2897 780 2956; x_wconf 93' lang='lat' dir='ltr'>sed</span> <span class='ocrx_word' id='word_1_259' title='bbox 801 2897 921 2957; x_wconf 90' lang='lat' dir='ltr'>hostem</span> <span class='ocrx_word' id='word_1_260' title='bbox 942 2897 1032 2959; x_wconf 87' lang='lat' dir='ltr'>etlam</span> 
     </span>
     <span class='ocr_line' id='line_1_33' title="bbox 47 2977 1031 3058; baseline -0.005 -14"><span class='ocrx_word' id='word_1_261' title='bbox 47 2983 282 3044; x_wconf 81' lang='lat' dir='ltr'>infestissimum</span> <span class='ocrx_word' id='word_1_262' title='bbox 297 2977 429 3043; x_wconf 85' lang='lat' dir='ltr'>iacunde</span> <span class='ocrx_word' id='word_1_263' title='bbox 444 2981 640 3058; x_wconf 89' lang='lat' dir='ltr'>adloquendo</span> <span class='ocrx_word' id='word_1_264' title='bbox 657 2980 715 3041; x_wconf 90' lang='lat' dir='ltr'>sibi</span> <span class='ocrx_word' id='word_1_265' title='bbox 732 2979 921 3041; x_wconf 79' lang='lat' dir='ltr'>conciliaret:</span> <span class='ocrx_word' id='word_1_266' title='bbox 942 2981 1031 3041; x_wconf 86' lang='lat' dir='ltr'>mira-</span> 
     </span>
     <span class='ocr_line' id='line_1_34' title="bbox 49 3065 1032 3142; baseline -0.004 -16"><span class='ocrx_word' id='word_1_267' title='bbox 49 3067 252 3142; x_wconf 89' lang='lat' dir='ltr'>bilioremque</span> <span class='ocrx_word' id='word_1_268' title='bbox 267 3067 326 3128; x_wconf 91' lang='lat' dir='ltr'>sibi</span> <span class='ocrx_word' id='word_1_269' title='bbox 343 3083 411 3126; x_wconf 88' lang='lat' dir='ltr'>cum</span> <span class='ocrx_word' id='word_1_270' title='bbox 426 3067 524 3126; x_wconf 83' lang='lat' dir='ltr'>vlrum</span> <span class='ocrx_word' id='word_1_271' title='bbox 540 3080 708 3140; x_wconf 88' lang='lat' dir='ltr'>congresso</span> <span class='ocrx_word' id='word_1_272' title='bbox 725 3080 828 3124; x_wconf 88' lang='lat' dir='ltr'>coram</span> <span class='ocrx_word' id='word_1_273' title='bbox 843 3065 943 3124; x_wconf 90' lang='lat' dir='ltr'>visum</span> <span class='ocrx_word' id='word_1_274' title='bbox 957 3080 1032 3141; x_wconf 89' lang='lat' dir='ltr'>prae</span> 
     </span>
     <span class='ocr_line' id='line_1_35' title="bbox 49 3147 1031 3227; baseline -0.006 -15"><span class='ocrx_word' id='word_1_275' title='bbox 49 3168 86 3212; x_wconf 89' lang='lat' dir='ltr'>sc</span> <span class='ocrx_word' id='word_1_276' title='bbox 107 3152 226 3212; x_wconf 79' lang='lat' dir='ltr'>serebat</span> <span class='ocrx_word' id='word_1_277' title='bbox 247 3167 338 3227; x_wconf 87' lang='lat' dir='ltr'>quam</span> <span class='ocrx_word' id='word_1_278' title='bbox 361 3150 440 3211; x_wconf 88' lang='lat' dir='ltr'>bello</span> <span class='ocrx_word' id='word_1_279' title='bbox 460 3151 553 3212; x_wconf 91' lang='lat' dir='ltr'>rebus</span> <span class='ocrx_word' id='word_1_280' title='bbox 573 3148 679 3226; x_wconf 89' lang='lat' dir='ltr'>gestis.</span> <span class='ocrx_word' id='word_1_281' title='bbox 718 3164 776 3208; x_wconf 88' lang='lat' dir='ltr'>nec</span> <span class='ocrx_word' id='word_1_282' title='bbox 798 3147 937 3208; x_wconf 88' lang='lat' dir='ltr'>dubitare</span> <span class='ocrx_word' id='word_1_283' title='bbox 959 3147 1031 3222; x_wconf 90' lang='lat' dir='ltr'>quin</span> 
     </span>
    </p>
   </div>
   <div class='ocr_carea' id='block_1_4' title="bbox 50 3234 1125 3313">
    <p class='ocr_par' dir='ltr' id='par_1_4' title="bbox 50 3234 1125 3313">
     <span class='ocr_line' id='line_1_36' title="bbox 50 3234 1125 3313; baseline -0.007 -17"><span class='ocrx_word' id='word_1_284' title='bbox 50 3235 181 3313; x_wconf 79' lang='lat' dir='ltr'>Syphax</span> <span class='ocrx_word' id='word_1_285' title='bbox 195 3251 386 3312; x_wconf 84' lang='lat' dir='ltr'>regnumque</span> <span class='ocrx_word' id='word_1_286' title='bbox 400 3235 466 3296; x_wconf 91' lang='lat' dir='ltr'>eius</span> <span class='ocrx_word' id='word_1_287' title='bbox 481 3234 541 3299; x_wconf 86' lang='lat' dir='ltr'>iarn</span> <span class='ocrx_word' id='word_1_288' title='bbox 555 3235 586 3295; x_wconf 91' lang='lat' dir='ltr'>in</span> <span class='ocrx_word' id='word_1_289' title='bbox 600 3235 806 3294; x_wconf 82' lang='lat' dir='ltr'>Romanorum</span> <span class='ocrx_word' id='word_1_290' title='bbox 826 3238 931 3292; x_wconf 89' lang='lat' dir='ltr'>essent</span> <span class='ocrx_word' id='word_1_291' title='bbox 944 3237 1029 3306; x_wconf 91' lang='lat' dir='ltr'>pote·</span> <span class='ocrx_word' id='word_1_292' title='bbox 1122 3255 1125 3259; x_wconf 96' lang='lat'>·</span> 
     </span>
    </p>
   </div>
   <div class='ocr_carea' id='block_1_5' title="bbox 51 3316 1069 3632">
    <p class='ocr_par' dir='ltr' id='par_1_5' title="bbox 51 3316 1029 3400">
     <span class='ocr_line' id='line_1_37' title="bbox 51 3316 1029 3400; baseline -0.01 -20"><span class='ocrx_word' id='word_1_293' title='bbox 51 3328 145 3381; x_wconf 81' lang='lat' dir='ltr'>state:</span> <span class='ocrx_word' id='word_1_294' title='bbox 169 3335 236 3380; x_wconf 89' lang='lat' dir='ltr'>eam</span> <span class='ocrx_word' id='word_1_295' title='bbox 252 3326 346 3400; x_wconf 82' lang='lat' dir='ltr'>artem</span> <span class='ocrx_word' id='word_1_296' title='bbox 360 3319 441 3380; x_wconf 84' lang='lat' dir='ltr'>illius</span> <span class='ocrx_word' id='word_1_297' title='bbox 455 3319 513 3380; x_wconf 88' lang='lat' dir='ltr'>viri</span> <span class='ocrx_word' id='word_1_298' title='bbox 535 3318 575 3379; x_wconf 89' lang='lat' dir='ltr'>ad</span> <span class='ocrx_word' id='word_1_299' title='bbox 591 3316 801 3378; x_wconf 88' lang='lat' dir='ltr'>conciliandos</span> <span class='ocrx_word' id='word_1_300' title='bbox 816 3316 934 3376; x_wconf 88' lang='lat' dir='ltr'>animos</span> <span class='ocrx_word' id='word_1_301' title='bbox 949 3328 1029 3376; x_wconf 86' lang='lat' dir='ltr'>csse.</span> 
     </span>
    </p>

    <p class='ocr_par' dir='ltr' id='par_1_6' title="bbox 51 3399 1069 3481">
     <span class='ocr_line' id='line_1_38' title="bbox 51 3399 1069 3481; baseline -0.012 -15"><span class='ocrx_word' id='word_1_302' title='bbox 51 3405 154 3481; x_wconf 91' lang='lat' dir='ltr'>itaque</span> <span class='ocrx_word' id='word_1_303' title='bbox 169 3419 230 3464; x_wconf 91' lang='lat' dir='ltr'>non</span> <span class='ocrx_word' id='word_1_304' title='bbox 244 3419 306 3478; x_wconf 90' lang='lat' dir='ltr'>quo</span> <span class='ocrx_word' id='word_1_305' title='bbox 318 3401 410 3464; x_wconf 92' lang='lat' dir='ltr'>modo</span> <span class='ocrx_word' id='word_1_306' title='bbox 421 3401 588 3481; x_wconf 90' lang='lat' dir='ltr'>Hispaniae</span> <span class='ocrx_word' id='word_1_307' title='bbox 601 3401 735 3462; x_wconf 90' lang='lat' dir='ltr'>amissae</span> <span class='ocrx_word' id='word_1_308' title='bbox 750 3399 811 3460; x_wconf 88' lang='lat' dir='ltr'>sint</span> <span class='ocrx_word' id='word_1_309' title='bbox 825 3400 1032 3477; x_wconf 84' lang='lat' dir='ltr'>quaerendum</span> <span class='ocrx_word' id='word_1_310' title='bbox 1064 3443 1069 3454; x_wconf 95' lang='lat'>.</span> 
     </span>
    </p>

    <p class='ocr_par' dir='ltr' id='par_1_7' title="bbox 52 3483 1031 3632">
     <span class='ocr_line' id='line_1_39' title="bbox 52 3483 1031 3629; baseline -0.004 -80"><span class='ocrx_word' id='word_1_311' title='bbox 52 3490 148 3565; x_wconf 87' lang='lat' dir='ltr'>magis</span> <span class='ocrx_word' id='word_1_312' title='bbox 163 3485 461 3629; x_wconf 51' lang='lat' dir='ltr'>Carthaginiensibus</span> <span class='ocrx_word' id='word_1_313' title='bbox 482 3503 569 3562; x_wconf 88' lang='lat' dir='ltr'>esse,</span> <span class='ocrx_word' id='word_1_314' title='bbox 591 3499 763 3560; x_wconf 90' lang='lat' dir='ltr'>quamquo</span> <span class='ocrx_word' id='word_1_315' title='bbox 785 3485 877 3627; x_wconf 56' lang='lat' dir='ltr'>mgdo</span> <span class='ocrx_word' id='word_1_316' title='bbox 897 3483 1031 3545; x_wconf 77' lang='lat' dir='ltr'>atricum</span> 
     </span>
     <span class='ocr_line' id='line_1_40' title="bbox 94 3588 375 3632; baseline -0.014 0"><span class='ocrx_word' id='word_1_317' title='bbox 94 3592 120 3632; x_wconf 85' lang='lat' dir='ltr'>r.</span> <span class='ocrx_word' id='word_1_318' title='bbox 145 3588 206 3631; x_wconf 85' lang='grc' dir='ltr'>ιινι</span> <span class='ocrx_word' id='word_1_319' title='bbox 226 3588 303 3630; x_wconf 78' lang='lat' dir='ltr'>naas</span> <span class='ocrx_word' id='word_1_320' title='bbox 370 3616 375 3627; x_wconf 90' lang='lat'><strong><em>.</em></strong></span> 
     </span>
    </p>
   </div>
   <div class='ocr_carea' id='block_1_6' title="bbox 0 0 1222 3902">
    <p class='ocr_par' dir='ltr' id='par_1_8' title="bbox 0 0 1222 3902">
     <span class='ocr_line' id='line_1_41' title="bbox 0 0 1222 3902; baseline 0 0"><span class='ocrx_word' id='word_1_321' title='bbox 0 0 1222 3902; x_wconf 95' lang='lat' dir='ltr'> </span> 
     </span>
    </p>
   </div>
  </div>
 </body>
</html>
