2434 3902
125 241 130 250 .
171 210 239 278 aad
313 205 798 273 LIBERXXVlll.cAP.1a1t.
821 211 857 282 [ι.
870 211 905 264 U·
918 211 1018 280 cdli]

175 371 269 442 atque
281 362 392 424 ordine
406 360 536 437 agminis
550 360 751 431 incesserent,
767 357 888 433 longior
903 366 933 418 et
946 357 1000 420 diu
1016 357 1159 432 ambigua

175 463 279 526 pugna
304 445 369 507 luit.
402 445 460 506 sed
487 459 556 506 cum
576 442 615 504 ab
636 442 819 504 stetimibus
841 441 972 518 primum
993 442 1162 517 expeditae

175 533 329 604 cohortes,
345 528 458 592 deiude
471 543 511 588 ex
526 543 621 603 opere
635 528 759 590 deducti
774 526 884 586 militen
899 534 993 603 utque
1007 541 1098 586 erma
1111 543 1162 586 oa·

174 631 250 693 pere
264 613 341 676 iussi
357 615 461 688 plures
476 619 509 672 et
520 611 629 686 integri
640 611 742 686 lessis,
757 626 965 686 magnumque
975 610 1037 672 iarn
1046 625 1161 684 agmon

175 705 360 760 armatorum
374 713 394 757 a
408 697 517 757 castris
533 696 563 757 in
578 695 730 771 proelium
743 702 853 768 rueret,
870 703 956 770 terga
970 693 1183 755 hauddubie·

175 789 297 844 vertunt
317 781 412 842 Poeni
430 781 652 856 Numidaeque.
687 785 720 840 ct
740 779 838 856 primo
861 777 1015 840 turmatim
1031 777 1163 839 abibant

174 867 248 927 nihil
260 874 387 944 propter
398 880 545 942 pavorem
556 863 820 926 festinationemve
829 863 968 924 confusis
979 861 1164 932 ordinibus;

109 983 113 988 -
175 951 256 1023 dein,
272 959 436 1027 postquam
452 949 553 1010 acrius
568 948 680 1009 ultimis
696 945 851 1009 incidebat
863 948 1033 1022 Romanus,
1059 963 1164 1022 neque

174 1035 318 1097 sustineri
343 1035 476 1110 impetus
502 1027 636 1109 poterut,
662 1031 736 1091 nihil
760 1032 820 1093 ium
841 1031 982 1092 ordinum
1003 1046 1164 1091 memores

175 1120 301 1195 passim,
318 1135 380 1195 qua
395 1119 506 1194 cuique
521 1116 694 1193 proximum
710 1115 773 1189 luit,
790 1116 820 1175 in
832 1116 935 1190 lugam
947 1115 1164 1177 effunduntur.

175 1211 206 1265 et
230 1219 418 1279 quamquam
441 1217 479 1262 eo
502 1200 620 1277 proelio
647 1201 837 1274 aliquantum
856 1201 1006 1261 Romanis
1028 1200 1116 1260 aucti
1135 1207 1165 1258 et

175 1288 320 1349 deminuti
341 1286 482 1349 hostibus
504 1284 597 1346 animi
617 1289 718 1359 erant,
740 1291 841 1345 temen
859 1301 1029 1360 nunquam
1043 1284 1166 1360 aliquot

174 1373 377 1447 insequentes
398 1371 465 1431 dies
488 1369 527 1430 ab
542 1368 778 1436 excursionibus
801 1370 938 1443 equitum
948 1368 1102 1456 levisque
1117 1385 1162 1428 ar·

174 1464 311 1516 maturae
325 1462 479 1517 cessatum
495 1463 552 1514 est.

257 1539 336 1599 xlv.
358 1538 417 1600 Ubi
437 1539 512 1599 satis
532 1544 697 1613 temptatae
719 1553 776 1612 por
797 1537 875 1600 haec
895 1537 975 1598 levia
991 1537 1164 1597 certamina

175 1622 256 1684 vires
267 1630 347 1696 sunt,
362 1621 447 1698 prior
457 1621 631 1682 Hasdrubal
643 1621 673 1681 in
685 1621 782 1682 aciem
794 1622 903 1698 copias
915 1622 1032 1695 eduxit,
1049 1621 1164 1681 deinde

175 1712 204 1767 et
218 1705 347 1767 Romani
362 1721 554 1781 processere.
591 1706 648 1767 sed
662 1713 793 1781 utraque
807 1706 891 1768 acies
906 1722 964 1782 pro
978 1706 1072 1774 vello,
1082 1706 1165 1767 stetit

175 1789 338 1859 instruam
358 1797 471 1851 etcum
486 1791 525 1851 ab
540 1789 657 1854 neutris
671 1805 777 1867 pugna
792 1799 903 1866 coepta
917 1797 1018 1864 esset,
1033 1788 1100 1850 inm
1115 1789 1164 1850 die

174 1874 214 1934 ad
230 1889 376 1936 occasum
390 1873 552 1936 inclinante
566 1873 701 1936 alcano
717 1875 819 1950 prius,
838 1873 949 1935 deinde
964 1873 1004 1934 ab
1018 1875 1163 1940 Romano

174 1958 204 2018 in
230 1965 333 2020 eastre
355 1959 466 2035 copiae
489 1959 644 2020 reductae.
680 1958 740 2019 boc
764 1959 845 2018 idem
871 1974 927 2034 per
950 1959 1022 2020 dies
1044 1957 1165 2033 aliquot

175 2043 296 2104 ledum.
332 2043 417 2118 prior
440 2057 565 2119 semper
583 2041 705 2104 Poenus
732 2043 839 2118 copias
865 2041 975 2103 castris
997 2043 1163 2116 educebat,

174 2128 260 2203 prior
284 2128 377 2189 lassis
403 2127 513 2189 eundo
541 2127 663 2202 signum
686 2127 825 2203 receptui
850 2127 957 2187 dabat:
990 2127 1030 2186 ab
1053 2135 1164 2188 neutra

174 2219 262 2287 parte
277 2227 469 2288 procursum,
483 2213 616 2272 telumve
629 2212 758 2274 nussum
772 2218 826 2273 out
838 2227 901 2272 vox
914 2213 977 2272 ulla
992 2218 1071 2272 ortu.
1099 2227 1162 2271 me·

175 2295 256 2356 diem
282 2297 378 2356 aciem
402 2297 473 2356 hinc
497 2295 643 2371 Romani,
672 2296 755 2356 illinc
777 2293 1046 2370 carthaginienses
1073 2295 1161 2356 mixti

173 2380 267 2452 Aliis,
284 2394 399 2440 cornua
413 2379 490 2441 socii
505 2380 662 2442 tenebantr
684 2386 771 2440 erant
783 2386 884 2440 utitem
895 2379 1037 2454 utrisque
1047 2378 1161 2456 Hispa·

174 2463 205 2522 ni
221 2479 278 2538 pro
297 2464 452 2525 cornibus.
489 2469 560 2526 ante
573 2463 718 2524 Punicam
732 2463 831 2524 aciem
844 2463 1001 2539 elephanti
1016 2466 1161 2524 castello

173 2563 240 2607 rum
269 2550 376 2623 procul
403 2549 539 2622 speciem
565 2547 761 2622 praebebant.
793 2547 852 2610 mut
876 2547 936 2609 hoc
961 2547 993 2607 in
1018 2547 1161 2623 utrisque

175 2631 285 2691 caruis
307 2633 459 2692 sermonis
481 2639 560 2704 erat,
579 2632 621 2691 ita
634 2639 668 2692 ut
681 2632 818 2692 instructi
833 2632 993 2693 stetissent
1006 2640 1159 2708 pugnatu-

174 2729 243 2783 ros;
264 2714 382 2775 medius
397 2715 481 2774 acies
490 2715 663 2776 Romanum
675 2715 883 2792 Poenumque,
901 2732 980 2792 quos
995 2714 1076 2777 inter
1086 2716 1159 2775 belli

174 2812 271 2858 causa
286 2804 378 2871 osset,
402 2799 469 2873 pari
483 2798 596 2859 robore
609 2799 779 2861 animorum
794 2815 1011 2875 minorumque
1027 2815 1157 2862 coneur-

175 2897 276 2943 suros.
296 2881 402 2958 Scipio
417 2882 469 2943 ubi
483 2882 560 2943 baec
575 2883 727 2946 obstinate
741 2884 857 2945 credite
870 2883 1006 2946 animum
1017 2884 1157 2958 aduertit,

174 2967 277 3027 omnia
297 2967 338 3028 de
359 2967 509 3029 industria
528 2967 558 3027 in
577 2983 646 3026 eum
668 2968 762 3042 diem,
791 2985 852 3042 quo
875 2975 1068 3044 pugnaturus
1082 2975 1156 3040 erat,

174 3051 307 3112 mumvit.
329 3058 479 3114 tesseram
495 3051 621 3126 vesperi
634 3067 691 3128 per
705 3058 806 3112 castra
820 3051 913 3126 dedit,
928 3060 1044 3114 utente
1057 3055 1156 3112 lucem

174 3134 231 3195 viri
246 3135 382 3211 equique
397 3135 492 3196 curati
507 3136 612 3210 pransi
626 3144 740 3209 essent
755 3143 889 3196 amatus
904 3151 1003 3210 eques
1019 3138 1154 3196 tiaratos

174 3217 382 3294 instratosque
396 3226 513 3280 teneret
528 3236 635 3294 equos.
652 3221 782 3282 uixdum
798 3219 873 3280 satis
888 3227 972 3280 nerle
984 3219 1056 3280 luce
1070 3219 1152 3294 equi·

175 3306 269 3360 tatum
284 3317 405 3363 omnem
420 3319 489 3363 oum
503 3303 562 3362 levi
573 3311 732 3363 armatura
745 3303 774 3363 in
791 3303 939 3366 stationes
953 3302 1085 3365 Punicas
1099 3303 1139 3364 im

175 3383 270 3454 misit3
293 3386 365 3444 inde
386 3385 547 3446 confestim
569 3385 639 3459 ipse
663 3401 733 3444 cum
748 3387 835 3460 gravi
857 3387 979 3462 agroino
1000 3387 1152 3463 legionum

177 3467 324 3540 procedit
340 3474 462 3543 praetor
478 3468 652 3543 opinionem
667 3469 848 3529 destinatam
864 3487 991 3532 suorum
1006 3470 1151 3532 hostiurn-
