2448 3900
169 222 233 288 ato
350 221 466 284 naua
478 220 584 282 xxix.
607 220 691 280 can.
706 227 750 282 aa.
773 219 810 297 [a.
824 224 858 277 n.
874 221 974 298 aaa]

171 376 366 452 perlegales
393 378 568 432 arcessuntr
596 368 821 430 Hasdrubalem
842 385 933 446 opem
953 371 1037 430 terre
1057 385 1137 446 prope

170 459 394 520 circumsessae
409 455 526 531 patriae
538 453 652 528 iubent,
676 452 853 531 Syphacem
868 462 964 529 orant,
984 461 1020 514 ut
1034 453 1139 514 conha-

169 543 247 618 gini,
270 548 305 602 ut
318 541 483 602 universae
496 539 621 599 Africae
636 539 807 600 subveniat
839 539 879 600 ad
894 538 1015 599 Uticam
1028 545 1091 598 tum
1103 555 1140 598 ca·

170 633 233 687 stra
248 625 364 701 Scipio,
387 625 481 683 ianne
495 624 577 684 mille
591 639 707 700 passus
722 622 760 683 ab
774 623 860 696 urbe,
883 621 1029 698 habebat,
1049 623 1142 681 tralata

170 709 295 782 amari,
317 708 369 769 ubi
384 722 503 785 paucos
519 708 587 768 dics
602 707 713 767 stativa
726 707 888 768 coniuncta
909 706 1005 766 classi
1029 708 1142 766 lucrant
1192 746 1194 793 t

168 794 293 866 Hanno,
316 807 512 868 nequaquam
533 791 608 852 satis
624 791 728 852 valido
744 807 807 851 uon
827 791 920 852 modo
936 790 976 850 ad
998 792 1144 850 lacesscn-
1192 830 1195 839 .

84 945 87 956 ,
169 877 242 938 dum
255 876 376 937 hostem
390 876 447 936 sed
462 891 501 936 ne
520 876 561 936 ad
575 877 708 938 tuendos
722 876 847 952 quidem
867 893 887 936 a
900 873 1144 951 populationibus

168 977 260 1036 agros
285 960 421 1036 equitatu
446 967 591 1038 accepto,
622 961 654 1020 id
681 960 815 1020 omnium
838 960 968 1036 primum
995 974 1143 1020 numerum

168 1046 303 1121 equitum
317 1053 351 1106 ut
364 1053 491 1121 augeret
504 1061 606 1122 agere.
638 1059 696 1104 noo
711 1044 840 1105 aliarum
854 1044 990 1121 gentium
1006 1057 1144 1119 aspama-

167 1137 227 1206 tus,
241 1129 373 1190 mamma
386 1137 487 1190 tamen
501 1129 647 1190 Numidas
662 1161 701 1176 -
718 1129 750 1190 id
765 1131 857 1204 longe
871 1127 1005 1204 primum
1021 1127 1144 1203 equitum

167 1215 198 1274 in
211 1214 316 1274 Africa
337 1220 385 1274 est
404 1229 503 1289 genus
523 1243 567 1257 -
584 1213 736 1274 conducit
769 1213 831 1273 iam
852 1213 892 1272 ad
914 1219 1062 1288 quattuor
1075 1210 1143 1269 milia

168 1298 304 1374 equitum
318 1297 459 1372 habebat,
474 1313 544 1360 eum
555 1297 714 1358 Salaecam
728 1297 852 1358 nominc
865 1296 972 1357 urbem
988 1293 1143 1370 occupavit

168 1382 343 1458 quindecim
356 1384 451 1443 lerme
465 1382 548 1443 milio
562 1381 600 1442 ab
616 1382 763 1456 Romanis
778 1381 897 1442 castris.
920 1382 1006 1457 quod
1022 1379 1075 1440 ubi
1086 1377 1141 1438 Sci-

167 1467 251 1542 pioni
265 1465 391 1527 relatum
406 1473 468 1541 est,
490 1466 634 1542 „aestiva
647 1465 707 1526 sub
720 1465 809 1526 tectis
823 1466 1015 1541 equitatura
1041 1463 1140 1538 inquit=

167 1551 250 1624 „sint
269 1553 319 1610 vel
338 1553 459 1627 plures,
482 1551 554 1610 dum
568 1550 659 1612 talem
674 1550 783 1610 ducem
801 1549 961 1618 habeant“.
997 1565 1037 1610 eo
1052 1549 1139 1608 minus

169 1633 227 1695 sibi
241 1635 426 1696 cessandum
440 1641 533 1707 ratus,
551 1649 613 1710 quo
628 1634 670 1694 illi
684 1634 810 1708 segnius
824 1649 890 1694 rem
905 1641 1042 1708 agerent,
1061 1630 1141 1691 blasi·

167 1718 283 1778 nissam
298 1733 368 1779 oum
384 1719 518 1794 equitatu
533 1719 736 1794 praemissum
750 1717 847 1793 portis
863 1717 1046 1792 obequitare
1060 1723 1139 1790 atque

167 1802 287 1862 hostem
302 1801 343 1860 ad
356 1817 490 1877 pugnam
506 1802 618 1863 elicere
631 1803 723 1862 iubet
756 1801 809 1863 ubi
823 1803 923 1862 omnis
937 1802 1099 1863 multitudo
1113 1815 1140 1858 se

167 1884 343 1960 effudisset,
365 1886 551 1961 gravimquc
570 1887 631 1946 iam
651 1886 682 1946 in
704 1886 867 1946 certamine
887 1894 985 1962 esset,
1009 1903 1100 1962 quarn
1115 1891 1139 1942 ut

167 1971 257 2030 iacile
275 1969 417 2032 sustineri
440 1977 560 2046 posset,
584 1971 707 2032 caderet
720 1970 880 2046 paulatim:
903 1986 939 2032 sc
958 1971 989 2031 in
1011 1979 1150 2045 temporo·

167 2069 290 2131 pugnae
304 2054 513 2116 obventurum.
534 2063 649 2115 tantum
664 2059 810 2131 moratus,
825 2062 969 2130 quantum
984 2055 1063 2120 satis
1077 2061 1138 2113 tem

166 2138 251 2214 poris
272 2153 457 2215 praegresso
478 2138 579 2200 visum
598 2140 639 2199 ad
659 2139 827 2200 eliciendos
849 2139 970 2216 hostes,
1000 2154 1073 2200 curn
1087 2137 1136 2196 Ro·

165 2239 257 2284 mano
272 2224 408 2298 equitatu
422 2230 557 2300 secutus,
571 2223 744 2298 tegentibus
758 2223 892 2298 tumulis,
908 2224 960 2298 qui
975 2236 1137 2300 peroppor-

165 2312 238 2367 tuna
252 2307 334 2368 cirea
347 2307 417 2368 viae
430 2306 532 2370 flexus
553 2308 688 2384 oppositi
709 2316 809 2382 erant,
832 2308 969 2369 occultus
985 2303 1135 2383 prooessit

165 2389 1135 2467 Masinissaexoomposito,nnncterrentisnunctimentismodo‚

166 2482 218 2536 aut
236 2475 314 2551 ipsis
335 2474 532 2552 obequitabat
553 2477 665 2552 portis,
690 2484 743 2538 aut
764 2475 918 2550 cedendo,
943 2491 1011 2537 cum
1031 2472 1135 2536 timoris

166 2559 316 2620 simulatio
332 2559 493 2620 audaciam
507 2559 589 2621 hosti
604 2561 725 2635 laceret,
740 2562 782 2622 ud
796 2561 1020 2636 insequendum
1035 2569 1135 2620 murare

166 2641 314 2702 eliciebat
347 2643 484 2702 nondum
498 2661 605 2705 ornnes
620 2645 739 2720 egressi
754 2653 848 2719 erant,
863 2645 1010 2718 varieque
1024 2645 1088 2704 dux
1100 2641 1135 2698 ia-

164 2723 323 2800 tigabatur,
346 2726 424 2786 alios
438 2727 511 2788 vino
525 2736 556 2788 et
571 2743 681 2791 somno
693 2745 805 2806 graves
819 2744 904 2789 arma
918 2743 1031 2804 capere
1046 2736 1076 2788 et
1087 2726 1132 2784 ira·

166 2823 240 2868 nare
261 2823 358 2883 equos
381 2811 538 2886 cogendo,
566 2812 650 2887 aliis,
681 2829 720 2874 ne
742 2814 843 2890 sparsi
863 2818 895 2872 et
914 2812 1061 2873 inconditi
1080 2809 1133 2870 sine

165 2892 262 2968 signis
277 2892 420 2954 omnibus
434 2895 531 2968 portis
546 2904 753 2972 excurrerant,
774 2896 965 2958 obsistendo.
988 2897 1085 2971 primo
1097 2893 1131 2951 in·

165 2983 253 3037 caule
267 2992 302 3037 se
322 2977 489 3038 evehentes
502 2978 668 3040 Masinissa
687 2980 876 3056 excipiebam
900 2995 973 3041 mox
988 2980 1088 3056 plures
1101 2973 1132 3034 si·

166 3062 226 3122 mul
238 3062 366 3121 conserti
378 3069 467 3137 porta
477 3061 568 3123 effusi
583 3073 794 3138 aequaverant
805 3071 975 3133 certamem
989 3071 1132 3139 postremo

166 3146 225 3205 iam
241 3146 339 3205 omnis
362 3147 514 3222 equitatus
529 3149 648 3222 proelio
664 3164 732 3208 oum
753 3149 892 3222 adesset,
913 3147 1057 3208 sustineri
1071 3147 1132 3206 ultra

166 3229 320 3302 nequiere.
354 3246 416 3290 nou
431 3237 531 3293 minen
553 3231 653 3291 effusa
668 3234 740 3306 luga
754 3229 921 3292 Masinissa
935 3232 993 3291 sed
1008 3227 1132 3292 cedendo

166 3312 281 3370 sensim
302 3312 434 3386 impetus
456 3329 563 3374 eorum
582 3314 766 3389 accipiebat,
786 3314 887 3376 donec
901 3315 943 3376 ad
955 3317 1130 3376 tumulosus

165 3400 273 3462 gentes
284 3393 455 3455 Romanum
469 3397 634 3471 equitatum
646 3398 801 3472 pertraxit.
824 3399 895 3458 inde
907 3399 1005 3458 exorti
1020 3398 1130 3474 equites,

166 3478 196 3528 et
209 3473 269 3546 ipsi
283 3474 408 3550 integris
423 3477 538 3538 viribus
556 3479 771 3540 armantibus
790 3483 878 3558 equis
893 3483 1036 3543 Hannoni
1052 3477 1130 3544 Atis-
