2434 3902
222 277 335 336 LIBER
349 277 469 337 XXVll.
490 276 574 336 cal).
587 285 632 340 43.
647 284 690 337 el.
714 283 750 350 [e.
766 283 798 335 C.
813 287 876 350 201]
974 277 1055 347 211,
1102 347 1105 354 ,

58 435 119 488 runt
131 428 244 488 litteras
261 443 296 488 se
310 427 349 487 ab
364 427 559 488 Hasdrubale
573 429 615 487 ad
629 428 831 490 Hannibalem
845 430 935 490 lerre.
968 446 1036 494 cum

57 511 89 572 ils
100 511 213 591 litteris,
230 512 311 572 sieut
324 519 419 586 erent,
434 511 757 588 signatlst.verginio
773 513 894 577 tribuno
910 514 1036 576 militum

57 595 180 656 ducendi
195 597 236 655 ad
248 595 406 657 Claudiurn
422 597 581 657 consulem
592 597 759 657 traduntur.
781 598 861 658 duee
873 597 963 660 simul
974 607 1032 659 tur-

57 696 118 739 mae
132 679 312 740 Samnitium
333 679 480 756 praesidii
496 695 591 741 eausa
610 680 734 741 missae.
767 682 820 758 qui
841 682 892 743 ubi
907 683 949 744 nd
963 699 1035 744 con-

58 766 145 824 sulem
156 771 371 840 pervenerunt,
383 765 564 840 litteraeque
575 767 672 825 lectae
679 781 735 839 per
747 764 943 841 interpretem
954 774 1034 838 sunt,

58 855 137 907 etex
160 847 292 925 captivis
315 849 524 924 percunctatio
546 848 642 924 lacta,
672 857 732 909 tum
754 849 898 911 Claudius
920 867 982 912 non
1003 851 1035 911 id

59 941 166 1008 tempus
188 948 262 994 esse
276 933 322 992 rei
342 932 485 1009 publicae
502 939 603 1004 retus,
627 949 688 1008 quo
711 933 847 994 consiliis
871 935 1034 995 ordinariis

60 1016 226 1090 provinciae
247 1032 325 1076 suae
346 1016 479 1092 quisque
494 1015 608 1078 linibus
629 1032 686 1092 per
706 1018 860 1078 exercitus
875 1033 952 1079 suos
966 1035 1034 1079 eum

60 1099 136 1160 hoste
149 1101 303 1162 destinato
324 1101 363 1161 ab
379 1109 487 1162 senatu
501 1101 615 1162 bellum
630 1108 764 1175 gereret:
784 1103 960 1163 audendum
981 1103 1034 1162 eli—

61 1185 123 1256 quid
136 1184 352 1260 inprovisum,
374 1185 579 1262 inopinatum,
602 1186 687 1260 quod
702 1195 846 1261 coeptum
860 1204 921 1248 non
937 1188 1033 1248 ruino-

60 1283 115 1326 rem
124 1269 204 1344 apud
216 1271 302 1330 cives
315 1285 406 1344 quam
415 1270 522 1330 hostes
533 1277 680 1330 terrorem
692 1271 814 1342 laceret,
829 1279 1034 1347 perpetratum

60 1351 86 1409 in
108 1369 243 1428 magnam
268 1354 414 1414 laetitiam
439 1370 479 1414 ex
504 1369 615 1428 magno
641 1361 724 1415 metu
748 1362 888 1415 verteret.
926 1355 1033 1416 litteris

61 1435 249 1498 Hasdrubalis
265 1439 395 1498 Romam
410 1439 451 1500 ad
465 1444 606 1499 senatum
620 1437 724 1499 missis
740 1439 831 1500 simul
851 1439 965 1514 etipse
978 1456 1033 1515 pa-

63 1526 113 1580 tres
127 1523 319 1599 conscriptes
335 1523 410 1597 quid
424 1530 546 1599 pararet
561 1523 686 1597 edocet,
710 1531 755 1594 ut,
779 1540 849 1584 cum
863 1524 893 1582 in
908 1522 1033 1585 Umbria

63 1620 90 1662 se
104 1621 297 1669 occursurmn
304 1607 479 1668 Hasdrubal
492 1608 576 1667 lratri
591 1607 715 1680 scribat,
729 1607 882 1682 legionem
897 1608 1031 1684 acapna

65 1688 173 1750 Romam
194 1698 368 1766 arcessant,
396 1693 539 1752 dilectum
557 1693 675 1752 Romae
695 1691 842 1766 babeant,
864 1693 1031 1755 exercitum

67 1773 193 1836 urbanum
209 1777 252 1837 ad
265 1777 408 1837 Narniam
423 1777 504 1840 hosti
526 1784 695 1852 opponant.
728 1777 806 1837 lreec
821 1778 940 1838 senatui
955 1778 1030 1838 scri-

66 1863 113 1926 pta.
146 1861 309 1934 praemissi
329 1861 401 1922 item
421 1877 478 1937 per
503 1878 609 1935 ugrum
634 1861 807 1922 Larinatem
826 1861 1031 1922 Marrucinum

64 1937 229 2004 Frentanum
248 1944 486 2019 Praetutianum,
516 1962 577 2020 qua
597 1945 765 2006 exercitum
786 1946 934 2007 ducturus
956 1953 1030 2019 erat,

65 2029 89 2080 ut
105 2040 206 2089 omnes
228 2045 268 2088 ex
289 2029 370 2104 agris
391 2029 580 2105 urbibusque
596 2035 784 2089 commeatus
799 2037 925 2104 paratos
946 2030 1032 2090 militi

63 2108 96 2165 ud
108 2114 290 2172 vescendum
304 2114 335 2173 in
351 2113 432 2173 viem
447 2114 617 2186 deterrent,
640 2127 739 2188 equos
760 2113 954 2188 iumentaque
969 2114 1032 2174 aliu

63 2194 267 2271 producerent,
289 2204 321 2257 ut
335 2197 545 2259 vehiculorum
566 2197 658 2257 lessis
673 2197 765 2271 copie
779 2203 872 2258 esset.
908 2198 977 2272 ipse
992 2199 1031 2258 de

64 2280 115 2336 toto
135 2283 270 2342 exercitu
285 2282 396 2341 civium
417 2281 636 2357 sociorumque
651 2281 736 2355 quod
757 2281 878 2355 roboris
898 2288 963 2342 erat
978 2282 1031 2340 de-

65 2359 131 2436 legit,
153 2381 207 2425 sex
222 2366 304 2426 milia
319 2366 471 2441 peditum,
493 2367 574 2426 mille
590 2365 728 2441 equitem
748 2365 926 2441 pronuntiat
940 2381 1030 2426 oceu-

66 2458 126 2513 pare
146 2464 179 2507 se
200 2449 231 2509 in
246 2449 378 2510 Lucanis
399 2452 570 2527 proximam
593 2451 698 2510 urbem
711 2450 922 2526 Punicumque
942 2451 973 2510 in
994 2463 1032 2508 ee

66 2530 235 2597 praesidium
256 2535 351 2608 velle,
375 2541 407 2594 ut
428 2534 468 2594 ad
489 2535 545 2594 lter
560 2534 658 2610 parati
681 2551 788 2595 omnes
810 2541 925 2596 esseut.
957 2549 1030 2610 pro·

65 2609 147 2677 lectus
161 2626 251 2679 noete
265 2617 350 2679 llexit
365 2619 396 2679 in
410 2619 565 2679 Picenum.
598 2624 628 2679 et
641 2620 750 2680 consul
767 2618 892 2693 quidem
908 2617 1030 2695 quantis

65 2698 188 2762 maximis
214 2703 373 2765 itineribus
395 2708 514 2778 poterat
533 2703 575 2762 ad
602 2704 751 2778 collegam
772 2704 905 2766 ducebat
923 2702 1030 2764 relicto

65 2775 91 2848 Q·
105 2780 181 2845 catio
196 2789 306 2863 legato,
329 2787 382 2863 qui
397 2787 507 2848 cestris
523 2793 692 2862 praeesset.

135 2868 234 2931 XLIV.
261 2873 377 2932 Romae
392 2872 475 2932 haud
490 2872 591 2932 minus
606 2873 731 2932 terroris
746 2887 783 2931 ac
798 2874 940 2935 tumultus
956 2878 1029 2946 erat,

66 2961 143 3019 quam
156 2955 251 3016 luerat
264 2954 386 3017 biennio
402 2965 482 3029 ante,
505 2972 574 3016 cum
589 2962 690 3016 castra
704 2955 818 3016 Punica
833 2957 953 3018 obieeta
967 2957 1029 3016 Ro·

67 3035 148 3095 nanis
161 3040 319 3101 moenibus
335 3041 494 3117 portisque
509 3042 636 3101 luerunt.
662 3057 764 3116 neque
779 3040 854 3100 satis
870 3039 1030 3100 constabat

66 3115 167 3195 anime,
182 3130 241 3184 tam
260 3127 361 3186 audax
372 3128 429 3187 iter
441 3125 577 3186 consulis
590 3125 748 3185 laudarent
766 3127 1028 3199 vituperarentncr

67 3207 226 3283 tremebat,
249 3227 310 3285 quo
326 3211 400 3270 nibil
413 3209 547 3284 iniquius
563 3215 619 3284 est,
635 3224 675 3268 ex
690 3217 802 3269 eventu
817 3209 929 3266 lamam
943 3205 1028 3267 lrabi·

69 3285 158 3347 illrum.
181 3300 281 3353 castra
294 3292 599 3369 propeHannibelem
611 3294 731 3354 hostem
743 3293 848 3352 relicta
860 3291 926 3352 sine
939 3292 1019 3350 duce

69 3377 125 3428 lum
144 3377 291 3450 exercitu,
320 3379 367 3438 cui
389 3379 558 3439 detractum
580 3378 658 3440 leret
680 3392 770 3438 omne
790 3377 875 3450 quod
895 3373 1027 3447 roboris,

70 3455 139 3521 llud
149 3457 230 3521 lloris
244 3462 348 3530 luerim
365 3469 394 3522 et
406 3465 563 3524 consulem
577 3463 756 3522 lnLueanos
772 3458 948 3519 ostendisse
962 3458 1027 3530 iter,

69 3545 124 3595 tum
134 3539 270 3606 Picenum
284 3553 314 3607 et
325 3546 451 3606 Galliam
463 3553 588 3622 peteret,
601 3551 701 3604 castra
713 3543 933 3616 relinquentem
945 3541 1029 3602 nulla

765 3631 820 3686 14*
