2434 3902
206 221 322 284 urana
335 221 457 282 xxvu.
480 221 564 284 cnr.
582 231 625 288 19.
638 231 684 285 ro.
709 229 745 298 [a.
761 173 870 299 dm]
969 225 1029 292 ree

24 375 89 448 sit,
114 373 215 436 Atros
237 373 375 434 vendero
395 379 591 449 quaestorem
614 373 714 435 iussit.
753 375 938 437 circumfusa
957 377 1031 438 inde

23 458 202 520 multitudo
217 457 425 534 Hispanorum
439 463 470 518 et
489 463 561 518 onte
575 457 749 519 deditorum
762 465 795 521 et
808 459 907 536 pridie
923 468 1028 537 eapte·
1078 461 1083 470 “

25 560 102 604 rum
121 557 230 618 regem
245 557 315 604 erun
329 541 445 617 ingenti
460 556 617 604 consensu
631 543 808 620 appellavit.
844 551 908 606 tum
924 543 1028 622 Scipio

26 627 163 690 silentia
179 642 235 704 per
249 640 434 703 praeconem
449 626 529 688 tacto
545 625 604 687 sibi
626 627 791 690 maximum
806 642 918 690 nomen
932 629 1032 707 impe·-

26 711 151 774 ratecis
167 727 241 773 esse
256 710 341 783 dixit,
357 726 419 787 quo
434 725 470 772 se
483 710 594 772 milites
610 710 658 772 sui
672 713 897 788 appellassenu
911 714 1030 791 regium

26 812 162 870 nomen,
183 794 256 856 aiibi
270 811 422 872 magnum,
441 796 559 857 Romae
573 795 763 858 intolerabile
778 810 861 858 esse.
894 799 1029 874 regalem

30 881 177 942 animum
191 881 222 942 in
237 895 274 940 sa
287 895 375 950 esse;
390 879 418 940 si
428 879 465 940 ,id
479 878 510 940 in
520 879 654 940 hominis
669 879 791 956 ingenio
807 881 1028 958 amplissimum

34 965 200 1040 ducerent,
218 963 308 1026 tacite
319 964 498 1039 indicarent,
513 964 601 1026 vocis
616 965 817 1042 usurpatione
831 965 1028 1028 abstinerent.

33 1065 170 1112 sensere
180 1049 271 1110 etiam
283 1048 405 1110 barbari
415 1048 653 1124 magnitudinem
665 1050 766 1123 animi,
783 1050 870 1112 cuius
881 1051 1028 1112 miraculo

33 1134 174 1198 nomime
187 1133 239 1196 alii
253 1133 398 1194 mortales
413 1140 580 1210 stuperent,
602 1134 634 1195 id
649 1151 688 1194 ex
702 1143 762 1197 tam
778 1151 890 1211 magno
905 1134 1027 1212 fastigio

32 1217 247 1298 aspernantis.
264 1218 346 1280 done
355 1217 428 1279 inde
439 1219 552 1294 regulis
565 1218 1027 1296 principibusqueliispanorum

32 1305 158 1380 divisa,
180 1310 214 1366 et
231 1319 270 1364 ex
284 1319 396 1380 niagno
409 1304 501 1379 copia
513 1309 673 1379 captorum
694 1318 843 1381 equorum
864 1309 1026 1377 trecentos,

33 1405 119 1465 quos
135 1388 238 1464 vellet,
254 1386 368 1464 eligere
382 1386 550 1448 indebitam
563 1387 664 1450 iussit
687 1403 756 1450 cum
770 1389 864 1452 Atros
880 1387 1029 1449 venderet

34 1475 127 1536 iussu
157 1472 352 1548 imperatoris
373 1477 534 1548 quaestor,
561 1488 690 1548 puerum
713 1472 849 1534 adultum
873 1472 953 1533 inter
973 1488 1029 1533 eos

35 1561 138 1620 torma
153 1555 267 1634 insigni
282 1573 352 1618 cum
366 1557 506 1619 audisset
518 1556 594 1633 regii
609 1557 732 1633 generis
747 1573 829 1631 esse,
852 1557 893 1618 ad
908 1555 1028 1633 Scipio·

36 1660 110 1706 uem
120 1642 216 1704 misit
239 1657 329 1718 quem
344 1657 413 1702 etun
424 1648 673 1718 percunctaretur
683 1640 799 1719 Scipio,
814 1643 884 1719 quis
899 1648 929 1703 et
943 1641 1029 1703 cuias

40 1735 71 1788 et
86 1743 140 1790 cur
155 1727 189 1787 id
203 1727 311 1788 aetatis
326 1725 478 1788 incastris
491 1725 608 1801 inisset,
624 1725 785 1788 Numidam
797 1742 869 1788 esse
881 1727 931 1802 ait,
947 1726 1030 1788 Mas·

42 1812 141 1873 sinam
165 1813 332 1888 populares
355 1827 478 1874 vocare.
512 1811 620 1872 orbum
635 1827 654 1872 a
668 1819 754 1887 patre
768 1812 923 1886 relictum,
947 1811 1031 1888 apud

39 1903 211 1958 maternum
225 1911 318 1957 avum
325 1895 440 1968 Galam,
456 1910 560 1972 regem
566 1894 774 1970 Numidarum,
790 1897 945 1970 eductum,
959 1911 1029 1956 cum

40 1978 379 2056 avuncuchasinissc,
395 1979 447 2056 qui
461 1995 562 2056 nuper
575 1995 645 2041 cum
659 1979 795 2057 equitatu
810 1978 950 2040 subsidio
959 1979 1031 2039 Car-

39 2063 285 2142 thaginiensibus
299 2065 446 2140 venisset,
463 2064 495 2125 in
509 2063 690 2140 Hispaniam
703 2063 870 2125 uaiecisse.
894 2063 1029 2140 prohibi·

40 2159 104 2214 tum
117 2155 247 2226 propter
260 2154 390 2210 aetatem
404 2148 601 2211 aMesinisaa
614 2164 781 2225 numquam
796 2155 867 2209 ante
881 2147 1032 2227 proelium

39 2235 155 2298 inisse=
177 2249 216 2294 eo
231 2234 291 2310 die,
308 2250 369 2310 quc
383 2239 552 2311 pugnatum
567 2251 636 2295 curn
652 2233 799 2296 Romarr'r
818 2240 911 2309 esset,
931 2232 1033 2293 inscio

40 2319 212 2394 aprunculo,
234 2321 313 2380 elatu
334 2318 426 2380 mmis
447 2333 594 2396 equoque
609 2324 732 2396 sumpto
746 2318 777 2380 in
796 2317 894 2378 aciem
915 2317 1030 2378 exisse.

41 2405 84 2466 ibi
99 2405 250 2480 prolapso
265 2419 345 2480 equo
369 2403 546 2481 effusumin
561 2419 713 2480 praeceps
729 2409 852 2480 ceptum
866 2401 905 2462 ab
919 2402 1032 2462 Roma·

42 2490 89 2550 nis
104 2503 188 2550 esse.
220 2486 326 2564 Scipio
342 2505 412 2550 oum
427 2488 585 2550 adservari
599 2488 760 2550 Numidam
775 2487 929 2562 iussisset,
950 2502 1033 2562 quae

44 2589 100 2651 pro
114 2572 258 2635 tribunali
273 2574 394 2650 agenda
409 2579 503 2649 erant,
519 2574 651 2650 peragit;
672 2573 745 2634 inde
761 2589 829 2634 eum
845 2587 881 2634 se
895 2571 1032 2648 inprae-

44 2658 154 2721 lorium
174 2657 361 2734 recepisset,
384 2664 529 2720 vocatum
550 2673 620 2719 eum
640 2658 821 2734 interrogat,
844 2658 977 2717 velletne
992 2655 1033 2716 ad

43 2741 240 2803 Masurissam
258 2743 379 2803 reverti.
414 2759 483 2803 eum
506 2741 614 2803 offusis
629 2743 744 2818 gaudio
765 2742 898 2804 lacrimis
919 2755 1033 2819 cupere

43 2843 119 2888 vero
142 2825 271 2900 memet,
299 2832 364 2888 tum
387 2843 485 2902 puero
507 2829 632 2888 anulum
652 2843 793 2903 aureum,
817 2826 951 2889 tunicam
971 2828 1032 2886 tato

46 2913 134 2972 clavo
157 2926 225 2972 cum
239 2910 379 2988 Hispano
401 2911 511 2988 sagulo
527 2918 558 2972 et
572 2927 665 2972 aurea
679 2912 773 2974 fibula
794 2927 969 2989 equumque
985 2925 1034 2972 oe

45 3003 148 3058 netum
162 2996 266 3070 donat,
282 2996 440 3073 iussisque
454 2997 612 3074 prosequi,
635 2998 740 3073 quoad
755 2999 856 3073 vellet,
878 2995 1034 3068 equitibus

48 3080 169 3142 dimisit.
356 3107 358 3114 >
1021 3117 1024 3120 -

129 3163 194 3224 XX.
224 3165 271 3224 De
285 3164 366 3227 bello
381 3165 456 3226 inde
468 3165 629 3227 consitium
643 3165 788 3227 habiturn.
812 3171 842 3226 et
855 3161 1033 3224 auctoribus

51 3249 240 3325 quibusdam,
255 3255 291 3310 ut
304 3249 465 3310 confestim
472 3249 697 3311 Hasdrubalem
714 3252 964 3325 consequeretur,
980 3261 1033 3304 an·
1050 3259 1059 3278 ⁹

51 3347 122 3410 ceps
136 3333 168 3394 id
182 3340 276 3406 ratus,
292 3334 429 3410 neltagc
446 3341 538 3411 atque
544 3334 722 3396 Hasdrubal
736 3351 805 3396 cum
820 3349 857 3392 eo
874 3331 1034 3406 iungerent

52 3417 163 3494 copias,
173 3418 336 3494 praesidio
347 3424 463 3480 tonmm
476 3420 517 3479 ad
529 3418 726 3480 insidendum
732 3419 924 3496 monacum
936 3415 1033 3474 misso

52 3499 117 3577 ipse
126 3501 276 3578 reliquum
292 3503 416 3564 aestatis
431 3502 618 3580 recipiendis
640 3502 671 3561 in
686 3501 778 3562 tidem
793 3498 962 3575 Hispaniae
977 3511 1032 3574 po·
