2466 3900
145 181 187 246 48
297 179 412 242 LIBER
425 175 532 238 XXIV.
554 173 639 236 cAP.
653 183 699 240 tt.
711 183 756 238 48·
780 175 819 254 [ι.
832 179 870 234 tt.
884 198 911 234 c.
923 176 992 254 639]

145 331 266 410 Arpini,
286 345 376 405 quam
391 328 431 388 ob
445 341 559 385 noxam
571 324 802 399 Romanorum,
827 325 920 401 quod
935 331 993 386 aut
1008 323 1165 386 meritum

145 417 313 477 Poenorum
328 426 384 488 pro
400 408 578 484 alienigenis
593 423 630 468 ac
640 407 783 468 barbaris
802 407 903 468 italici
918 408 1088 469 adversus
1104 423 1165 469 ve·

145 509 225 559 teres
245 496 350 557 socios
364 495 519 555 Romanos
533 490 646 552 bellurn
666 499 826 566 gererent,
849 499 882 552 et
904 492 1105 567 vectigalem
1122 508 1164 553 ac

146 579 374 657 stipendiariam
387 577 503 636 ltaliam
515 575 641 635 Alricae
656 577 810 636 lacerent=
834 574 970 650 Arpinis
987 578 1160 651 purganti·

149 668 204 726 bus
218 663 343 738 ignaros
360 661 491 720 omniurn
503 673 539 720 se
553 673 664 718 venum
678 675 697 718 a
709 658 908 734 principibus
920 660 1020 721 datos
1030 659 1161 734 Poeno,

148 753 256 824 captos
277 757 511 822 oppressosque
531 758 550 801 a
570 743 678 817 paucis
701 757 784 802 asse.
831 742 921 803 initio
942 750 1017 804 orto
1041 744 1162 818 plures

149 846 217 891 cum
233 828 368 905 pluribus
383 826 534 901 colloqui;
557 833 715 900 postremo
729 825 1010 902 praetorArpinus
1026 827 1070 887 ab
1083 829 1161 889 suis

149 914 190 974 ad
205 913 361 974 consulem
376 910 536 982 deductus,
558 908 685 983 lideque
699 910 772 970 data
787 910 868 970 inter
883 910 979 986 signa
994 911 1162 987 aciesque

149 997 257 1072 Arpini
276 1002 403 1073 repente
423 1011 478 1072 pro
499 991 647 1053 Romanis
673 993 828 1055 adversus
851 993 1161 1069 Carthaginiensem

151 1097 234 1140 arma
252 1084 414 1143 verterunt.
446 1075 574 1152 Hispani
590 1091 729 1152 quoque,
753 1079 848 1153 poulo
866 1079 973 1138 minus
988 1079 1077 1139 tuille
1094 1081 1159 1140 ho-

43 1219 47 1226 .
151 1165 263 1235 mines,
288 1163 361 1222 nihil
381 1168 538 1238 praeterea
551 1175 620 1220 curn
634 1162 763 1221 consule
779 1161 877 1237 pacti,
902 1178 1002 1239 quam
1022 1171 1058 1222 ut
1079 1165 1160 1225 sine

151 1248 257 1307 fraude
263 1247 407 1306 Punicum
416 1246 598 1306 emitteretur
605 1241 803 1319 praesidium,
817 1245 857 1306 ad
868 1245 1036 1306 consulem
1045 1254 1159 1308 trans-

152 1334 282 1392 tulerunt
296 1329 392 1406 signa.
416 1326 714 1403 Carthaginiensibus
729 1335 841 1403 portae
857 1330 1038 1405 patefactae
1053 1332 1157 1392 ernis-

153 1415 241 1489 sique
252 1428 323 1474 oum
337 1413 399 1474 nde
414 1413 581 1473 incolumes
596 1411 637 1470 ad
650 1410 855 1472 Hannibalem
871 1413 1035 1490 Salapiam
1052 1431 1155 1476 vene-

154 1503 229 1556 runt.
265 1498 342 1571 Arpi
362 1495 428 1556 sine
450 1495 538 1555 clade
558 1493 648 1556 ullius
670 1501 889 1570 praeterquam
909 1497 1007 1559 unius
1028 1499 1155 1560 veteris
1224 1515 1225 1560 t

154 1579 327 1654 proditoris,
343 1579 416 1638 novi
430 1579 585 1655 perfugae,
599 1577 729 1639 restituti
744 1580 785 1640 ad
796 1580 970 1642 Romanos.
993 1581 1156 1658 Hispanis

155 1661 289 1737 duplicia
303 1662 416 1722 cibaria
427 1662 492 1722 dari
507 1663 606 1731 iussa;
623 1677 782 1738 operaque
797 1679 906 1726 eorum
920 1665 992 1725 lorti
1009 1681 1048 1726 ac
1059 1666 1153 1728 lideli

156 1760 306 1821 persaepe
318 1761 370 1805 res
384 1745 505 1820 publica
519 1761 577 1807 usa
591 1752 647 1806 est.

240 1827 313 1888 Cum
332 1832 439 1890 consul
460 1831 536 1890 alter
556 1830 587 1889 in
606 1830 719 1905 Apulia
738 1830 815 1890 alter
836 1831 866 1890 in
887 1831 1027 1894 Lucanis
1050 1843 1154 1912 esset,

156 1912 274 1986 equites
295 1919 413 1974 centurn
434 1913 596 1974 duodecim
617 1913 736 1974 nobiles
752 1913 902 1992 Campani
923 1933 983 1993 per
1004 1919 1153 1994 speciem

158 1996 327 2069 praedandi
353 2013 393 2057 ex
413 1996 546 2059 hostium
566 2013 641 2072 agro
664 1997 817 2074 permissu
845 2001 1088 2075 magistratuum
1110 2003 1153 2064 ab

157 2077 261 2154 Capua
275 2081 403 2157 proiecti
417 2081 457 2140 ad
472 2088 573 2141 castra
585 2081 732 2157 Ronnana,
748 2099 830 2157 quae
847 2099 945 2159 super
959 2083 1152 2148 Suessulam
1223 2097 1224 2100 ’

157 2170 250 2238 erant,
265 2172 420 2239 venemnt,
435 2165 557 2226 stationi
570 2165 696 2228 militurn
712 2167 885 2242 quiessent
899 2168 1065 2232 dixerunta
1081 2174 1150 2233 col-

158 2246 241 2320 loqui
257 2265 327 2309 sese
341 2266 410 2310 cum
431 2257 572 2324 praetore
586 2250 675 2309 velle.
708 2249 761 2310 cn.
776 2249 905 2312 Fulvius
920 2255 1036 2315 castris
1053 2270 1149 2330 prae·
1223 2257 1224 2264 ’

157 2337 238 2399 erat;
261 2333 309 2392 cui
328 2332 378 2395 ubi
393 2334 559 2393 nuntiatum
579 2340 640 2405 est,
663 2334 770 2394 decern
785 2350 879 2396 exeo
895 2352 1027 2398 numero
1049 2339 1150 2401 iussis

158 2412 322 2476 inermibus
344 2415 453 2475 deduci
475 2417 515 2475 ad
539 2433 589 2490 se,
618 2416 669 2476 ubi
696 2434 777 2494 quae
804 2420 1001 2495 postularent
1025 2422 1151 2486 audivit

158 2526 202 2536 -
219 2497 293 2557 nihil
313 2505 412 2559 autem
434 2498 514 2559 aliud
536 2498 693 2574 petebant,
722 2519 815 2576 quarn
835 2511 869 2566 ut
889 2503 998 2580 capua
1016 2514 1151 2585 recepta

158 2576 240 2637 bona
261 2580 319 2640 sibi
338 2581 565 2643 restituerentur
578 2617 628 2655 -,
649 2583 679 2643 in
697 2584 792 2646 fidem
814 2603 923 2648 ornnes
945 2591 1081 2666 accepti.
1117 2599 1150 2652 et

159 2658 197 2718 ab
213 2662 307 2724 altero
324 2671 463 2739 praetore
475 2663 657 2740 Sempronio
669 2668 821 2732 Tuditano
838 2673 992 2749 oppidum
1002 2674 1149 2736 Atrinum

160 2755 375 2822 expugnatum.
406 2749 534 2825 amplius
550 2766 606 2810 sex
620 2749 703 2810 milia
717 2753 877 2818 hominum
894 2764 996 2834 capta,
1017 2766 1050 2821 et
1064 2760 1148 2821 aeris

159 2831 336 2904 argentique
351 2833 459 2909 signati
473 2833 667 2908 aliquantum.
690 2835 812 2901 Romae
827 2840 953 2902 loedum
967 2841 1149 2906 incendium

160 2923 216 2984 per
227 2912 303 2974 duas
316 2925 421 2979 noctes
433 2933 469 2978 ac
481 2918 561 2979 diem
576 2933 667 2976 unum
678 2921 791 2982 tenuit:
808 2927 877 2986 solo
892 2934 1028 3002 aequata
1042 2928 1149 2988 omnia

160 2992 237 3054 inter
258 2997 376 3062 Salinas
397 3018 434 3063 ac
453 3008 571 3078 portam
592 2999 817 3066 Carmentalem
839 3023 908 3072 cum
929 3012 1147 3087 Aequimaelio

160 3077 342 3160 lugarioque
363 3086 441 3148 vico.
474 3086 503 3147 in
524 3082 644 3158 templis
659 3080 819 3149 Fortunae
840 3109 876 3156 ac
890 3095 997 3156 matris
1011 3095 1147 3158 Matutae

160 3167 189 3221 et
203 3161 276 3240 Spei
290 3176 375 3230 extra
388 3178 506 3247 portam
520 3169 580 3227 late
595 3172 726 3237 vagatus
748 3169 831 3243 ignis
847 3193 938 3241 sacra
953 3181 1147 3258 profanaque

159 3247 250 3308 multa
263 3250 441 3331 absumpsit.

241 3332 370 3396 lttvul.
394 3339 510 3399 Eodem
530 3346 610 3394 anno
626 3328 659 3386 P·
675 3334 708 3389 et
722 3331 777 3391 Gn.
794 3337 946 3422 Cornelii,
966 3364 1036 3410 cum
1049 3349 1081 3409 in
1095 3348 1145 3408 Hi·
1222 3365 1223 3396 t

159 3414 266 3483 spania
286 3433 336 3478 res
357 3433 523 3497 prosperae
545 3415 653 3476 essent
672 3412 857 3496 multosque
878 3438 910 3492 et
930 3437 1050 3494 veteres
1069 3431 1144 3494 reci·
