2448 3900
191 275 310 338 LIBER
324 274 429 337 XXlX.
452 273 536 334 CAP-
552 282 578 338 7.
592 283 619 338 8.
642 281 678 350 [ι.
695 283 728 335 c.
743 283 806 351 iob]
930 277 990 342 tsi

16 446 29 490 s
44 427 83 490 ab
99 425 181 488 urbe
196 425 309 488 Locris
325 425 414 486 abest
426 455 470 469 —
490 425 594 486 nuntio
608 425 796 502 praemisso,
817 436 851 489 ut
864 429 912 490 sui
927 431 995 491 luce

16 513 100 573 trima
122 526 251 571 summa
270 510 301 569 vi
318 509 469 586 proelium
490 524 559 571 cum
572 509 718 571 Romanis
739 526 775 571 ac
789 511 995 576 Locrensibus

16 603 217 668 :ousererent
246 594 320 654 dum
333 593 402 670 ipse
418 593 537 654 aversis
553 595 694 655 omnibus
709 595 740 656 in
753 611 822 655 eum
836 599 996 660 tumultum

16 679 42 740 ab
58 687 147 753 tergo
163 678 279 740 urbem
292 679 444 739 incautam
459 678 685 755 adgrederetur,
705 679 757 740 ubi
772 680 841 740 luce
855 691 995 759 coeptam

17 763 118 823 nvenit
139 778 299 838 pugnam,
321 763 390 838 ipse
410 778 467 823 nec
488 763 519 821 in
540 778 642 823 arcem
661 779 697 823 se
717 762 886 840 includere,
906 767 996 826 turba

18 863 104 908 ocum
127 853 233 907 artum
255 847 473 923 impediturus,
495 847 605 921 voluit,
627 861 728 924 neque
743 848 860 923 scalas,
885 849 995 924 quibus

16 931 169 991 scanderet
184 947 305 1004 muros,
321 933 470 992 attulerat.
502 930 630 991 sarcinis
645 932 675 996 in
690 946 834 992 acervum
849 934 996 994 coniectis

16 1032 73 1074 eum
86 1015 173 1076 haud
188 1017 301 1092 procul
312 1016 406 1076 muris
422 1015 462 1075 ad
478 1022 624 1075 terrorem
634 1016 768 1076 bostium
783 1017 879 1076 aciem
894 1026 996 1078 osten·

16 1099 110 1175 disset,
133 1115 205 1159 cum
222 1101 378 1175 equitibus
389 1099 526 1160 Numidis
542 1099 772 1177 circumequitat
785 1100 901 1174 urbem,
924 1103 995 1162 dum

16 1185 110 1244 scalae
130 1199 280 1259 quaeque
294 1185 354 1244 alia
368 1184 408 1244 ad
430 1185 671 1260 oppugnandum
686 1201 765 1261 opus
786 1192 872 1246 erant
885 1201 994 1261 paran-

16 1275 69 1342 tur,
92 1268 133 1327 ad
147 1269 316 1330 visendum
339 1285 400 1344 qua
413 1268 545 1328 maxime
559 1276 646 1344 parte
664 1269 891 1345 adgrederetur.
924 1284 995 1345 pro·

16 1367 134 1426 gressus
146 1353 188 1412 ad
200 1369 331 1429 murum,
347 1354 513 1429 scorpione
522 1353 582 1414 icto
595 1353 647 1429 qui
662 1353 821 1428 proximus
836 1370 906 1414 eum
918 1353 995 1414 torte

16 1443 142 1512 steterat,
157 1438 286 1499 territus
301 1437 373 1497 inde
383 1444 444 1498 tam
458 1436 633 1513 periculoso
646 1452 721 1498 casu
735 1438 871 1514 receptui
884 1453 995 1498 canere

19 1535 80 1580 cum
92 1521 255 1597 iussisset,
275 1528 375 1582 castra
390 1520 552 1597 proculab
572 1522 632 1581 ictu
646 1522 697 1582 teli
712 1524 885 1583 communit.
918 1523 995 1582 clas-

19 1604 59 1664 sis
65 1605 202 1670 Romana
216 1623 237 1665 a
247 1607 517 1667 MessanaLocros
533 1605 651 1681 aliquot
664 1604 748 1667 horis
765 1607 816 1667 dic
831 1613 996 1682 superante

22 1690 155 1762 accessit;
179 1691 318 1767 expositi
333 1706 474 1751 omnese
484 1689 615 1750 navibus
631 1696 744 1750 stante
759 1706 904 1752 occasum
920 1692 996 1750 solis

22 1771 118 1834 urbem
131 1775 268 1850 ingressi
282 1781 361 1836 sunt.
382 1781 507 1850 postero
524 1773 574 1834 die
589 1780 700 1851 coepta
714 1790 753 1834 ex
767 1791 838 1835 arce
852 1791 871 1834 a
884 1774 996 1836 Poenis

22 1871 129 1931 pugna,
152 1867 183 1921 et
196 1859 352 1920 Hannibal
372 1860 433 1919 iam
453 1859 546 1919 scalis
568 1859 699 1934 aliisque
719 1859 859 1918 omnibus
880 1858 919 1917 ad
941 1875 996 1933 op·

23 1943 232 2015 pugnationem
247 1943 362 2019 paratis
378 1942 499 2005 subibat
513 1958 632 2015 muros,
656 1957 725 2002 cum
740 1949 866 2016 repente
880 1941 911 2000 in
927 1957 996 2000 eum

24 2024 88 2083 nibil
101 2027 199 2090 minus
213 2045 308 2105 quam
321 2029 382 2089 tale
398 2029 560 2103 quicquam
574 2026 728 2087 timentem
743 2026 894 2100 patefacta
908 2031 997 2099 porta

26 2120 177 2186 erumpunt
190 2112 332 2174 Romani.
354 2113 394 2172 ad
409 2113 557 2174 ducentos
572 2109 765 2185 improvidos
782 2124 850 2169 cum
866 2108 997 2167 invasis·

26 2199 84 2252 sent
97 2196 255 2259 occidunt:
278 2204 398 2258 ceteros
406 2195 565 2270 Hannibal,
580 2203 613 2256 ut
628 2194 786 2254 consulem
800 2193 914 2252 adesse
928 2206 997 2252 sen·

27 2274 67 2349 sit,
86 2277 115 2338 in
130 2289 233 2344 castra
247 2281 370 2357 recipit,
394 2281 561 2356 nuntioque
576 2280 671 2340 misso
686 2278 728 2337 ad
742 2293 797 2338 eos
814 2276 865 2352 qui
881 2276 911 2335 in
927 2287 998 2335 arce

28 2369 115 2436 crant,
141 2373 175 2426 ut
200 2365 322 2426 sibimet
346 2364 406 2440 ipsi
429 2365 637 2436 consulerent,
667 2367 756 2422 nocte
776 2360 866 2422 motis
888 2360 996 2420 castris

28 2440 98 2503 abiit.
128 2451 227 2525 etqui
248 2449 279 2508 in
301 2465 372 2509 arce
386 2455 487 2522 erant,
509 2448 571 2523 igni
592 2447 702 2507 iniecto
716 2445 805 2506 tectis
822 2460 900 2519 quae
914 2450 996 2503 tene-

29 2523 104 2604 bant,
124 2538 156 2592 ut
176 2534 203 2594 is
224 2533 370 2596 tumultus
391 2531 510 2593 hostem
531 2537 712 2604 moraretur,
742 2544 851 2604 agmen
873 2542 998 2588 suorum

30 2608 108 2684 iuga'e
122 2616 213 2678 simili
228 2633 321 2679 cursu
336 2623 406 2677 ante
417 2623 538 2677 noctem
553 2613 692 2675 adsecuti
707 2619 787 2675 sunt.
830 2612 910 2671 viil.
933 2610 998 2672 Sci-

32 2693 74 2764 llo
86 2705 118 2757 ut
129 2707 160 2760 et
173 2716 276 2762 arcem
289 2702 426 2762 relictam
440 2700 478 2760 ab
490 2699 630 2760 hostibus
645 2704 676 2758 et
690 2713 788 2758 vacua
798 2696 875 2757 vidit
889 2702 998 2769 castra,
1041 2705 1045 2709 ·

32 2789 147 2845 vocatos
161 2787 202 2847 ad
218 2786 390 2847 contionem
404 2785 576 2844 Locrenses
594 2782 727 2858 graviter
741 2781 781 2841 ob
796 2780 999 2841 deiectionem

32 2857 185 2940 incusavit;
220 2869 260 2930 de
280 2868 455 2930 auctoribus
474 2867 659 2943 supplicium
679 2866 825 2941 sumpsit,
852 2863 999 2939 bonaque

34 2956 125 3008 tonum
148 2954 272 3014 alterius
289 2951 430 3014 factionis
451 2950 642 3028 principibus
663 2949 703 3012 ob
728 2949 881 3024 egregiam
906 2946 999 3006 tidem

35 3027 168 3096 adversus
182 3039 340 3099 Romanos
362 3037 525 3098 concessit.
558 3033 681 3110 publice
702 3048 759 3093 nec
775 3033 849 3092 dare
862 3045 921 3090 nec
942 3029 999 3088 eri-

37 3123 147 3181 lerose
168 3122 331 3197 quicquam
352 3119 557 3183 Locrensibus
581 3118 666 3178 dixit.
699 3117 827 3177 Romam
848 3113 999 3174 mitterent

35 3190 149 3269 legatum
172 3222 263 3280 quam
277 3212 402 3266 senatus
416 3219 548 3280 aequum
563 3200 743 3274 censuisset,
765 3213 832 3258 eam
848 3198 998 3257 tortumm

37 3272 186 3350 babituros.
217 3290 292 3350 iliud
307 3289 382 3350 satis
397 3288 485 3361 scire,
509 3284 566 3346 etsi
580 3286 660 3346 male
675 3285 714 3343 de
729 3281 843 3358 populo
859 3279 998 3339 Romano

38 3365 119 3428 meriti
133 3382 243 3450 essent
257 3375 288 3434 in
303 3371 429 3434 meliore
444 3378 524 3432 statu
539 3370 596 3430 sub
611 3367 695 3428 iratis
707 3364 854 3426 Romanis
869 3363 997 3434 tuturos,

40 3459 117 3516 luam
129 3455 183 3517 sub
198 3457 304 3518 amicis
313 3452 614 3530 carthaginiensibus
630 3448 750 3512 luerint.
773 3449 842 3525 ipse
852 3444 998 3506 Pleminio

41 3522 124 3603 'litto
140 3541 369 3617 praesidioque,
398 3538 483 3617 quod
505 3552 606 3597 arcem
627 3540 765 3610 ceperat,
795 3532 833 3591 ad
855 3529 998 3592 tuendam
