2428 3892
261 137 701 220 numantinorum.
724 161 762 230 r..
777 159 810 214 c.
823 162 888 230 aa]
1010 155 1068 222 ror

59 307 286 384 eonsulatum
298 309 359 370 uisi
369 308 402 370 id
413 307 495 372 bono
507 306 631 386 publico
643 307 739 384 lieret,
751 307 891 385 prolecto
903 324 1067 386 numquam

64 392 188 452 sisset.
219 392 258 453 iis
272 392 461 454 orationibus
477 407 545 454 cum
560 392 614 453 diu
629 398 774 453 certatum
788 399 887 468 asset,
909 399 1066 469 postremo

67 483 117 537 ua
133 476 218 535 inter
232 477 411 538 dictatorem
424 492 462 537 ac
475 475 614 552 tribunos
630 476 780 550 convenit
796 483 828 536 ut
842 491 880 537 eo
898 476 982 551 quod
997 491 1068 538 cen·

64 561 199 622 suisset
214 569 340 622 senatus
356 567 495 622 staretur.
528 560 666 637 putribus
687 559 723 620 id
733 567 854 636 tempus
868 558 912 620 rei
927 559 1069 637 publicae

70 645 187 705 visum
203 651 259 720 est,
274 652 308 706 ut
321 652 513 722 perveteres
529 653 559 705 et
573 650 719 721 expertos
734 644 869 720 bellique
883 645 998 720 peritos
1014 645 1069 705 im·

69 734 245 792 peratoros
259 728 446 806 respublica
460 735 630 804 gereretum
646 728 752 805 itaque
765 743 882 788 moram
893 728 959 790 lieri
975 729 1069 791 comi·

70 811 130 872 aiis
154 827 218 874 nou
240 813 373 889 placere.
407 812 648 875 concedentibus
668 811 797 873 tribunis
813 811 935 873 comitIa
948 812 1068 884 babilaa

72 896 231 958 declarati
248 899 391 960 consules
404 897 438 973 Q.
450 896 563 958 Fabius
577 896 728 957 Maximus
745 896 880 972 quintum
896 896 929 971 Q.
943 895 1069 959 Fulvius

76 979 214 1042 Flaccus
230 989 378 1058 quartum.
410 987 569 1058 praetores
583 981 656 1042 inde
670 981 763 1041 creati
777 981 810 1040 L.
822 979 969 1042 Veturius
983 980 1069 1041 Philo

73 1064 110 1122 T.
129 1064 290 1139 Quinctius
307 1065 465 1142 crispinus
481 1064 513 1126 G.
523 1063 672 1127 Hostilius
683 1064 818 1126 Tubulus
832 1064 864 1125 C.
879 1065 1072 1126 Auruncule-

75 1148 142 1211 ius.
175 1149 404 1226 magistratibus
421 1149 450 1210 in
472 1165 585 1210 annum
601 1149 710 1210 creatis
726 1147 760 1222 Q.
774 1148 899 1210 Fulvius
921 1148 1070 1210 dictatura

75 1248 118 1292 se
134 1231 300 1294 abdicavit.

167 1305 313 1378 Eanemo
325 1317 451 1379 aestatis
459 1316 549 1378 huius
562 1315 793 1379 classisPuniea
805 1315 926 1375 navium
939 1315 1070 1391 quadra-

76 1401 167 1476 ginta
191 1417 260 1462 eum
279 1403 437 1477 praelecto
452 1402 625 1462 Hamilcare
639 1400 669 1460 iu
684 1398 858 1462 Sardiniam
879 1399 1005 1460 traiecta
1021 1397 1069 1460 01-

76 1485 223 1546 biensem
236 1485 346 1562 primo,
363 1485 444 1562 dein,
458 1494 626 1562 postquam
640 1483 967 1545 ibiP.ManliusVulso
983 1498 1070 1558 prae-

77 1577 129 1630 tor
148 1583 221 1630 cum
242 1571 380 1632 exercitu
397 1571 554 1647 apparuit,
584 1569 769 1630 circumacta
787 1567 860 1628 inde
882 1567 921 1627 ad
943 1568 1070 1629 alterum

81 1653 203 1714 insulae
223 1653 302 1714 latus
318 1654 521 1716 Caralitanum
535 1669 642 1730 agrum
657 1653 803 1729 vastavit,
825 1657 856 1714 et
870 1668 939 1714 cum
955 1652 1070 1728 praeda

81 1738 185 1798 omnis
199 1738 322 1814 generis
336 1737 367 1798 in
381 1738 518 1800 Africam
532 1737 621 1799 redit.
921 1773 923 1780 ·

168 1820 355 1884 Sacerdotes
369 1823 500 1885 Romani
523 1838 561 1884 eo
577 1837 659 1883 anno
675 1819 784 1882 mortui
805 1821 923 1897 aliquot
936 1819 1070 1881 sullecti-

80 1921 161 1980 que=
194 1905 227 1966 C.
253 1905 403 1969 Servilius
427 1907 565 1984 pontifex
591 1907 690 1966 lactus
715 1904 746 1964 in
770 1905 872 1982 locum
896 1905 930 1965 T.
954 1903 1069 1964 Otacilii

78 1989 205 2051 crassi:
227 1990 291 2050 Tib.
307 1987 509 2068 Sempronius
528 1990 593 2052 Tib.
607 1989 640 2049 F.
654 1989 781 2064 Longus
801 2003 900 2064 augur
920 1989 1019 2049 lactus
1039 1989 1071 2048 in

80 2075 185 2136 locum
194 2075 227 2134 T.
236 2073 355 2136 Otacilii
363 2075 481 2137 crassi:
505 2073 661 2136 decemvir
674 2073 746 2134 item
760 2072 858 2133 sacris
874 2071 1023 2134 iaciendis
1040 2073 1071 2132 in

79 2157 187 2219 locum
208 2156 273 2217 Tib.
289 2158 463 2236 Sempronii
485 2159 516 2221 0.
531 2159 564 2220 F.
578 2157 676 2234 Longi
697 2155 762 2217 Tib.
784 2154 985 2231 Sempronius
1005 2155 1067 2216 Tib.

79 2242 115 2302 F.
130 2241 257 2318 Longus
278 2243 428 2306 suffectus
470 2244 511 2304 M.
526 2243 660 2306 Marcius
681 2257 739 2302 rex
759 2255 917 2304 sacrorum
932 2245 1069 2301 mortuus

78 2332 132 2386 est
145 2333 176 2385 et
185 2325 226 2386 ll.
233 2327 384 2389 Aemilius
391 2328 494 2404 Papus
508 2327 660 2394 maximus
676 2324 777 2397 curi03
801 2341 902 2402 neque
917 2325 948 2385 in
964 2339 1070 2385 eorum

79 2410 186 2470 locum
201 2413 381 2473 sacerdotes
396 2428 434 2473 eo
450 2428 531 2474 auno
547 2410 679 2473 suffecti.

168 2493 206 2554 ill
220 2509 368 2558 censores
383 2497 434 2557 hic
454 2499 554 2558 annuis
572 2495 679 2558 habuit
692 2496 726 2555 L.
741 2494 902 2556 Veturium
914 2491 1071 2554 Philonem

80 2584 115 2638 et
133 2577 167 2637 P.
181 2577 330 2642 Licinium
353 2580 512 2658 crassum,
534 2581 700 2641 maximum
722 2579 908 2656 pontificem.
941 2577 1072 2639 crassus

81 2661 218 2724 Licinius
233 2678 291 2724 uec
307 2665 416 2726 consul
431 2679 489 2726 nec
502 2671 628 2742 praetor
647 2671 718 2724 ante
732 2665 833 2725 iuerat
848 2679 940 2739 quam
960 2676 1073 2724 censor

83 2753 134 2807 est
147 2747 262 2820 lactus;
286 2765 326 2810 ex
348 2749 502 2810 aedilitate
516 2750 646 2826 gradum
665 2749 705 2809 ad
722 2764 884 2810 censuram
899 2747 979 2810 lecit.
1015 2745 1072 2808 sed

84 2831 117 2891 iri
131 2846 278 2894 censores
293 2849 397 2909 neque
411 2841 553 2896 senatum
567 2833 707 2910 legerunt
720 2849 822 2911 neque
837 2832 1002 2911 quicquam
1016 2848 1071 2908 pu-

85 2915 182 2976 blicae
194 2916 240 2977 rei
255 2923 399 2993 egerunt=
421 2935 505 2980 mors
522 2918 642 2980 diremit
655 2917 689 2976 L.
703 2917 837 2990 Veturii;
859 2917 932 2979 inde
949 2923 980 2978 et
993 2915 1071 2977 Lici-

87 3000 152 3059 nius
167 3014 300 3062 censura
313 3017 349 3062 se
364 3001 529 3064 abdicavit
563 3003 681 3064 aediles
696 3003 818 3064 curules
833 3003 867 3063 1..
882 3002 1027 3062 Veturius
1042 3005 1072 3060 el

85 3083 117 3149 P.
124 3083 258 3146 Licinius
264 3086 369 3148 Varus
381 3087 639 3149 ludosRomauos
651 3086 731 3147 diem
746 3101 841 3148 unum
855 3085 1072 3150 instaurarunt.
1142 3131 1145 3136 .

87 3168 199 3230 aediles
213 3169 318 3246 plebei
330 3170 365 3246 Q.
374 3165 477 3232 cadus
492 3178 523 3233 et
535 3169 569 3236 L.
577 3170 707 3233 Porcius
714 3170 837 3232 Licinus
852 3185 892 3230 ex
905 3167 1071 3231 multaticio

86 3260 209 3328 argento
224 3254 315 3330 signa
329 3269 428 3316 aenea
441 3256 482 3315 ad
493 3255 613 3317 cereris
629 3254 752 3328 dedere,
773 3261 805 3314 et
818 3253 910 3316 ludos
924 3259 982 3330 pro
996 3259 1073 3313 tem-

88 3337 167 3412 pon's
181 3337 274 3399 huius
290 3337 383 3414 copia
396 3339 551 3414 magnifici
567 3347 736 3416 apparatus
751 3338 898 3398 lecerunt

164 3421 232 3481 vll.
265 3421 356 3483 Exitu
378 3422 450 3482 anni
470 3422 564 3485 huius
580 3425 612 3486 θ.
629 3424 763 3496 Melina,
787 3420 838 3481 die
854 3427 962 3498 quarto
977 3427 1008 3480 et
1020 3419 1071 3481 tri·
