2448 3900
155 225 220 293 tol
319 226 536 290 Lledltxltlt
559 227 753 288 capuam.
776 233 812 300 [ι.
826 231 977 298 ηοω]

156 387 279 458 praetor
290 379 369 440 duas
380 378 518 454 legiones
529 378 560 440 in
572 375 676 439 Sicilia
685 379 724 438 ab
737 379 789 439 cn.
800 377 962 440 Tremellio
975 376 1159 456 acciperet

156 463 236 540 legio
257 479 320 525 una
333 462 374 522 Μ.
389 461 484 524 Fabio
505 463 536 522 in
551 460 739 536 Sardiniam,
761 479 854 537 quam
867 461 900 520 P.
914 460 1069 524 Lentulus
1096 479 1160 538 pro

156 553 300 626 praetore
321 545 495 621 habuisset,
518 544 702 625 decernitur.
736 543 778 605 Μ.
794 545 925 607 Servilio
940 547 1061 622 prioris
1079 545 1160 606 anui

157 631 276 698 consuli
297 646 367 691 curn
387 629 453 690 suls
474 629 595 690 duabus
615 630 687 690 item
701 628 874 704 legionibus
889 631 919 690 in
933 630 1063 691 Etruria
1079 647 1159 706 pro-

156 721 296 790 rogatur
309 714 340 774 in
355 728 469 773 annum
482 713 643 788 imperium
658 721 714 774 est.
739 713 825 789 quod
838 715 878 776 ad
891 714 1070 790 Hispanias
1087 715 1159 774 atti-

158 805 252 872 neret,
275 797 392 874 aliquot
406 811 505 858 annos
521 797 581 856 iam
594 797 636 857 ibi
649 795 683 857 L.
700 796 873 858 camellum
886 797 1054 859 Lentulum
1072 807 1110 858 et
1124 798 1159 856 L.

156 883 301 944 Mannum
315 879 481 942 Acidinum
501 895 590 951 esse;
613 881 658 942 uti
677 873 823 942 consuas
840 897 908 942 cum
922 882 1061 942 tribunis
1080 897 1158 958 age-

156 973 232 1042 rent,
247 972 288 1041 ut,
304 963 383 1026 silis
400 965 565 1038 videretur,
581 964 703 1041 plebem
716 972 877 1040 rogarent,
893 967 943 1028 cui
957 967 1113 1026 iuberent
1128 965 1158 1024 in

156 1049 307 1128 Hispania
332 1049 493 1126 imperium
517 1063 605 1118 esser
640 1049 667 1109 is
688 1065 728 1108 ex
754 1049 876 1111 duobus
901 1049 1101 1112 exercitibus
1127 1050 1157 1108 in

159 1151 250 1195 unam
270 1132 422 1210 legionem
443 1132 653 1195 conscriberet
664 1133 823 1194 Romanos
837 1133 949 1194 milites
964 1140 997 1194 et
1010 1134 1044 1193 in
1060 1133 1155 1210 quin-

158 1219 257 1280 decim
273 1217 417 1280 cohortes
431 1217 535 1279 socios
548 1216 647 1278 Latini
661 1217 803 1292 nominis,
826 1217 938 1293 quibus
952 1217 1156 1294 provinciam

159 1303 326 1375 obtineret,
358 1309 479 1364 veteres
500 1301 610 1362 milltes
631 1300 665 1362 L.
680 1301 840 1362 cornelius
862 1309 892 1363 et
911 1301 951 1361 Lx
959 1301 1102 1363 Manlius
1124 1301 1153 1360 in

158 1387 274 1450 ltaliam
289 1363 641 1463 deportarent⁰consuli
657 1385 879 1463 quinquaginta
891 1384 1020 1446 navium
1036 1386 1155 1446 classis

160 1487 199 1532 ex
214 1470 334 1532 duabus
350 1469 512 1542 classibus,
529 1469 582 1530 Cn.
599 1467 726 1544 Octavii,
743 1471 868 1545 quaein
883 1468 991 1530 Alrica
1006 1477 1107 1543 esset,
1125 1478 1154 1529 et

158 1553 190 1614 P.
204 1555 303 1629 Villii,
331 1570 410 1629 quae
425 1553 547 1615 Siciliae
566 1570 651 1615 oram
670 1555 828 1629 tuebatur,
850 1554 989 1627 decreta,
1012 1561 1048 1614 ut
1071 1571 1153 1629 quas
1216 1559 1217 1622 l

159 1640 251 1698 vellet
270 1653 367 1698 naves
388 1637 544 1714 deligeret.
579 1637 611 1698 P.
627 1637 733 1714 Scipio
749 1637 952 1714 quadraginta
967 1653 1068 1698 naves
1085 1640 1153 1699 lon⁴

159 1737 231 1798 gas,
253 1737 332 1797 quas
354 1719 526 1794 habuisset,
547 1721 685 1783 haberet.
722 1721 835 1799 qulbus
856 1721 883 1782 si
905 1721 957 1782 Cn.
975 1720 1150 1796 Octavium,

160 1806 240 1867 sicut
260 1804 461 1881 praefuisset,
483 1821 632 1881 praeesse
652 1808 759 1880 vellet,
781 1803 907 1867 Octavio
930 1822 987 1881 pro
1003 1814 1152 1881 praetore

160 1891 191 1951 in
212 1905 282 1950 eum
303 1906 416 1950 annum
437 1889 597 1966 imperium
618 1896 717 1952 essetr
749 1890 777 1951 si
795 1890 933 1950 Laelium
952 1891 1143 1964 praeficeret

161 1974 306 2036 Octavius
327 1975 455 2036 Romam
477 1973 653 2047 decederet,
675 1975 899 2050 reduceretque
920 1989 1018 2034 naves
1035 1974 1150 2050 quibus
1216 1975 1217 2024 l

162 2058 283 2120 consuli
296 2074 373 2119 usus
388 2074 449 2119 non
465 2066 558 2120 esset.
594 2064 625 2117 et
637 2057 678 2117 M.
693 2057 789 2120 Fabio
804 2058 834 2116 in
850 2057 1025 2118 Sardiniam
1040 2058 1150 2118 decern
1216 2079 1217 2142 j

160 2143 271 2218 longae
285 2157 382 2203 naves
397 2142 548 2203 decretae.
572 2148 603 2202 et
613 2143 758 2202 consules
770 2141 848 2202 duas
860 2141 994 2202 urbanas
1007 2142 1147 2218 legiones
1216 2197 1217 2216 ,

161 2226 298 2288 scribere
312 2226 400 2299 iussi,
414 2233 449 2286 ut
462 2225 708 2302 quattuordecim
722 2225 894 2302 legionibus
909 2241 947 2286 eo
964 2243 1057 2301 anno,
1078 2241 1142 2286 cen·

160 2316 224 2371 turn
237 2311 368 2372 navibus
383 2311 483 2386 longis
498 2326 549 2371 res
563 2310 687 2386 publica
702 2309 972 2372 administraretur.

245 2393 334 2455 XLll.
356 2396 431 2455 Tum
455 2394 495 2454 de
520 2395 628 2469 legatis
649 2394 781 2470 Philippi
802 2399 833 2455 et
852 2394 1146 2470 carthaginiensium

162 2483 271 2539 actum.
307 2478 428 2554 priores
453 2477 641 2540 Macedonas
669 2478 823 2540 introduci
851 2479 982 2555 placuit,
1016 2493 1144 2554 quorum

161 2562 247 2622 varia
267 2561 363 2624 oratio
386 2562 455 2634 luit,
483 2562 592 2638 partim
612 2563 822 2638 purgantium,
846 2578 926 2638 quae
947 2561 1050 2640 questi
1063 2569 1146 2622 erant

101 2675 105 2682 ·
161 2645 248 2706 missi
265 2646 305 2706 ad
318 2662 423 2721 regem
437 2645 477 2707 ab
491 2647 590 2707 Roma
603 2647 695 2722 legati
709 2645 749 2706 de
763 2647 963 2723 populatione
979 2646 1143 2718 sociorum,

161 2729 272 2803 partim
296 2730 375 2791 ultro
401 2731 611 2804 accusantium
633 2729 756 2806 quidem
778 2737 809 2790 et
827 2731 932 2791 socios
954 2731 1064 2807 populi
1084 2731 1142 2790 Ro·

161 2812 257 2886 mani,
278 2813 336 2874 sed
356 2815 450 2874 multo
471 2813 612 2874 inlestius
631 2814 672 2874 Μ.
688 2813 863 2888 Aurelium,
885 2830 977 2890 quem
994 2831 1035 2874 ex
1049 2813 1142 2876 tribus

162 2896 251 2957 adse
271 2895 375 2958 missis
396 2897 503 2973 legatis
525 2898 637 2959 dilectu
656 2897 760 2960 habito
778 2897 954 2960 substitisse
969 2905 1000 2960 et
1014 2914 1050 2959 se
1063 2898 1141 2958 bello
1216 2935 1217 2948 ,

161 2979 329 3042 lacessisse
354 2987 462 3042 contra
486 2982 596 3042 loedus
619 2989 650 3042 et
673 2997 769 3059 saepe
795 2997 864 3043 cum
888 2982 1056 3059 praelectis
1081 2981 1140 3042 suis

162 3062 258 3138 signis
280 3064 397 3126 collatis
414 3081 587 3140 pugnasse,
610 3071 641 3126 et
655 3067 890 3142 postulantium,
912 3073 945 3126 ut
957 3065 1139 3126 Macedones

162 3146 289 3223 duxque
309 3165 416 3212 eorum
431 3147 577 3224 Sopater,
600 3150 652 3223 qui
674 3143 980 3225 apud'Hannibalem
1001 3149 1139 3210 mercede

161 3229 352 3304 militassent,
368 3241 431 3294 tum
446 3233 527 3308 capti
540 3232 570 3292 in
582 3232 691 3292 vinclis
703 3241 818 3308 essent,
833 3233 892 3294 sibi
903 3235 1137 3295 restituerentur.

163 3313 312 3374 adversus
327 3331 364 3375 ea
377 3314 418 3375 Μ.
433 3314 551 3389 Furius,
566 3315 681 3376 missus
696 3316 736 3375 ad
750 3318 782 3377 id
796 3317 898 3392 ipsum
913 3317 951 3377 ab
962 3317 1087 3377 Aurelio
1102 3332 1137 3376 ex

162 3392 356 3470 Macedonia,
373 3397 530 3468 disseruit,
545 3397 701 3458 Aurelium
715 3401 869 3475 relictum,
890 3415 930 3460 ne
944 3401 1022 3461 socii
1037 3401 1135 3475 populi

162 3474 291 3534 Romani
307 3479 381 3538 lessi
396 3480 646 3555 populationibus
661 3487 754 3556 atque
768 3482 879 3546 iniuria
893 3483 934 3545 ad
946 3498 1052 3560 regem
1068 3482 1132 3544 deli·
