2448 3900
234 199 351 263 titana
364 167 463 262 xllx(
478 201 559 262 οΑΡ.
574 211 618 266 ra.
634 212 675 266 m
699 179 736 280 [a
751 212 785 269 c.
798 213 861 281 aas]
972 207 1035 271 345
1153 186 1154 189 ‘

44 358 194 434 citusque
209 361 402 432 spectantes;
418 354 530 417 deinde
543 357 684 432 quamvis
700 360 865 421 recentirun
876 361 1035 424 foederum

43 449 80 502 et
102 442 230 501 deorum
251 439 384 500 omnium
401 439 512 502 oblitos
528 441 641 508 bellum
654 449 808 517 gesturos.
839 459 878 505 eo
892 447 989 521 magis
1004 449 1035 508 in

40 525 175 586 Laevini
201 524 381 584 sententiam
408 524 590 586 discessum.
640 525 729 602 legati
754 543 833 604 pace
861 529 974 590 iniecta
998 546 1035 591 ae

43 625 150 686 prope
164 609 230 686 siue
247 624 401 684 responsu
416 608 545 670 dimissi.

134 689 241 753 XXIV.
272 691 331 753 Per
345 708 401 756 cos
417 693 484 755 dies
500 693 553 754 cn.
570 691 719 756 Servilius
735 696 859 772 consul,
879 692 963 759 haud
978 698 1033 760 du·
1049 743 1052 746 -

41 777 120 839 bius
136 777 207 854 quin
222 783 351 852 pacatae
365 778 471 838 ltaliae
486 792 582 854 penes
598 793 634 838 se
647 779 746 854 gloria
760 785 853 858 esset,
869 781 954 842 velut
967 782 1034 858 pul-

43 879 121 924 sum
135 861 173 921 ab
188 877 223 921 se
236 860 438 924 Hannibalem
452 876 645 938 persequens
659 862 689 922 in
706 861 850 938 Siciliam,
872 864 944 924 inde
959 865 1034 925 etin

42 947 185 1006 Africam
205 945 401 1021 transiturus,
422 946 549 1008 traiecit.
583 946 667 1020 quod
681 945 733 1007 ubi
748 948 865 1009 Romae
881 949 1033 1026 vulgatum

42 1037 111 1105 est,
134 1030 232 1106 primo
254 1038 438 1092 censuerant
451 1036 570 1106 patres,
593 1037 627 1090 ut
649 1037 773 1106 praetor
794 1030 942 1092 scriberet
961 1049 1033 1094 eon·

42 1114 116 1188 suli,
133 1119 272 1174 senatum
287 1129 419 1190 aequum
431 1129 558 1176 censere
572 1113 726 1175 inltoliam
736 1115 847 1176 reverti
861 1131 945 1187 eum;
963 1116 1034 1177 dein

42 1213 117 1258 cum
133 1205 257 1274 praetor
270 1205 442 1274 spreturum
458 1214 527 1259 eum
540 1198 656 1260 litteras
671 1215 745 1260 suas
760 1198 883 1274 diceret,
906 1200 1034 1261 dictator

42 1283 88 1342 ad
97 1281 131 1339 id
142 1279 244 1356 ipsum
257 1281 419 1343 ereatusP.
428 1281 583 1358 Sulpicius
606 1298 662 1359 pro
683 1283 748 1347 iure
770 1283 895 1344 maioris
914 1282 1033 1360 imperii

44 1367 209 1427 consulem
223 1365 254 1425 in
268 1365 385 1428 ltaliam
399 1366 567 1427 revocavit.
587 1365 738 1441 reliquum
753 1367 823 1427 anni
840 1382 908 1428 eum
914 1367 954 1426 Μ.
964 1367 1034 1429 Ser·
1075 1395 1077 1398 ·

41 1450 121 1510 vilio
137 1449 282 1525 magistro
298 1451 433 1526 equitum
448 1449 672 1512 circumeundis
684 1450 788 1512 ltaliae
802 1451 938 1528 urbibus,
954 1467 1033 1528 quae

43 1535 129 1595 bello
150 1532 300 1594 alienatae
321 1535 454 1610 fuerant,
476 1534 707 1612 noscendisque
729 1535 915 1610 singularum
931 1537 1032 1598 causis

45 1618 250 1693 consumpsit.

132 1701 191 1762 Per
215 1701 398 1763 indutiarum
416 1708 537 1778 tempus
563 1708 594 1763 et
618 1719 658 1764 ex
679 1702 823 1765 Sardinia
846 1704 885 1766 ab
905 1703 1033 1783 Lentulo

45 1793 191 1863 praetore
212 1792 333 1847 eentum
353 1786 511 1847 onerariae
532 1803 628 1848 naves
651 1803 720 1848 oum
736 1794 913 1852 ¹commeatu
928 1787 1033 1864 viginti

44 1877 248 1936 rostratarum
259 1869 414 1946 praesidio
427 1877 457 1932 et
467 1870 506 1931 ab
518 1870 608 1932 hoste
622 1877 653 1932 et
666 1871 705 1932 ab
716 1871 948 1948 tempestatibus
958 1873 1034 1932 mari

44 1963 113 2018 tuto
129 1955 159 2014 in
173 1955 309 2015 Africam
323 1955 565 2016 transmiserunt.
594 1954 647 2015 Gn.
664 1952 789 2016 Octavio
805 1955 945 2017 ducentis
960 1970 1034 2015 one

45 2039 138 2100 rariis
151 2039 273 2115 triginta
287 2038 388 2114 longis
403 2037 533 2100 navibus
549 2055 588 2099 ex
603 2037 707 2099 Sicilia
725 2039 874 2100 traicienti
898 2054 959 2100 non
981 2055 1032 2100 ea·

46 2125 121 2184 dern
135 2124 256 2190 iortrma
270 2122 334 2184 luit.
364 2123 397 2184 in
413 2129 612 2200 conspectum
627 2122 722 2184 terme
736 2124 859 2184 Africae
880 2137 1033 2199 prospero

46 2224 144 2269 cursu
163 2214 285 2269 vectum
305 2206 404 2282 primo
426 2207 561 2269 destituit
585 2213 710 2282 ventus,
739 2207 851 2268 deinde
872 2221 981 2268 versus
1003 2207 1034 2267 in

45 2293 186 2354 Alricum
200 2291 333 2354 turbavit
355 2306 391 2351 ac
406 2291 522 2368 passim
539 2306 636 2352 naves
658 2290 786 2352 disiecit.
818 2291 887 2368 ipse
902 2306 972 2352 cum
985 2307 1034 2352 ro·

45 2375 153 2438 stratis
165 2391 221 2452 per
235 2376 387 2437 adversos
400 2375 511 2437 fluetus
524 2375 637 2451 ingenti
648 2375 797 2452 remigum
809 2375 914 2436 labore
929 2374 1034 2436 enisus

45 2461 203 2538 Apollinis
224 2461 466 2536 promunturium
485 2460 596 2522 tonuit:
628 2459 787 2520 onerariae
807 2475 880 2535 pars
901 2457 1036 2519 maxima

44 2547 90 2606 ad
104 2544 303 2620 Aegimurum
315 2574 359 2588 -
373 2545 473 2605 insula
487 2560 524 2606 ea
539 2545 640 2604 sinum
654 2543 693 2604 ab
707 2543 768 2604 alto
784 2542 903 2618 claudit,
926 2543 957 2602 in
973 2557 1034 2619 quo

45 2629 109 2692 sita
123 2627 273 2704 Carthago
295 2634 357 2703 est,
379 2628 500 2703 triginta
522 2628 616 2688 ferme
630 2627 712 2687 milia
726 2627 765 2688 ab
785 2625 862 2688 urbe
875 2658 933 2700 -‚
956 2627 1035 2688 aliae

45 2715 200 2779 adversus
225 2712 331 2773 urbem
356 2713 456 2788 ipsam
482 2712 523 2772 ad
543 2711 664 2772 Calidas
684 2713 792 2788 Aquas
814 2711 933 2772 dolatile
954 2717 1034 2772 sunt.

46 2797 154 2860 omnia
166 2795 201 2856 iu
214 2805 383 2873 conspectu
395 2795 584 2872 Carthaginis
599 2793 694 2856 erant.
715 2795 819 2872 itaque
830 2810 871 2856 ex
881 2801 946 2857 tota
958 2796 1036 2856 urba

44 2884 80 2943 in
92 2883 192 2942 iorum
207 2896 391 2943 concursum
406 2887 468 2942 est:
484 2881 679 2956 magistratus
691 2886 831 2941 senatum
843 2894 963 2954 vocare,
979 2895 1035 2955 po·

45 2967 142 3045 pulus
158 2965 189 3024 in
206 2966 308 3026 curiae
324 2965 475 3026 vestibulo
492 2965 630 3038 fremere,
652 2979 691 3024 ne
706 2970 790 3025 tanta
804 2979 844 3023 ex
859 2963 956 3024 oculis
971 2979 1034 3023 ma·
1103 2997 1109 3010 s

45 3051 203 3125 cibosque
224 3049 410 3110 amitteretur
424 3050 550 3125 praeda.
587 3063 656 3107 eum
672 3046 796 3124 quidam
811 3047 897 3124 pacis
912 3047 1034 3122 petitae,

47 3133 301 3214 alii-indutiarum
314 3135 499 3194 -necdum
513 3131 594 3192 enim
609 3133 676 3192 dies
691 3131 857 3192 exierat-
871 3129 964 3190 fidem
980 3145 1033 3206 op-

48 3224 210 3297 ponerent
226 3218 375 3294 permixto
388 3232 486 3292 paene
497 3222 623 3277 senatus
636 3215 805 3292 populique
819 3213 949 3274 coneilio
962 3228 1034 3274 con-

48 3319 179 3367 sensum
200 3308 262 3375 est,
283 3308 317 3363 ut
337 3301 469 3362 classem
485 3299 706 3376 quinquaginta
723 3296 847 3358 navium
860 3295 1034 3358 Hasdrubal

49 3387 250 3464 Aegimurum
264 3386 413 3458 traiceret,
429 3383 501 3444 inde
516 3399 571 3460 per
586 3382 676 3444 litora
689 3387 860 3458 portusque
875 3381 1034 3456 dispersos
1059 3425 1061 3428 -

49 3475 208 3534 Romanas
229 3485 326 3531 naves
347 3469 511 3545 colligeret.
544 3469 684 3529 desertae
704 3467 775 3541 luga
795 3471 953 3526 nautarum
973 3464 1034 3540 pri·
