2448 3900
290 269 406 331 LIBER
420 271 511 330 XXX.
534 271 617 330 CAP.
634 279 677 331 th.
701 277 736 343 [a.
750 275 781 328 C.
795 277 858 344 20³]
996 271 1059 335 333

66 423 147 480 tatu
162 418 324 495 uinctoque
341 419 486 498 Syphace
501 420 609 482 Cirtam
623 421 810 496 praecedere
825 423 919 495 sinat,
942 425 1060 499 trepida
1103 457 1107 466 ·

62 502 184 563 omnia
211 510 294 563 metu
319 520 355 564 se
380 519 617 580 oppressurum:
651 504 787 565 Laelium
812 521 881 566 cum
906 506 1059 582 peditibus

63 586 231 662 subsequi
258 587 388 661 modicis
417 588 574 649 itineribus
600 604 706 664 posse.
742 589 933 650 adsentiente
955 590 1059 652 Laelio

63 685 285 745 praegressus
301 669 411 733 Cirtam
430 672 551 733 evocari
567 673 607 732 ad
622 672 807 747 colloquium
825 672 981 750 principes
997 673 1058 734 cir-

61 755 211 815 tensium
233 754 325 815 iubet.
363 756 420 816 sed
440 756 524 832 apud
544 755 668 831 ignaros
688 755 771 831 regis
793 773 885 818 casus
905 773 963 818 nec
979 775 1059 834 quae

64 847 149 900 acta
163 844 269 898 essent
283 839 452 914 promendo
464 855 521 900 nec
532 840 622 900 minis
634 854 691 900 nec
703 841 862 900 suadendo
875 843 1057 917 antevaluit,

63 938 172 997 quam
196 937 252 982 rex
275 917 396 984 vinctus
421 923 673 999 inconspectum
698 924 786 983 datus
807 931 899 985 esset.
934 931 997 985 tum
1019 927 1058 986 ad

62 1007 286 1080 spectaculum
301 1013 363 1068 tam
377 1007 501 1068 foedum
516 1007 715 1084 comploratio
732 1013 813 1080 orto,
835 1015 865 1069 et
878 1008 986 1082 partim
1002 1026 1056 1085 pa·

61 1105 152 1150 vore
177 1090 299 1151 moenia
323 1098 396 1151 sunt
419 1090 556 1167 deserta,
582 1091 691 1167 partim
716 1090 875 1167 repentino
901 1106 1058 1152 consensu

61 1175 204 1247 gratiam
218 1173 302 1250 apud
316 1174 462 1236 victorem
477 1175 685 1251 quaerentium
700 1175 872 1250 patefactae
886 1183 1002 1249 portae.
1026 1183 1057 1236 et

63 1257 244 1319 Masinissa
263 1259 419 1335 praesidio
436 1259 517 1318 circa
532 1266 638 1334 portas
654 1265 890 1335 opportunaque
904 1260 1055 1319 moenium

61 1341 213 1416 dimisso,
229 1357 269 1402 ne
284 1341 333 1402 cui
348 1342 439 1417 rugae
454 1349 572 1419 pateret
586 1345 695 1419 exitus,
714 1343 755 1402 ad
769 1342 885 1417 regiam
900 1357 1052 1418 occupan—

63 1426 145 1485 dam
162 1425 252 1489 citato
266 1426 351 1486 vadit
364 1442 455 1503 equo.
489 1427 611 1488 intranti
624 1426 808 1488 vestibulum
821 1426 852 1484 iu
867 1427 937 1500 ipso
952 1426 1054 1487 limine

64 1508 271 1584 Sophoniba,
294 1526 375 1571 uxor
389 1508 558 1589 Syphacis,
579 1511 643 1573 fllia
655 1510 857 1571 Hasdrubalis
871 1508 980 1585 Poeni,
1002 1525 1048 1570 oc·

64 1593 183 1661 currit;
206 1600 237 1655 et
257 1610 326 1655 cum
345 1595 376 1654 in
396 1594 497 1655 medio
519 1595 639 1671 agmine
660 1602 845 1655 armatorum
857 1593 1054 1654 Masinissam

63 1677 225 1752 insignem
253 1694 323 1740 cum
352 1679 444 1739 armis
473 1685 535 1739 tum
563 1686 664 1741 cetero
693 1677 798 1738 habitu
826 1678 1053 1754 conspexisset,

63 1777 177 1836 regem
198 1777 284 1834 esse,
305 1761 336 1822 id
359 1761 442 1837 quod
464 1770 542 1836 erat,
563 1771 643 1835 rata,
664 1761 794 1837 genibus
810 1762 955 1825 advoluta
970 1765 1051 1826 eius=

63 1846 195 1918 „omnia
209 1844 332 1922 quidem
346 1853 380 1907 ut
394 1862 507 1922 posses
522 1847 553 1905 in
568 1847 666 1917 nobis,
684 1845 713 1905 di
729 1845 880 1920 dederunt
893 1847 1052 1922 virtusque

64 1937 100 1989 et
121 1929 250 1990 felicitas
272 1936 336 1990 tua:
360 1931 417 1990 sed
432 1931 459 1991 si
474 1929 612 2006 captivae
634 1929 717 2005 apud
733 1929 890 2010 dominum
904 1930 984 1990 vitae
999 1946 1053 1989 ne-

65 2014 182 2088 cisque
202 2027 278 2074 suae
297 2029 408 2074 vocem
421 2014 593 2089 supplicem
606 2015 724 2074 mittere
739 2012 823 2085 licet,
846 2013 873 2072 si
887 2029 1003 2088 genua,
1025 2014 1050 2073 si

64 2097 226 2158 victricem
246 2098 394 2172 attingere
416 2099 569 2172 dextram,
591 2113 705 2172 precor
721 2111 902 2172 quaesoque
916 2111 973 2172 per
987 2113 1049 2156 ma·

65 2181 210 2241 iestatem
230 2182 360 2258 regiam,
382 2181 412 2240 in
436 2198 497 2258 qua
518 2183 610 2256 paulo
626 2187 696 2242 ante
709 2197 768 2241 uos
786 2195 912 2256 quoque
927 2180 1049 2248 luimus,

65 2281 128 2339 per
150 2265 245 2337 gentis
266 2264 463 2326 Numidarum
482 2280 609 2340 nomen,
636 2265 720 2340 quod
740 2263 793 2325 tibi
814 2280 883 2324 cum
904 2262 1050 2340 Syphace

65 2363 231 2409 commune
247 2349 310 2422 luit,
326 2347 383 2423 per
397 2348 526 2410 huiusce
540 2349 645 2423 regiae
660 2349 747 2423 deos,
764 2347 817 2423 qui
830 2353 861 2408 te
871 2345 1048 2407 melioribus

65 2431 222 2493 ominibus
237 2433 397 2508 accipiant,
420 2449 511 2508 quam
527 2431 702 2511 Syphacem
715 2431 787 2491 hine
799 2432 956 2504 miserunt,
971 2429 1050 2491 hanc

63 2516 189 2576 veniam
204 2515 336 2592 supplici
352 2516 419 2591 des,
441 2522 474 2577 ut
488 2518 556 2591 ipse
571 2515 789 2592 quodcumque
803 2516 861 2574 lert
874 2513 994 2574 animus
1009 2515 1050 2575 de

64 2599 191 2674 captiva
211 2607 342 2672 statuas,
365 2615 468 2676 neque
487 2615 536 2660 me
550 2599 581 2658 in
603 2598 784 2675 cuiusquam
797 2597 926 2659 Romani
940 2613 1047 2673 super-

65 2676 140 2742 bum
152 2691 183 2743 et
193 2684 317 2744 crudele
332 2683 487 2744 arbitrium
502 2683 609 2743 venire
622 2683 715 2743 sinas.
739 2682 766 2742 si
777 2681 851 2742 nihil
862 2682 944 2742 aliud
957 2698 1048 2757 quam

65 2766 222 2844 Syphacis
243 2784 323 2828 uxor
344 2767 486 2842 fuissem,
509 2773 609 2827 tamen
623 2766 772 2827 Numidae
787 2773 880 2842 atque
895 2767 925 2825 in
940 2766 1048 2826 eadem
1065 2829 1068 2834 ,

64 2865 186 2910 mecum
200 2851 306 2912 Airica
326 2853 419 2927 geniti
442 2867 534 2927 quarn
555 2850 744 2926 alienigenae
765 2858 795 2912 ct
815 2851 932 2911 externi
953 2850 1047 2910 iidem

63 2935 200 3009 experiri
220 2935 357 2995 mallem=
382 2935 455 3011 quid
477 2933 719 3008 Carthaginiensi
739 2933 778 2994 ab
795 2934 950 3008 Romano,
973 2934 1047 3009 quid

63 3016 146 3077 filiae
165 3017 367 3080 Hasdrubalis
389 3019 553 3079 timendum
575 3018 628 3092 sit,
650 3017 749 3078 vides.
786 3017 812 3077 si
832 3018 914 3078 nulla
931 3030 967 3077 re
987 3016 1048 3076 alia

63 3107 171 3176 potes,
192 3109 290 3164 morte
309 3117 359 3161 me
373 3109 407 3162 ut
419 3103 558 3162 vindices
575 3102 613 3162 ab
627 3102 835 3162 Romanorum
849 3099 973 3160 arbitrio
990 3115 1045 3160 oro

64 3184 293 3262 obtestorque“.
329 3187 428 3246 iorma
446 3192 511 3247 erat
523 3184 653 3260 insignis
669 3193 698 3244 et
713 3183 931 3244 florentissima
945 3189 1045 3242 aetas=

60 3269 168 3344 itaque
191 3286 259 3330 cum
279 3270 372 3331 modo
396 3271 534 3330 dextram
549 3271 737 3345 amplectens
753 3268 782 3328 in
798 3267 845 3342 id,
868 3281 908 3326 ne
922 3265 971 3326 cui
984 3267 1045 3327 Ro·

63 3349 154 3412 mano
170 3354 347 3427 traderetur,
363 3353 456 3415 iidem
470 3358 662 3429 exposceret,
677 3351 870 3428 propiusque
881 3348 1045 3410 blanditias

63 3437 160 3497 oratio
183 3446 267 3500 esset
287 3454 379 3514 quam
400 3453 526 3513 preces,
553 3453 615 3498 non
635 3437 666 3496 in
687 3435 928 3497 misericordiam
951 3433 1045 3494 modo

63 3521 229 3596 prolapsus
245 3528 293 3582 est
307 3523 425 3582 animus
439 3520 574 3594 victoris,
597 3520 662 3593 sed,
678 3523 711 3580 ut
725 3525 773 3580 est
786 3533 883 3594 genus
899 3518 1042 3578 Numida·
1093 3557 1104 3568 ·
