2428 3892
229 267 343 330 ttulit
355 267 462 330 xxva
486 267 570 330 car.
584 277 629 333 aa.
643 277 687 331 aa.
711 275 747 343 [ι.
763 274 797 328 o.
813 276 877 344 nor
972 265 1034 334 130

63 428 254 496 interrogatus
269 421 448 481 sententiam
463 421 503 481 M.
517 422 629 483 Atilius
642 421 794 500 Regulus,
817 425 904 487 cuius
920 441 960 486 ex
974 425 1032 503 hls,

62 507 107 580 qui
122 505 159 566 ad
170 504 304 581 Capuam
319 506 446 581 inerant,
468 507 601 566 proxima
615 508 780 568 aumonius
796 515 869 585 erat,
892 510 943 584 „in
958 527 1032 572 con·

62 591 142 650 silio“
160 589 256 664 inquit
275 588 428 664 „arbitror
440 603 489 650 me
504 591 600 650 luisse
615 589 795 653 consulibus
813 591 918 670 Capua
933 603 1033 672 captu,

61 690 122 734 cnm
136 680 346 750 quaereretur,
370 674 459 751 ecqui
475 673 698 750 Campanorum
711 676 791 737 bene
804 677 930 740 meritus
945 679 985 739 de
999 693 1033 739 re

62 757 172 833 publica
186 765 292 818 nostra
306 765 399 818 essct.
435 757 513 820 durus
526 759 671 820 mulieres
687 771 875 837 compertum
892 770 948 837 est,
971 763 1031 823 Ve-

61 841 139 901 stiam
155 840 284 918 Oppiam
299 842 469 902 Atellanam
484 841 608 918 Capuae
622 843 808 905 habitantem
823 853 854 906 et
866 843 1032 908 Fauoulam

63 925 193 1001 Cluviam,
210 942 292 1002 quae
307 926 463 1002 quondam
479 935 640 1002 quaestum
656 943 786 1004 corpore
801 929 934 1004 lecisset,
950 931 1032 991 illam

65 1010 184 1083 quotidie
198 1010 396 1071 sacrificasse
408 1026 464 1086 pro
480 1011 579 1071 salute
593 1019 624 1071 et
637 1012 766 1072 victoria
776 1013 1032 1092 popullltomani,

65 1093 130 1154 banc
143 1095 273 1171 captivis
296 1094 455 1170 egentibus
476 1095 619 1156 alimenta
633 1097 712 1157 clarn
726 1097 960 1174 suppeditassea
982 1113 1032 1159 ce·

62 1185 179 1239 terarum
199 1179 335 1242 omnium
350 1177 573 1255 Campanorum
587 1181 719 1241 eundem
733 1195 806 1256 erga
819 1197 878 1242 nos
899 1183 1032 1244 animum

64 1277 142 1335 quern
162 1261 457 1339 Carthaginiensium
483 1263 596 1334 iuisso;
630 1265 794 1341 securique
819 1279 988 1341 percussos
1014 1284 1033 1327 a

62 1345 90 1418 C.
103 1345 202 1407 Fulvio
224 1363 298 1408 esse
318 1347 416 1423 magis
438 1363 568 1425 quorum
589 1349 721 1425 dignitas
742 1349 821 1408 inter
840 1348 918 1410 alios
938 1365 1032 1425 quam

64 1445 178 1503 qnorum
198 1433 293 1509 culpa
313 1431 473 1493 eminebat.
506 1438 717 1508 personatum
737 1432 786 1508 ogi
805 1431 844 1493 de
857 1433 1031 1510 Campanis,

64 1513 106 1586 qui
119 1514 198 1575 cives
212 1515 345 1578 Romani
366 1521 450 1590 sunt,
474 1515 594 1578 iniussu
609 1515 717 1594 populi
728 1527 793 1578 non
806 1515 900 1578 video
916 1533 1031 1594 posse,

64 1597 144 1671 idque
157 1605 186 1660 et
206 1600 291 1676 apud
306 1598 438 1660 nidores
454 1601 578 1662 nostros
593 1601 623 1661 in
641 1601 806 1663 Satricanis
821 1602 933 1663 iactum
948 1615 1030 1677 ease,

64 1696 121 1740 cum
134 1681 329 1758 deiecissent,
348 1689 381 1744 ut
393 1681 434 1745 itt.
446 1684 597 1745 Antistius
612 1683 752 1746 tribunus
767 1685 866 1762 piebis
881 1685 967 1763 prius
981 1702 1030 1746 ro-

63 1765 199 1837 gationem
213 1769 321 1842 terret,
342 1768 551 1845 scisceretque
565 1768 670 1845 plebs,
692 1769 735 1830 uti
751 1770 922 1830 senatoide
938 1768 1031 1831 Satri-

64 1849 135 1910 canis
155 1853 325 1913 sententiao
345 1850 496 1913 dicendae
516 1853 564 1913 ius
586 1859 679 1913 esset.
708 1852 815 1929 itaque
831 1867 945 1915 censeo
961 1869 1030 1915 cum

64 1931 174 1996 tribunis
194 1935 296 2013 plebis
317 1937 472 2012 agendum
490 1951 578 2011 essa,
608 1943 641 1998 nt
660 1949 766 1998 comm
785 1949 865 1998 unus
887 1938 1031 2012 pluresve

64 2017 237 2090 rogationem
250 2021 349 2081 lerant
359 2019 400 2081 ad
412 2020 542 2097 plebem,
559 2035 620 2096 qua
632 2021 723 2083 nobis
732 2019 886 2081 statuendi
898 2020 1030 2081 tleCaua

64 2101 139 2172 panis
157 2103 204 2165 ius
225 2106 310 2165 flar‘.
341 2104 375 2163 L.
391 2105 501 2166 Atilius
516 2105 656 2166 tribunus
671 2105 771 2181 plebis
791 2115 832 2164 cx
852 2103 1031 2166 anctoritate

64 2193 172 2248 senatus
187 2187 311 2265 plebem
325 2188 356 2248 in
370 2189 448 2250 baec
462 2189 558 2249 verba
577 2189 713 2266 rogavit:
739 2201 868 2263 „omnes
884 2187 1030 2264 Campani

64 2269 177 2332 Atellani
192 2273 320 2334 Calatini
335 2271 487 2348 Sabatini,
510 2273 564 2350 qui
579 2289 614 2334 se
629 2273 812 2333 dediderunt
825 2273 855 2332 in
876 2271 1031 2333 arbitrium

64 2349 263 2436 dicionemque
278 2356 385 2433 populi
397 2354 529 2418 Rotnani
543 2357 650 2418 Fulvio
672 2356 865 2433 proconsuli,
888 2370 1031 2434 quosque

66 2451 114 2496 oua
130 2451 232 2502 secum
254 2440 418 2516 dedidere,
441 2457 584 2518 quaeque
598 2441 761 2518 dedidere,
784 2449 889 2517 agium
909 2440 1031 2502 urbem-

66 2535 123 2594 que,
137 2523 239 2586 divina
253 2525 458 2600 humanaque,
472 2525 685 2600 utensiliaque,
710 2525 777 2586 slve
791 2524 866 2601 quid
880 2524 963 2584 allud
976 2524 1032 2585 do·
1054 2559 1057 2566 ·

66 2601 198 2683 didemnt,
211 2611 251 2671 de
263 2609 301 2670 iis
312 2609 406 2670 rebus
415 2609 490 2684 quid
501 2609 568 2670 fleri
579 2609 688 2685 velitis,
700 2625 759 2670 vos
770 2622 856 2685 rogo,
870 2608 1031 2683 primast

67 2686 214 2758 platesio
240 2693 332 2755 iussit
357 2694 469 2769 „quod
489 2700 616 2754 senatus
636 2694 765 2766 iuratus,
794 2693 928 2754 maxima
949 2707 1032 2770 pars,

67 2783 175 2838 censeat
188 2779 240 2855 qui
254 2779 367 2853 adsint,
382 2777 414 2837 id
429 2778 570 2838 volumus
585 2777 820 2853 iubemusquc“.
842 2777 976 2838 XXXIV.
993 2792 1032 2837 cx

67 2851 115 2917 troo
124 2860 220 2935 plebel
235 2863 314 2924 scito
331 2869 456 2924 senatus
469 2863 628 2924 consultus
641 2860 760 2938 Oppiae
770 2857 955 2938 Cluviaeque
970 2860 1031 2936 pri—

68 2951 133 3001 murn
147 2944 224 3008 bonu
238 2963 276 3007 ac
290 2947 460 3008 libertatem
474 2946 620 3007 restituit=
636 2946 662 3006 si
679 2961 740 3022 qua
753 2943 814 3005 olla
828 2944 964 3022 praemia
977 2959 1030 3020 pe·

68 3025 119 3083 tere
132 3027 168 3088 ab
183 3037 292 3092 senatu
305 3031 433 3105 vellent,
453 3031 560 3090 venire
575 3046 629 3090 eas
643 3030 782 3090 ltornarn.
823 3027 985 3105 Campanis
1000 3026 1030 3087 ln

69 3103 179 3174 familias
194 3115 331 3192 singulas
348 3115 473 3176 decreta
487 3115 577 3189 lacta,
600 3130 680 3190 quae
694 3130 756 3175 non
772 3127 887 3189 operae
902 3109 1032 3187 pretinm

69 3197 209 3260 estomnia
219 3213 409 3260 cnomerare.
425 3196 848 3275 aliorumbonapublicanda,
858 3195 945 3270 ipsos
956 3191 1031 3253 libe·

70 3286 164 3354 rosque
183 3299 290 3346 eorum
310 3289 341 3343 et
360 3282 508 3358 coniuges
531 3281 712 3343 vendendas
733 3287 819 3340 extra
832 3277 927 3349 lilius,
952 3289 1032 3351 quae

71 3365 254 3444 enupsissent,
275 3367 458 3446 priusquam
473 3366 503 3426 in
520 3366 626 3442 populi
637 3363 768 3426 Rotnani
782 3366 965 3438 potestatem
978 3373 1031 3456 ye-

72 3439 164 3521 liena
184 3453 261 3514 alios
280 3451 314 3512 in
335 3450 458 3511 vincula
479 3449 675 3522 condendos,
702 3461 740 3506 ac
761 3445 801 3504 da
821 3443 858 3504 iis
878 3449 1031 3538 posterius

73 3533 286 3609 consulendum
308 3535 439 3597 aliorum
453 3533 676 3610 Campanorum
693 3542 842 3589 summam
856 3533 946 3585 etlam
961 3537 1016 3584 cor
