2428 3892
225 209 339 272 Lisos
352 211 447 272 xxx.
470 157 665 276 coactae.
688 217 726 286 [a.
739 215 846 282 emal
992 211 1033 294 iti

59 381 115 424 rom
133 362 285 440 publicam
306 378 413 426 secum
434 370 580 425 acuerent
593 363 728 439 animos,
750 368 781 424 et
794 378 834 424 ne
849 363 962 426 inultos
977 363 1033 426 lm·

59 452 202 524 potatores
224 463 303 509 suos
322 447 426 528 iacere
440 447 593 520 sinerent;
613 464 683 510 cum
697 447 799 510 subito
816 449 931 510 clamor
947 448 1033 512 tuba·

56 546 173 608 rumque
186 547 286 595 sonus
300 564 344 576 -
359 531 419 594 iam
433 532 514 594 enim
529 547 629 609 prope
646 533 759 594 vallum
772 533 880 597 hostes
894 538 982 594 crant
992 562 1035 578 -

54 616 212 676 exauditur.
234 615 309 677 inde
324 632 416 680 verso
434 623 563 693 repente
577 617 607 678 in
621 615 696 678 iram
711 617 795 679 luctu
806 617 982 682 discurrunt
993 618 1034 678 ad
1069 693 1075 702 „

53 715 142 777 mmo,
163 715 198 760 ac
220 702 306 762 velut
326 701 451 762 accensi
472 701 557 762 rabie
578 702 755 764 discurrunt
774 701 815 762 ad
836 709 943 778 portas
959 709 989 764 et
1002 702 1033 762 in

52 782 160 844 hostem
180 785 372 862 negligenter
398 793 492 861 atque
513 785 718 862 incomposite
738 784 910 847 venientem
933 787 1033 848 incur·

54 875 122 929 mnt.
143 871 298 946 extemplo
313 869 483 946 improvisa
496 884 549 931 res
565 885 713 947 pavorem
724 870 830 932 incutit
840 871 962 947 Poenis,
978 869 1033 932 mi-

54 952 250 1030 rabundique,
272 955 357 1015 unde
376 960 421 1016 tot
441 954 549 1016 hostes
572 952 675 1017 subito
697 954 796 1016 exorti
813 970 912 1031 prope
930 956 1032 1017 deleto

55 1036 175 1097 exercitu
200 1038 321 1114 forent,
346 1039 430 1099 unde
457 1044 540 1100 tanta
564 1039 710 1114 audacia,
737 1045 821 1100 tanta
845 1039 960 1101 lidueia
984 1039 1032 1100 sui

54 1120 129 1180 victis
143 1137 179 1182 ac
194 1123 321 1200 iugatis,
339 1123 410 1200 quis
425 1123 594 1199 imperator
609 1124 733 1184 duobus
749 1122 947 1198 Scipionibus
963 1139 1046 1206 cae-x

55 1203 90 1263 sis
103 1205 283 1284 exstitisset,
301 1208 370 1284 quis
384 1207 495 1270 eastris
512 1214 688 1284 praeesset,
705 1207 775 1283 quis
792 1208 914 1283 signum
928 1207 1032 1268 dedis·

59 1295 97 1347 set
107 1305 221 1366 pugnae
235 1324 283 1337 --
296 1291 337 1352 ad
351 1291 430 1353 haec
445 1298 564 1355 tottam
580 1291 765 1368 necopinata
780 1292 879 1367 primo
897 1291 1029 1354 omniun

60 1371 144 1434 incerti
158 1382 388 1456 stupentesque
401 1377 540 1438 referunt
555 1377 681 1453 pedem,
698 1374 770 1435 dein
786 1375 889 1437 valida
904 1375 1030 1451 impres-

59 1454 129 1516 sione
142 1461 222 1535 pulsi
238 1466 329 1538 terga
343 1467 475 1532 vertunt.
504 1468 535 1522 et
549 1468 603 1523 aut
617 1460 796 1538 rugientium
811 1459 924 1520 caedes
941 1459 1033 1520 ioeda

58 1538 146 1602 inisset
165 1551 218 1607 aut
239 1545 423 1606 temerarius
445 1545 705 1622 periculosusque
726 1543 921 1622 sequentium
936 1542 1030 1619 impe·

57 1628 108 1699 tto,
128 1627 156 1687 ni
175 1628 315 1692 Marcius
338 1645 473 1707 propere
494 1629 634 1706 receptui
656 1628 796 1689 dedisset
817 1629 954 1704 signum,
977 1627 1031 1688 ob·

56 1706 212 1790 sistensque
234 1716 279 1775 ad
294 1715 393 1790 prima
407 1715 497 1791 signa
511 1722 542 1776 et
556 1714 709 1790 quosdam
725 1712 793 1788 ipse
807 1713 943 1774 retinens
959 1728 1032 1774 eon·

56 1790 158 1856 citatam
176 1799 388 1876 repressisset
408 1799 516 1860 aciem.
554 1798 626 1858 inde
641 1797 672 1858 in
688 1804 790 1858 castra
803 1797 913 1859 avidos
929 1796 1030 1858 adhunc

57 1877 206 1958 caedisque
227 1890 262 1944 et
275 1883 437 1959 sanguinis
452 1882 585 1946 reduxit.
623 1881 892 1957 Carthaginienses
908 1880 1025 1956 trepido

57 1960 137 2032 llimo
157 1967 194 2027 ab
216 1967 355 2029 hostium
375 1968 458 2032 vallo
479 1967 538 2029 acti
561 1972 727 2043 postquam
741 1965 893 2026 neminem
907 1963 1030 2037 insequi

57 2042 194 2124 nitentat,
216 2060 302 2114 metu
317 2051 496 2114 substitisse
510 2051 583 2128 rati,
599 2050 798 2126 contemptim
812 2063 921 2108 rursus
936 2052 966 2107 et
981 2061 1028 2105 se-

58 2124 116 2189 dato
129 2135 223 2208 gradu
238 2137 272 2196 in
288 2142 392 2197 castra
407 2137 529 2198 abeunt.

125 2215 179 2278 Par
193 2219 391 2297 neglegentia
404 2220 435 2281 in
448 2219 557 2282 castris
573 2215 786 2279 custodiendis
801 2215 869 2276 luit:
892 2229 962 2274 nam
973 2221 1030 2274 etsr

59 2299 232 2380 Propinquus
251 2305 350 2366 hostis
366 2311 441 2380 erat,
455 2310 557 2365 tamen
571 2303 720 2378 reliquias
735 2314 804 2362 eum
817 2313 888 2360 esse
900 2297 1030 2360 duorum

58 2385 225 2450 exercituum
250 2395 322 2450 ante
343 2404 463 2466 paucos
486 2387 554 2449 dies
575 2387 745 2448 deletorum
761 2382 968 2444 succurrebat
991 2379 1030 2441 ob

59 2457 105 2555 itte
123 2483 189 2533 cum
210 2473 316 2535 omnia
337 2475 479 2549 neglecta
493 2469 578 2548 opud
593 2469 702 2531 hostes
718 2473 839 2542 essent,
861 2465 1029 2542 exploratis

59 2559 86 2606 1¹⁸
98 2547 224 2621 Marcius
248 2558 289 2619 ad
305 2557 466 2619 consilium
489 2553 710 2632 primaspecic
725 2551 917 2613 temerarium
932 2548 1029 2625 magis

61 2644 135 2703 luam
150 2643 252 2704 audax
270 2642 405 2704 animum
419 2640 547 2714 adiecit,
566 2644 600 2699 ut
614 2639 693 2700 ultro
710 2641 812 2697 castra
825 2635 960 2698 hostium
975 2648 1029 2709 op·

60 2727 196 2802 autumet,
212 2726 335 2788 iacilius
350 2740 424 2787 esse
438 2730 523 2785 ratus
538 2721 629 2783 unius
640 2719 843 2781 Hasdrubalis
859 2715 1030 2794 expugnari
1117 2739 1119 2744 ¹

61 2807 144 2890 taetra
163 2805 281 2886 quam,
297 2811 325 2871 si
347 2826 382 2871 so
402 2824 513 2870 rursus
536 2813 598 2868 tres
620 2802 775 2865 exercitus
797 2819 833 2863 ac
855 2809 917 2864 tres
932 2803 1028 2862 duces

61 2888 226 2972 unxissent,
249 2910 307 2957 sua
329 2893 471 2963 deiendi;
499 2891 589 2953 simul
604 2895 671 2963 aut,
693 2887 721 2948 si
735 2887 944 2949 successisset
957 2897 1029 2945 coe-

62 2967 121 3046 ptis,
142 2985 336 3058 recepturum
358 2993 395 3040 se
415 2975 645 3048 addictaslres,
667 2977 734 3047 aut,
756 2971 783 3031 si
804 2973 914 3047 pulsus
935 2973 1027 3039 esset,

64 3054 143 3118 bmen
161 3064 239 3128 ultro
259 3063 422 3125 inlerendo
438 3077 525 3122 arma
539 3061 749 3132 contemptum
762 3054 811 3116 sui
825 3055 1027 3145 dempturum.

63 3127 198 3209 Xllllvffl,
227 3165 268 3210 ne
289 3155 393 3210 tamen
413 3145 516 3207 subita
528 3159 581 3204 res
597 3147 628 3202 et
641 3145 810 3201 nocturnus
826 3144 924 3198 terror
938 3139 1027 3192 etlam

66 3231 111 3282 ⁰011
123 3241 191 3294 suae
202 3235 345 3297 fortunae
357 3228 519 3294 consilium
532 3225 733 3305 perturbaret,
749 3217 962 3312 adloquendos
974 3212 1027 3310 qd·

65 3297 272 3396 hortandosque
287 3317 347 3379 sibi
362 3315 473 3377 milites
487 3319 573 3375 ratus
589 3308 732 3371 contione
747 3306 897 3401 adnocata
910 3303 953 3358 xta
964 3294 1026 3356 dns·

67 3394 149 3458 iilttit
167 3407 233 3478 „vel
248 3417 320 3463 mea
334 3415 409 3476 erga
420 3399 624 3474 imperatores
636 3396 761 3454 nostros
772 3400 861 3448 vivos
873 3386 1025 3443 mortuos-

68 3480 217 3564 cleptem,
233 3490 282 3550 uel
296 3499 449 3563 praesens
461 3480 596 3544 omnium
607 3481 755 3547 nostrum,
769 3469 888 3542 milites,
904 3465 1024 3527 fortune
