2434 3902
171 160 234 226 ιιι
331 160 447 222 LlBER
461 149 596 221 xlell.
619 160 701 219 cap.
716 169 760 222 ιι.
783 168 818 234 [a.
835 165 868 220 ιι.
884 188 909 223 0.
921 167 983 234 aas]

170 313 347 394 depopulati
362 322 441 375 sunt.
463 313 561 373 civilis
576 313 654 373 alius
667 313 751 372 luror
765 313 795 371 in
811 312 918 373 castris
933 313 974 372 ad
982 312 1151 374 Sucronem

169 407 263 462 onus.
296 405 364 459 octo
380 397 422 458 ibi
437 397 518 457 milia
533 395 658 457 militum
674 403 773 470 crant,
796 396 985 474 praesidium
1000 397 1152 474 gentibus,

153 483 248 561 'quae
264 483 308 543 cis
325 481 470 543 Hiberum
484 481 626 553 incolunt,
643 481 828 558 impositum.
865 487 966 542 motae
981 487 1086 542 autem
1101 496 1153 542 eo·

167 585 234 629 rum
255 562 375 627 mentes
387 572 458 628 sunt
472 582 536 641 non,
549 573 610 626 tum
630 565 775 646 primum,
798 581 865 626 cum
882 563 921 626 dc
936 566 999 625 vita
1019 561 1154 646 impera-

167 653 241 713 toris
254 649 494 712 rumores'dubii
514 649 606 710 adlati
622 656 707 722 sunl,
732 649 789 710 sed
810 649 868 710 iarn
891 656 961 710 ante
973 649 1103 710 licentia
1118 667 1155 710 ex

166 736 292 810 diutino,
315 733 403 809 utiit,
419 735 481 795 otio
498 735 635 808 collecta,
652 741 757 794 elnon
775 733 857 809 nihil,
882 735 990 810 quod
981 752 1012 794 ιιι
1029 733 1154 818 hostico

166 820 265 880 laxius
285 826 374 896 rapto
390 819 487 880 suetis
504 819 608 878 vivere
622 819 751 878 artiores
773 819 802 877 in
819 835 897 896 pace
911 833 962 904 res
984 811 1088 879 erant.
1123 836 1156 878 ac

165 903 262 1000 primo
283 919 443 966 sermones
459 909 574 964 tantum
595 904 706 963 occulti
720 903 915 964 serebantur:
940 920 967 963 sr
959 903 1136 964 ‘'bellum
1128 920 1156 963 m

166 987 324 1064 provincia
339 995 431 1062 esset,
449 987 522 1064 quid
537 1002 609 1048 sese
624 987 701 1047 inter
715 994 879 1070 pacatos
859 989 983 1048 laceret
1003 987 1031 1047 si
1050 987 1157 1048 debel-

164 1073 275 1134 latum
267 1087 328 1133 rem
340 1071 516 1134 etconiecta
523 1069 682 1148 provincia
694 1078 785 1146 esset,
800 1087 854 1132 cur
864 1058 894 1131 in
902 1066 1019 1132 ltalia'm
1030 1079 1101 1168 nen
1113 1089 1158 1132 re

165 1157 256 1219 vehit
286 1155 454 1231 flagitatum
476 1171 600 1232 quoque
621 1153 805 1232 stipendium
825 1157 989 1232 procacius
1006 1147 1108 1232 quam
1123 1174 1157 1218 ex

153 1257 247 1338 'more
262 1247 292 1302 et
305 1239 456 1302 modestia
471 1238 589 1300 militari
605 1247 678 1313 erat,
698 1248 728 1300 et
741 1239 780 1299 ab
796 1237 975 1302 custodibus
991 1241 1137 1316 probra
1130 1259 1156 1303 rn

164 1326 385 1388 circumeuntes
397 1323 516 1403 vigilias
527 1321 686 1388 tribunos
678 1332 766 1399 tacta,
778 1331 808 1385 et
819 1332 911 1385 noctu
909 1325 1052 1404 quidam
1067 1343 1155 1404 prac-

165 1410 286 1471 datum'
279 1428 308 1469 m
318 1426 423 1484 agrum
436 1410 516 1470 circa
523 1416 663 1485 pacatum
676 1409 786 1468 ierant·
779 1411 956 1487 ;post'remo
968 1409 1111 1471 interdIu
1123 1427 1158 1470 ac

164 1495 361 1572 propalum'
334 1510 401 1556 srne
414 1501 585 1554 commeatu
597 1492 673 1554 ab
649 1492 744 1568 srgnis
757 1493 888 1554 abibant.
910 1494 1015 1555 omnia
1026 1495 1157 1554 libidine

165 1594 202 1637 ac
223 1577 343 1638 licentia
364 1575 506 1653 militurn,
528 1575 623 1638 nihil
616 1577 751 1654 instituto
773 1586 825 1640 aut
840 1575 1003 1654 disciplina
1018 1579 1155 1654 militiae,

164 1669 216 1722 aut
229 1658 359 1740 imperio
382 1678 504 1737 eorum,
528 1662 579 1738 qui
593 1669 764 1740 praeerant,
787 1662 957 1743 gerebatur.
994 1664 1101 1723 torma
1115 1672 1156 1723 ta

163 1761 232 1806 men
252 1747 460 1808 Romanorum
483 1754 651 1808 castromm
673 1735 833 1807 constabat
854 1764 915 1807 una
936 1763 974 1807 ea
978 1763 1042 1824 ιι,
1070 1747 1155 1844 quod

164 1831 317 1903 tribunos,
341 1846 380 1891 ex
396 1831 606 1910 contagiones
605 1832 702 1891 uroris
717 1828 800 1890 haud
822 1825 966 1930 expertes
988 1827 1155 1892 seditlonis

163 1903 418 1994 defectionisque
428 1916 484 1976 rati
507 1916 586 1992 lore,
609 1923 638 1975 et
652 1916 719 1976 iura
732 1916 894 1994 reddere
886 1933 916 1976 ιιι
931 1916 1099 1994 principiis
1117 1916 1154 1976 si-

163 1999 289 2073 nebant,
312 2007 342 2061 et
356 1995 476 2076 signum
490 1999 529 2060 ab
545 1999 589 2060 eis
604 1999 762 2075 petebant,
785 2001 838 2060 'ct
830 2017 860 2059 m
876 2001 1042 2062 stationem
1058 2017 1097 2060 ac
1113 2000 1154 2059 vi·

162 2083 273 2157 gilias'
266 2101 296 2144 ιιι
313 2083 451 2167 ordinem
467 2083 565 2155 ibant,
589 2091 619 2144 et
631 2092 664 2144 ut
678 2083 740 2143 vim
754 2084 873 2160 imperil
888 2080 1092 2178 abstulerant,
1115 2087 1156 2145 ita

162 2167 298 2242 speciem
310 2169 391 2229 dicto
403 2152 582 2253 parentium,
598 2169 676 2229 ultro
689 2166 747 2228 sibi
762 2159 957 2244 imperantes,
974 2169 1154 2249 servabant

163 2252 275 2338 erupit
283 2252 396 2313 deinde
412 2253 538 2328 seditio,
560 2258 725 2329 postquam
738 2245 965 2352 reprehendere
987 2261 1084 2328 atque
1098 2254 1154 2312 im·
1203 2293 1204 2318 t

163 2325 294 2419 'probare
308 2337 448 2399 tribunos
464 2354 501 2398 ea
512 2352 591 2414 quae
603 2335 718 2411 fierent,
741 2343 771 2410 et
786 2336 889 2396 conari
905 2336 1099 2424 obviamne,
1125 2346 1153 2398 et

163 2410 325 2497 propalam
339 2421 473 2483 abnuere
488 2417 601 2482 luroris
616 2435 722 2481 eorum
737 2437 772 2482 se
787 2422 905 2482 tuturos
920 2418 1027 2482 socios
1044 2437 1152 2482 sense·

163 2510 241 2580 runt.
274 2506 385 2584 iugatis
408 2508 550 2603 itaquae
570 2501 729 2581 principiis
750 2520 786 2565 ac
800 2513 884 2603 pest
891 2507 984 2582 paulo
1006 2507 1153 2567 ecastris

163 2578 302 2668 tribunis,
317 2589 357 2649 ad
372 2589 527 2672 principes
544 2585 714 2663 seditionis,
735 2584 894 2668 gregarios
909 2589 1032 2662 milites,
1055 2590 1088 2650 C
1099 2591 1152 2649 Al-

164 2669 245 2731 bium
255 2651 409 2770 Calenum
430 2669 512 2734 etc.
532 2673 651 2736 Atrium
671 2671 833 2748 Umbrum,
857 2663 994 2750 delatum
1015 2675 1151 2734 omnium

163 2751 317 2836 consensu
338 2754 508 2855 imperium·
518 2763 574 2818 est.
608 2757 660 2834 qui
675 2773 870 2856 nequaquem
888 2741 1058 2820 tribuniciis
1075 2775 1148 2820 con-

164 2827 235 2910 tenti
251 2839 458 2902 ornamentis
451 2843 583 2920 rnsignia
597 2842 686 2902 etiam
702 2841 811 2902 summi
826 2841 953 2940 imperii,
978 2841 1082 2904 fasces
1098 2859 1148 2903 se-

163 2938 329 3000 curesque,
357 2931 515 2987 attrectare
526 2926 619 3002 ausi,
649 2941 750 3002 neque
772 2925 905 2986 venitm
927 2931 1061 2988 mentem
1082 2927 1148 2987 suis

72 3077 73 3083 ι
163 3008 270 3097 tergis
277 3008 404 3100 suisque
429 2991 599 3094 cervicibus
619 3011 739 3086 virgas
746 3010 814 3069 illas
835 3015 1025 3098 securesque
1050 3012 1146 3110 ιιιιιιιι-

163 3107 250 3167 nere,
274 3095 357 3186 quas
367 3095 406 3162 ad
423 3080 533 3174 metum
551 3083 680 3170 tiliorum
694 3088 893 3191 praeferrent.
925 3101 1009 3156 mors
1012 3081 1144 3172 Scipio-

162 3177 210 3241 nis
228 3179 306 3238 lalso
322 3170 438 3239 'credita
459 3161 643 3241 occaecabat
658 3177 793 3253 animoa,
816 3178 873 3238 suh
889 3179 984 3245 cuius
991 3181 1143 3254 vulgatam

163 3276 235 3319 mox
263 3263 373 3322 lamam
394 3277 455 3321 non
485 3261 662 3322 dubitabant
686 3267 780 3322 lotam
787 3261 994 3360 Hispaniam
1008 3278 1143 3341 arsuram

165 3341 260 3412 bello;
283 3344 313 3403 in
336 3362 373 3405 eo
389 3347 517 3406 tumultu
532 3351 562 3405 et
576 3343 670 3406 sociis
684 3345 832 3420 pecunias
853 3347 995 3430 ιιιιιιιιιιι
1010 3331 1041 3407 ιι
1055 3347 1141 3438 diripi

165 3426 353 3538 propinquas
374 3439 465 3504 urbes
487 3444 599 3506 posse3
623 3435 653 3488 ιι
672 3428 800 3490 turbatis
821 3429 1142 3493 rebus.cum0n1nia
