2434 3902
143 242 204 306 uae
280 241 395 302 arnan
409 240 528 300 xxvn.
552 239 634 300 cnr.
649 247 693 304 aa.
708 246 752 303 ee.
774 219 897 311 [ausc.
915 245 979 312 sn]
1044 293 1050 304 .

142 393 320 456 consulibus
341 392 411 452 lecit
424 399 454 451 et
468 389 632 467 supplendi
646 390 727 452 unde
745 390 870 464 vellent,
892 399 923 450 et
937 389 1070 466 eligendi
1087 391 1123 452 de

142 478 282 540 omnibus
303 475 486 536 exercitibus
509 490 587 551 quos
609 475 721 534 vellent
741 475 1012 550 permutandique,
1036 483 1124 536 etex
1205 539 1206 546 ,

142 561 308 638 provinciis
330 574 491 637 quesere
511 559 635 634 publiea
658 565 819 620 censerent
839 573 912 620 ease
932 559 1125 619 traducendi.
1205 553 1206 636 j

142 647 244 706 omnia
258 659 326 704 cum
341 659 460 704 surnma
474 643 641 704 eorreordin
655 644 815 703 eonsulmn
830 650 908 703 aem.
943 644 1075 702 volones
1097 643 1125 701 io

142 729 402 791 undevicesimum
416 734 446 787 et
466 727 644 787 vicesimam
658 726 795 802 legiones
811 726 926 802 scripti.
958 728 1064 801 magni
1078 743 1125 786 re·

143 813 226 874 boris
248 811 360 872 auxilia
381 816 420 871 e'x
434 810 582 886 Hispania
598 826 722 886 quoque
742 810 805 870 aP.
821 810 967 887 Scipione
981 811 1024 869 Μ.
1039 811 1127 870 Livio

144 897 238 956 missa
254 896 376 970 quidam
392 895 431 955 ad
446 895 477 954 id
492 893 605 955 bellum
625 903 765 956 auctores
782 902 866 970 sunt,
890 901 960 954 octo
976 894 1060 953 milia
1075 895 1126 954 lli·
1205 969 1206 976 ἵ

144 995 310 1056 spanorum
325 978 541 1053 Gallorumque
562 986 591 1039 et
614 978 772 1040 duomilia
792 979 831 1039 do
851 979 973 1054 legione
988 979 1126 1053 rnilitum,

143 1064 278 1142 equitum
298 1063 393 1137 atille,
415 1062 527 1122 mixtos
541 1062 687 1123 Numidas
701 1063 935 1140 Hispanosque,
958 1062 999 1122 M.
1015 1062 1129 1122 Lucre-

145 1149 217 1209 tium
232 1148 288 1208 lras
304 1147 411 1223 copias
426 1146 557 1207 navibus
572 1147 757 1215 adduxisse;
774 1154 803 1206 et
818 1147 1046 1222 sagittariorum
1061 1147 1128 1206 sun-

144 1233 337 1306 diterumque
352 1231 391 1290 ad
406 1231 462 1292 tria
476 1231 557 1290 milia
571 1246 611 1290 ex
624 1229 728 1291 Stellio
743 1231 773 1291 c.
789 1229 954 1290 Mamilimn
969 1231 1109 1290 misisse.

227 1315 358 1376 XXXlX.
380 1317 540 1376 Auxerunt
550 1315 667 1375 Romae
677 1316 834 1376 tumultum
845 1315 963 1375 litterae
978 1331 1018 1374 ex
1030 1313 1129 1374 Gallia

145 1400 265 1460 adlatae
286 1399 370 1459 abb.
386 1399 493 1459 Porcio
514 1406 669 1474 praeterea
690 1399 913 1460 Hasdrubalem
933 1399 1075 1459 movisse
1091 1414 1128 1458 ex

146 1481 280 1543 hibernis
301 1490 331 1542 et
351 1485 411 1542 ient
425 1484 522 1558 Alpes
537 1482 682 1554 transire,
705 1489 775 1544 octo
790 1483 873 1543 milia
886 1483 1032 1558 Ligurum
1054 1498 1126 1542 oon-

146 1567 260 1642 scripta
280 1572 457 1642 armataque
478 1567 676 1628 coniunctura
698 1583 733 1627 se
753 1575 948 1642 transgresso
964 1567 994 1626 in
1011 1567 1130 1627 ltaliam

148 1665 227 1723 esse,
250 1649 309 1710 nisi
323 1650 489 1710 mitteretur
502 1651 532 1710 in
546 1651 683 1727 Ligures,
706 1651 758 1726 qui
774 1667 830 1712 eos
845 1651 926 1711 bello
943 1659 1130 1726 occuparet:

149 1749 181 1794 se
196 1748 265 1793 cum
284 1733 419 1793 invalido
434 1736 583 1808 exercitu,
607 1736 710 1810 quoad
724 1742 819 1796 tutum
834 1741 963 1811 putaret,
982 1750 1130 1809 progres-

149 1832 259 1877 surum.
291 1817 350 1877 hoe
364 1817 480 1878 litterae
496 1818 638 1879 consules
654 1820 763 1895 raptim
779 1819 919 1879 conlecto
936 1819 1049 1879 dilectu
1065 1835 1130 1878 rna-

149 1901 244 1962 turius
267 1917 358 1976 quam
380 1903 598 1964 constituerant
617 1903 701 1964 exire
717 1903 746 1963 in
768 1903 944 1979 provincias
962 1911 1133 1977 coegerunt

147 2000 185 2044 ea
198 1993 313 2060 mente,
335 1995 367 2048 ut
380 1994 507 2061 uterque
521 1987 641 2047 hostem
655 1987 686 2046 in
702 2003 758 2048 sua
772 1987 932 2063 provincia
949 1987 1132 2058 eorrtineret,

147 2083 247 2142 neque
262 2070 404 2146 coniungi
419 2077 470 2129 aut
482 2071 620 2131 conferre
635 2069 665 2129 in
680 2087 773 2132 unum
784 2071 866 2131 vires
879 2077 1041 2146 pateretur.
1064 2071 1134 2145 plu-

147 2153 252 2213 rimum
268 2153 297 2212 in
314 2169 381 2213 eam
395 2169 459 2214 rem
480 2153 595 2214 adiuvit
610 2154 713 2230 opinio
729 2155 923 2230 Hannibalis,
947 2154 1048 2230 qued,
1075 2154 1134 2213 etsi

148 2251 184 2296 ea
204 2244 320 2298 aestate
333 2238 528 2299 uansilurum
549 2238 579 2298 in
593 2239 709 2298 ltaliam
723 2239 847 2299 fratrem
867 2238 1057 2312 crediderat,
1084 2253 1133 2296 re-

148 2321 313 2395 condendo,
326 2339 404 2396 quae
415 2323 485 2398 ipse
495 2323 525 2381 in
536 2323 665 2382 transitu
676 2321 905 2384 nuncHhodeni
917 2337 997 2381 nunc
1004 2322 1134 2398 Alpium

148 2419 216 2465 enm
235 2404 409 2468 bominibus
431 2406 570 2482 locisque
591 2408 758 2482 pugnando
773 2421 829 2482 per
844 2406 980 2480 quinque
1005 2421 1134 2466 menses

147 2487 350 2565 exhausIssct,
361 2491 668 2567 lruudquaquamtam
677 2491 798 2551 facilem
809 2497 1134 2563 maturumquelrans-
1207 2537 1208 2546 ,

148 2571 220 2632 itum
235 2575 444 2648 exspectabat.
478 2590 515 2634 ea
529 2575 646 2635 tardlus
661 2575 806 2635 movendi
827 2590 866 2634 ex
881 2573 1019 2633 bibernis
1036 2589 1134 2634 causa

150 2654 212 2715 luit.
235 2664 369 2717 ceterum
383 2658 566 2720 Hasdrubali
582 2666 612 2719 et
626 2676 683 2720 sua
697 2667 728 2720 et
742 2659 870 2721 aliorum
886 2673 944 2734 spe
960 2658 1066 2718 omnia
1083 2673 1129 2716 cc·

148 2736 259 2797 leriore
283 2748 374 2814 atque
402 2742 593 2818 expeditiora
618 2744 710 2803 luere.
752 2759 813 2803 non
841 2743 921 2802 enim
946 2749 1135 2818 receperunt

148 2821 240 2882 modo
255 2823 385 2885 Arverni
405 2841 475 2886 eum
496 2827 706 2903 deincepsque
721 2826 798 2886 aliae
814 2825 947 2886 Gallicae
970 2832 1065 2900 atque
1080 2826 1134 2884 Al-

147 2905 238 2979 pinae
253 2915 373 2984 gentes,
396 2911 452 2971 sed
466 2911 557 2970 etiarn
572 2918 697 2972 secutae
712 2918 783 2972 sunt
804 2911 844 2970 ad
858 2909 982 2970 bellum.
1016 2916 1048 2968 et
1063 2925 1133 2969 eum

147 3004 203 3064 per
216 2991 330 3052 munita
341 2994 487 3068 pleraque
501 2995 630 3054 transitu
643 2993 753 3070 fratria,
771 3010 850 3070 quae
865 3000 954 3053 antea
970 2993 1054 3053 invia
1067 2993 1132 3052 lue·

147 3082 221 3149 rant,
244 3075 382 3152 ducebat,
402 3079 567 3138 tumeliam
582 3079 745 3139 duodecim
760 3093 909 3139 annorum
925 3077 1132 3138 adsuetudine

148 3159 262 3230 perviis
269 3161 401 3235 Alpibus
413 3161 502 3222 iactis
516 3163 594 3221 inter
605 3163 724 3222 mitiora
738 3162 799 3222 iem
812 3161 961 3222 transibat
971 3160 1130 3220 hominum

148 3240 278 3314 ingenia.
310 3243 454 3304 invisitati
474 3261 605 3320 namque
625 3253 715 3305 antea
736 3246 925 3321 alienigenis,
949 3259 1008 3304 nec
1022 3244 1130 3304 videre

88 3348 91 3353 ’
148 3322 207 3396 ipsi
228 3325 378 3385 advenam
398 3327 430 3387 in
450 3344 507 3388 sua
519 3335 601 3388 terra
620 3329 755 3402 adsueti,
779 3331 860 3389 omni
875 3329 980 3404 generi
995 3327 1128 3388 humano

150 3403 344 3466 insociabiles
358 3418 452 3471 erant.
484 3419 514 3473 et
527 3413 624 3487 primo
640 3412 745 3486 ignari,
763 3430 825 3488 qun
839 3412 960 3472 Poenus
976 3416 1123 3487 pergeret

152 3501 221 3546 ···as
231 3505 324 3563 rupes
335 3507 453 3568 suaque
465 3497 588 3555 castella
603 3501 632 3553 et
647 3509 793 3567 pecorum
807 3495 1027 3570 hominumque
1039 3508 1119 3569 prae
