2428 3892
162 167 224 232 104
328 166 444 228 LIBER
456 163 563 225 xxvl.
586 162 669 226 chl’.
681 170 708 224 ἱ.
719 171 747 224 8.
770 167 808 235 [ι.
822 166 857 220 tt.
870 183 895 220 c.
907 163 973 236 Ml]

159 325 297 398 hostem,
319 335 377 384 nec
397 320 436 382 ab
450 318 621 379 Hannibale
642 318 700 378 sed
713 315 753 377 ab
769 317 958 393 imperatore
974 333 1038 382 suo
1053 317 1152 382 vietae

160 423 243 469 csse.
270 405 439 479 neminem,
460 419 530 464 cum
543 400 724 476 suffragium
740 400 838 476 ineat,
853 401 932 462 satis
947 417 1097 476 cernere,
1111 405 1152 464 eui

160 491 329 568 imperium,
345 487 394 548 cui
409 486 576 547 exereitum
589 485 753 561 permittat.
788 484 865 560 quid
880 485 1069 547 interfuisse
1082 487 1155 548 inter

159 577 224 636 Tib.
255 571 492 648 Semproniumt
527 586 597 630 eum
624 569 653 628 ei
681 583 845 629 servorum
873 571 1036 630 exercitus
1069 570 1156 632 dattrs

160 665 259 731 esset,
280 655 367 718 breti
388 653 531 716 effecisse
554 652 719 728 disciplina
733 658 828 728 atque
843 651 992 730 imperio,
1015 659 1055 714 ut
1070 669 1156 715 nemo

160 758 268 802 corum
282 739 405 816 generis
419 754 456 798 ac
468 736 626 812 sanguinis
639 736 687 798 sui
699 753 817 798 memor
828 737 859 796 iu
872 737 940 797 acie
952 745 1054 813 esset,
1071 754 1156 814 prae

161 825 241 888 sidio
257 824 361 898 sociis,
383 822 524 883 hostibus
538 820 647 882 terrori
664 825 787 891 essent;
811 821 924 882 Cumas
939 821 1157 883 Beneventum

161 909 301 984 aliasque
324 906 417 968 urbes
443 920 499 968 eos
519 907 603 965 velut
623 920 641 965 e
661 905 802 966 faucibus
823 905 1010 968 Hannibalis
1034 915 1155 984 ereptas

162 994 278 1072 populo
297 993 436 1053 Romano
456 989 645 1050 restituisse:
674 989 726 1048 cu.
743 987 887 1050 Fulvium
909 989 1080 1064 Quiritium
1100 991 1156 1052 Ro·

161 1079 322 1138 matorum
336 1076 510 1148 exercitum,
524 1071 655 1134 honeste
667 1073 798 1148 genitos,
814 1072 982 1133 liberaliter
994 1075 1155 1148 educatos,
1201 1087 1202 1094 ¹

160 1160 325 1222 servilibus
339 1159 420 1219 vitiis
435 1157 593 1218 imbuisse.
619 1172 693 1234 ergo
709 1157 855 1218 effecisse
869 1164 904 1217 ut
918 1159 1051 1219 seroces
1068 1165 1101 1219 et
1114 1160 1152 1218 iu-

161 1245 254 1322 quicti
270 1242 481 1317 intersectas,
497 1241 600 1318 ignavi
617 1247 648 1300 et
661 1240 801 1302 imbelles
816 1241 897 1301 inter
910 1242 1025 1304 hostes
1042 1251 1152 1318 essent,

163 1345 219 1390 uec
240 1329 386 1404 impetum
407 1327 499 1389 modo
514 1325 687 1402 Poenorum
709 1324 766 1385 sed
787 1339 826 1384 ne
842 1325 1013 1386 clamorem
1031 1327 1153 1404 quidem

162 1413 316 1474 sustinere
331 1417 470 1488 possent
494 1425 552 1470 nec
566 1409 692 1474 hercule
706 1409 815 1469 muum
831 1425 905 1470 esse
921 1412 1067 1478 cessisse
1084 1411 1153 1471 mili·

162 1505 208 1559 tes
223 1497 253 1556 in
267 1496 342 1570 acie,
358 1510 427 1556 cum
439 1493 555 1570 primus
569 1494 704 1554 omnium
714 1493 881 1570 imperator
895 1494 1036 1572 lugeret:
1060 1497 1153 1571 mams

162 1581 265 1642 mirari
279 1595 315 1640 se
329 1578 450 1653 aliquos
466 1583 582 1639 stantes
597 1577 758 1653 cecidisse,
775 1586 805 1639 et
820 1593 883 1637 non
900 1594 1012 1640 omnes
1027 1581 1154 1642 comites

163 1666 215 1724 Cn.
231 1655 328 1724 Flilvii
344 1661 439 1722 luisse
454 1663 579 1737 pavoris
591 1677 627 1722 ae
643 1663 743 1736 lagae.
770 1661 801 1724 C.
817 1659 1010 1740 Flaminium,
1026 1665 1065 1726 L.
1081 1664 1153 1724 Pau-

164 1749 240 1822 lum,
262 1745 295 1806 L.
310 1745 512 1819 Postumirun,
536 1747 587 1806 Cn.
609 1761 646 1806 ec
667 1745 699 1806 P.
717 1743 881 1821 Scipiones
904 1748 1020 1808 cadere
1042 1749 1078 1810 in
1093 1749 1153 1808 acic

163 1830 308 1892 maluisse
324 1845 416 1906 quam
431 1830 575 1892 deserere
589 1829 815 1892 circumventos
828 1832 1001 1892 exercilus=
1019 1831 1077 1893 Cn.
1089 1831 1152 1894 Ful-

164 1915 245 1976 vium
267 1931 366 1992 prope
388 1931 481 1976 unum
503 1915 640 1976 nuntium
661 1914 753 1976 deleti
775 1918 931 1976 exercitus
952 1917 1091 1980 Romam
1111 1932 1151 1975 rc-

164 1999 258 2060 disse.
274 2000 393 2062 facinus
405 1999 562 2076 indignum
574 2015 656 2075 csse,
669 1999 862 2060 Cannensem
873 2001 1057 2078 exercitum,
1072 2001 1151 2079 quod

163 2098 205 2143 ex·
220 2085 287 2147 acie
301 2084 426 2161 fugerit,
441 2084 472 2144 iu
489 2082 623 2144 Siciliam
639 2084 847 2159 deportatum,
862 2100 902 2145 ne
916 2085 1005 2160 prius
1022 2085 1099 2147 inde
1112 2085 1150 2144 di-

163 2167 296 2230 mittatur
316 2184 408 2245 quam
428 2167 527 2234 hostis
543 2183 582 2226 ex
595 2168 681 2228 ltalia
695 2167 881 2243 decesserit,
904 2177 934 2230 et
947 2168 1009 2230 hoc
1025 2170 1112 2230 idem
1126 2169 1150 2230 iu

164 2251 217 2312 cn.
232 2251 331 2315 Fulvii
350 2252 522 2327 legionibus
544 2267 643 2326 nuper
657 2251 830 2311 decretum=
854 2253 906 2312 cn.
921 2252 1032 2314 Fulvio
1051 2255 1150 2330 lugam

1204 2185 1206 2284 l

164 2350 204 2394 ex
225 2339 343 2411 proelio
366 2335 465 2412 ipsius
486 2335 653 2397 temeritate
675 2335 840 2397 commisso
862 2337 1044 2412 impunitam
1067 2352 1151 2403 esser
1205 2355 1206 2388 ³

164 2424 279 2482 eleum
293 2421 323 2481 in
338 2435 438 2496 ganea
452 2420 628 2495 lustrisque,
644 2419 696 2480 ubi
710 2419 867 2480 iuventam
883 2423 995 2497 egerit,
1011 2430 1150 2484 senectu-
1204 2449 1206 2504 3

165 2507 225 2562 lem
241 2512 394 2566 actmumz
415 2504 542 2577 milites,
567 2504 620 2579 qui
634 2504 707 2564 nihil
723 2505 806 2565 aliud
822 2506 1039 2583 peccaverint,
1064 2521 1151 2583 quam
1205 2519 1206 2528 ¹

165 2587 249 2660 quod
265 2587 457 2664 imperatoris
472 2587 587 2648 similes
602 2587 721 2664 luerint,
736 2591 891 2664 relegatos
906 2606 1009 2666 prope
1023 2590 1056 2650 in
1072 2589 1150 2653 exsi-

165 2667 238 2728 lium
258 2671 491 2746 ignominiosam
512 2672 573 2748 pati
593 2673 737 2734 militiam.
772 2673 851 2735 adeo
868 2673 1018 2750 imparem
1032 2673 1150 2736 liberta-

165 2757 226 2810 tem
245 2753 362 2816 Romae
381 2755 435 2815 diti
455 2771 492 2817 ac
514 2757 655 2832 pauperi,
680 2757 832 2820 honorato
853 2766 947 2835 atque
967 2758 1151 2820 inhonorato

165 2849 247 2894 esse.
276 2838 326 2900 lll.
348 2856 422 2902 reus
437 2840 476 2901 ab
491 2856 526 2902 se
541 2842 662 2916 culpam
677 2841 707 2901 in
722 2842 833 2904 milites
847 2842 1075 2904 transterebat=
1098 2857 1148 2902 eos

166 2917 309 2984 ferociter
329 2941 464 3002 pugnam
485 2932 650 3004 poscentes
670 2927 838 3002 productos
853 2927 884 2988 in
900 2927 1015 3002 aciem,
1037 2943 1100 2988 nou
1114 2941 1149 2984 co

166 3018 228 3076 quo
243 3009 411 3086 voluerint,
428 3012 500 3089 quia
515 3027 618 3072 serum
634 3011 694 3072 diei
709 3010 815 3086 luerit,
831 3010 889 3071 sed
905 3017 1033 3086 postero
1048 3010 1108 3084 die,
1124 3017 1151 3068 et

166 3093 305 3162 tempore
329 3104 360 3157 et
377 3097 447 3159 loco
472 3112 572 3174 aequo
593 3097 777 3168 instructos,
803 3109 862 3156 seu
881 3096 992 3155 lamam
1015 3109 1075 3155 seu
1092 3094 1149 3153 vim

166 3168 298 3235 hostium
312 3196 374 3242 nou
390 3182 584 3245 sustinuisse.
621 3195 691 3241 cum
705 3179 805 3240 effuse
821 3195 928 3240 omncs
945 3178 1102 3254 lugerent,
1117 3191 1148 3236 sc

167 3268 292 3330 quoque
306 3266 394 3328 turba
408 3267 555 3340 ablatum,
575 3272 610 3328 ut
623 3265 797 3325 Varronem
812 3263 964 3324 cannensi
979 3278 1101 3338 pugna,
1120 3265 1148 3318 ut

165 3337 277 3400 multos
293 3348 372 3412 alios
387 3352 600 3426 imperatores.
637 3347 689 3424 qui
703 3354 806 3408 autem
821 3348 921 3409 solum
936 3361 972 3407 se
986 3352 1147 3406 restantem

165 3419 319 3490 Prodesse
332 3433 377 3493 rei
398 3432 557 3508 publicae,
579 3431 639 3492 uisi
654 3431 680 3492 si
695 3447 779 3491 mors
795 3447 853 3492 sua
866 3429 1004 3492 remedio
1021 3429 1146 3505 publicis
