2434 3902
229 232 345 293 LIBER
358 233 493 296 Xxvlll.
514 235 598 296 cAP.
612 246 656 297 m.
671 246 715 298 aa.
739 244 775 311 [a.
788 244 820 297 c.
836 245 899 314 roe]
991 240 1054 308 bib

61 391 149 467 milis
162 395 232 450 sunt
246 389 286 448 ad
297 388 455 464 specimen
470 389 579 449 insitae
590 391 673 465 genti
685 391 803 452 virtutis
819 393 1052 472 ostendendum,

60 474 208 551 aiiiipsi
224 473 415 550 professisa
430 480 625 548 pugnaturos
646 474 824 550 ingratiam
847 477 950 554 ducis,
974 481 1052 541 alios

59 558 231 620 aemulatio
244 563 452 632 etcertamen,
472 564 507 617 ut
521 567 734 634 provocarent,
752 563 955 635 provocative
969 564 1052 625 haud

59 642 255 718 abnuerent,
273 641 380 713 traria
404 641 541 716 quidam,
566 659 643 716 quas
658 643 861 719 disceptando
877 654 1050 710 controver-

60 729 131 789 sias
153 726 444 802 linirenequiercnt
464 733 517 786 aut
537 728 712 800 noluerant,
734 735 826 804 pacto
849 733 927 792 inter
947 748 996 807 se,
1020 740 1052 794 ut

60 813 216 872 victorem
231 817 506 886 ressequeretur,
529 812 610 872 ierrc
626 813 838 874 decreverunt.
870 831 972 891 neque
996 817 1050 877 ob-

59 897 151 957 scuri
169 895 294 971 gerlanis
312 895 468 969 homines,
492 896 550 954 sed
565 895 638 954 clari
659 896 868 973 illustresque,
893 899 1000 962 corbis
1022 909 1052 962 et

59 980 167 1042 Orsua
177 980 333 1056 patrueles
343 980 463 1054 fratrae,
476 981 515 1039 de
526 980 698 1056 principatu
709 981 848 1055 civitatis,
862 999 954 1059 quarn
965 985 1051 1045 ldem

59 1065 235 1139 uocabant,
256 1064 461 1140 ambigentes,
483 1065 563 1125 ierro
578 1079 613 1125 se
635 1071 807 1126 certaturos·
820 1067 953 1142 professi
968 1076 1048 1130 suut.

59 1149 181 1210 Corbis
189 1149 287 1210 maiar
302 1157 366 1210 erat
378 1155 493 1220 aetate3
518 1147 634 1209 Orsuae
647 1155 735 1224 pater
749 1150 894 1227 princeps
909 1154 1049 1228 proxime

60 1233 330 1310 luerat,.a1iratre
350 1234 466 1294 maiore
479 1239 560 1308 >post
579 1240 707 1293 mortem
722 1235 788 1295 eius
805 1235 978 1312 principatu
998 1253 1049 1297 ac·

59 1324 167 1394 cepto.
190 1333 258 1378 cam
272 1317 376 1378 verbis
390 1318 567 1394 disceptare
574 1317 678 1394 Scipio
696 1319 786 1379 vellet
800 1335 838 1380 ac
852 1321 963 1380 sedare
976 1320 1048 1398 iras,

59 1409 209 1478 negatum
222 1402 255 1462 id
269 1403 360 1463 ambo
373 1402 478 1462 dicere
493 1402 632 1478 cognatis
647 1403 868 1478 communibus,
884 1421 942 1464 nec
957 1406 1047 1470 alium

60 1488 195 1548 deorum
214 1486 411 1548 hominumve
434 1503 525 1562 mmm
539 1486 667 1548 Martem
682 1502 717 1548 se
737 1488 870 1549 iudicem
890 1489 1048 1550 babituros

61 1587 147 1632 esse.
173 1571 294 1631 robore
304 1571 411 1646 maior,
426 1573 525 1630 minor
539 1569 617 1631 llere
631 1571 739 1632 aetatis
755 1573 852 1649 ierox,
874 1580 1003 1634 mortem
1017 1574 1048 1634 in

64 1654 237 1730 certamine,
252 1672 343 1731 quam
352 1663 386 1717 ut
396 1655 472 1716 alter
483 1655 606 1716 alterius
618 1656 746 1733 imperio
759 1650 949 1719 subiceretur
959 1674 1047 1735 prae

64 1746 221 1814 apianice,
251 1755 320 1801 eum
340 1740 440 1800 dirimi
461 1740 604 1800 abtanta
624 1740 708 1801 rabie
729 1742 903 1818 nequirent,
928 1743 1048 1818 insigne

61 1824 437 1899 spectaculumcxercitui
451 1823 622 1899 praebuere
636 1826 930 1903 documentumque,
952 1843 1045 1902 quana

59 1917 126 1968 tum
141 1908 292 1984 cupiditas
310 1908 429 1983 imperii
444 1908 554 1967 malum
570 1908 648 1968 inter
661 1909 805 1980 mortales
822 1918 914 1973 esset.
950 1912 1048 1971 maior

58 2009 122 2054 usu
144 2008 297 2054 mmorum
317 2000 347 2053 et
367 1999 437 2054 astu
451 1991 540 2052 iacile
560 1992 689 2052 stolidas
706 1991 788 2053 vires
810 1993 1046 2070 minorissupe-

56 2078 148 2140 ranit.
169 2077 454 2152 huicgladlatorum
464 2077 641 2152 spectaculo
653 2077 715 2136 ludi
727 2078 871 2138 funebres
882 2078 978 2138 additi
990 2095 1046 2154 pro

58 2162 153 2238 copia
168 2170 199 2222 et
212 2161 394 2238 provinciali
409 2168 439 2220 et
449 2161 604 2222 castrensi
620 2169 778 2236 apparatu.
853 2162 859 2168 ”

136 2246 240 2309 dlxll.
269 2247 331 2306 Res
353 2245 471 2306 iuterim
488 2245 581 2306 nihilo
596 2246 697 2306 minus
719 2245 882 2321 ablegatis
897 2245 1045 2320 gereban-

57 2341 117 2391 tur.
144 2329 668 2406 ·ll1arcius.superatoBaete.amni,
692 2330 922 2403 quem-incolae
937 2329 1047 2391 Certim

58 2416 236 2491 appellant,
259 2415 337 2475 duas
352 2416 514 2490 opulentas
529 2414 668 2474 civitates
684 2414 751 2474 sine
766 2414 931 2476 certamine
945 2413 977 2474 in
993 2415 1046 2474 de·

57 2499 208 2560 ditiomm
234 2500 361 2575 accepit.
403 2500 523 2574 Astapa
547 2498 623 2558 urbs
642 2506 726 2575 erat,
753 2497 1047 2574 carthaginiensium

57 2598 186 2660 semper
199 2583 313 2659 partiar
328 2599 429 2657 neque
444 2583 476 2642 id
490 2591 552 2642 mm
567 2583 693 2657 dignum
706 2583 752 2642 ira
765 2590 838 2656 erat,
855 2599 949 2658 quam
963 2584 1047 2659 quod

57 2675 149 2728 extra
165 2667 365 2728 necessitates
380 2667 453 2728 belli
463 2667 669 2743 praecipuum
682 2667 713 2726 in
726 2667 1047 2744 Romanosvgerebant

57 2753 175 2828 odium.
209 2767 267 2812 nec
282 2752 394 2824 urbem
415 2757 467 2812 aut
486 2751 547 2812 situ
567 2758 619 2812 aut
638 2752 824 2814 munimento
839 2759 934 2813 tutam
953 2753 1047 2813 habe-

60 2838 149 2911 bant,
172 2851 252 2910 quae
266 2836 434 2898 lerociorcs
449 2835 487 2896 iis
508 2836 627 2896 animos
643 2837 773 2907 lacerem
795 2838 852 2897 sed
865 2837 988 2913 ingenia
1003 2839 1046 2898 in·

58 2922 196 2981 colatum
209 2921 366 2981 latrocinio
378 2921 466 2994 laeta,
478 2927 511 2980 ut
521 2921 722 2982 excursiones
733 2921 764 2981 in
772 2921 931 2982 finitimum
942 2938 1046 2996 agrum

58 3005 222 3080 sociorum¹
231 3004 474 3081 populiRomani
490 3005 633 3080 iacerent,
649 3005 833 3080 impulerant
843 3014 980 3081 etvagos
992 3005 1046 3064 mi-

57 3089 293 3150 litesRomanas
304 3090 447 3165 lixasque
458 3095 488 3148 et
498 3097 684 3150 mercatores
696 3089 881 3165 exciperent.
903 3105 1046 3163 magnum

59 3174 149 3235 etiam
165 3173 350 3247 comitatum,
373 3173 445 3249 quia
458 3174 566 3248 paucis
582 3189 690 3250 parum
707 3175 803 3235 tutum
818 3175 925 3244 iuerat,
948 3179 1040 3232 trans·

59 3258 251 3333 gredientem
260 3258 338 3319 lines
349 3257 460 3334 positis
475 3257 595 3318 insidiis
608 3259 844 3318 circumventum
858 3256 963 3332 iniquo
976 3257 1045 3316 loco

60 3342 285 3403 interfecerunt.
313 3343 360 3404 ,ad
374 3342 454 3403 hanc
474 3342 581 3403 urbem
603 3342 842 3418 oppugnandam
858 3355 926 3401 cum
940 3339 1046 3400 admo-

51 3433 108 3490 tus
124 3426 278 3487 exercilus
294 3433 393 3501 esset,
422 3426 569 3502 oppidani
580 3425 773 3487 conscientia
788 3425 953 3497 scelerum,
976 3422 1047 3499 quia

62 3526 117 3570 nec
138 3510 254 3572 deditio
276 3516 340 3571 tuta
361 3510 402 3571 ad
421 3519 481 3572 tam
503 3511 632 3570 iniestos
651 3508 825 3583 videbatur,
849 3523 951 3584 neque
971 3522 1045 3584 spes
