<?xml version="1.0" encoding="UTF-8"?>
<!DOCTYPE html PUBLIC "-//W3C//DTD XHTML 1.0 Transitional//EN"
    "http://www.w3.org/TR/xhtml1/DTD/xhtml1-transitional.dtd">
<html xmlns="http://www.w3.org/1999/xhtml" xml:lang="en" lang="en">
 <head>
  <title>
</title>
<meta http-equiv="Content-Type" content="text/html;charset=utf-8" />
  <meta name='ocr-system' content='tesseract 3.04.00' />
  <meta name='ocr-capabilities' content='ocr_page ocr_carea ocr_par ocr_line ocrx_word'/>
</head>
<body>
  <div class='ocr_page' id='page_1' title='image "./titiliviaburbec09livygoog_0055.png"; bbox 0 0 2466 3900; ppageno 0'>
   <div class='ocr_carea' id='block_1_1' title="bbox 175 217 1009 296">
    <p class='ocr_par' dir='ltr' id='par_1_1' title="bbox 175 217 1009 296">
     <span class='ocr_line' id='line_1_1' title="bbox 175 217 1009 296; baseline 0.002 -12"><span class='ocrx_word' id='word_1_1' title='bbox 175 221 218 284; x_wconf 78' lang='lat' dir='ltr'><strong>as</strong></span> <span class='ocrx_word' id='word_1_2' title='bbox 330 218 563 282; x_wconf 79' lang='lat' dir='ltr'><strong>urannxxrv.</strong></span> <span class='ocrx_word' id='word_1_3' title='bbox 588 217 1009 296; x_wconf 66' lang='lat' dir='ltr'><strong>enunciandam]</strong></span> 
     </span>
    </p>
   </div>
   <div class='ocr_carea' id='block_1_2' title="bbox 117 370 1229 3572">
    <p class='ocr_par' dir='ltr' id='par_1_2' title="bbox 155 370 1229 3233">
     <span class='ocr_line' id='line_1_2' title="bbox 175 370 1171 448; baseline -0.001 -11"><span class='ocrx_word' id='word_1_4' title='bbox 175 394 211 438; x_wconf 88' lang='lat' dir='ltr'><strong>se</strong></span> <span class='ocrx_word' id='word_1_5' title='bbox 227 392 266 436; x_wconf 81' lang='lat' dir='ltr'><strong>ox</strong></span> <span class='ocrx_word' id='word_1_6' title='bbox 284 375 419 436; x_wconf 84' lang='lat' dir='ltr'><strong>sacrario</strong></span> <span class='ocrx_word' id='word_1_7' title='bbox 435 373 663 448; x_wconf 78' lang='lat' dir='ltr'><strong>proripuerunt,</strong></span> <span class='ocrx_word' id='word_1_8' title='bbox 684 377 732 445; x_wconf 92' lang='lat' dir='ltr'><strong>ut,</strong></span> <span class='ocrx_word' id='word_1_9' title='bbox 754 372 781 431; x_wconf 90' lang='lat' dir='ltr'><strong>si</strong></span> <span class='ocrx_word' id='word_1_10' title='bbox 796 370 949 446; x_wconf 78' lang='lat' dir='ltr'><strong>effugium</strong></span> <span class='ocrx_word' id='word_1_11' title='bbox 962 373 1127 447; x_wconf 84' lang='lat' dir='ltr'><strong>patuisset</strong></span> <span class='ocrx_word' id='word_1_12' title='bbox 1138 375 1171 436; x_wconf 89' lang='lat' dir='ltr'><strong>in</strong></span> 
     </span>
     <span class='ocr_line' id='line_1_3' title="bbox 175 455 1229 536; baseline 0.001 -16"><span class='ocrx_word' id='word_1_13' title='bbox 175 459 340 536; x_wconf 90' lang='lat' dir='ltr'><strong>publicum,</strong></span> <span class='ocrx_word' id='word_1_14' title='bbox 355 459 532 533; x_wconf 80' lang='lat' dir='ltr'><strong>impleturae</strong></span> <span class='ocrx_word' id='word_1_15' title='bbox 545 456 652 518; x_wconf 86' lang='lat' dir='ltr'><strong>urbem</strong></span> <span class='ocrx_word' id='word_1_16' title='bbox 665 457 795 519; x_wconf 82' lang='lat' dir='ltr'><strong>tumultu</strong></span> <span class='ocrx_word' id='word_1_17' title='bbox 809 455 933 516; x_wconf 87' lang='lat' dir='ltr'><strong>luerint.</strong></span> <span class='ocrx_word' id='word_1_18' title='bbox 956 464 1022 519; x_wconf 88' lang='lat' dir='ltr'><strong>tum</strong></span> <span class='ocrx_word' id='word_1_19' title='bbox 1037 474 1171 536; x_wconf 88' lang='lat' dir='ltr'><strong>quoque</strong></span> <span class='ocrx_word' id='word_1_20' title='bbox 1228 459 1229 536; x_wconf 72' lang='lat' dir='ltr'><strong>l</strong></span> 
     </span>
     <span class='ocr_line' id='line_1_4' title="bbox 175 537 1169 616; baseline 0 -12"><span class='ocrx_word' id='word_1_21' title='bbox 175 543 258 604; x_wconf 86' lang='lat' dir='ltr'><strong>haud</strong></span> <span class='ocrx_word' id='word_1_22' title='bbox 278 557 389 616; x_wconf 81' lang='lat' dir='ltr'><strong>magno</strong></span> <span class='ocrx_word' id='word_1_23' title='bbox 411 540 532 602; x_wconf 87' lang='lat' dir='ltr'><strong>aedium</strong></span> <span class='ocrx_word' id='word_1_24' title='bbox 548 540 649 616; x_wconf 85' lang='lat' dir='ltr'><strong>spatio</strong></span> <span class='ocrx_word' id='word_1_25' title='bbox 663 539 742 602; x_wconf 88' lang='lat' dir='ltr'><strong>inter</strong></span> <span class='ocrx_word' id='word_1_26' title='bbox 756 539 878 600; x_wconf 87' lang='lat' dir='ltr'><strong>medios</strong></span> <span class='ocrx_word' id='word_1_27' title='bbox 893 543 941 601; x_wconf 85' lang='lat' dir='ltr'><strong>toi</strong></span> <span class='ocrx_word' id='word_1_28' title='bbox 954 537 1099 612; x_wconf 77' lang='lat' dir='ltr'><strong>armatos</strong></span> <span class='ocrx_word' id='word_1_29' title='bbox 1116 545 1169 604; x_wconf 87' lang='lat' dir='ltr'><strong>ali·</strong></span> 
     </span>
     <span class='ocr_line' id='line_1_5' title="bbox 175 617 1168 716; baseline 0.002 -30"><span class='ocrx_word' id='word_1_30' title='bbox 175 626 318 702; x_wconf 87' lang='lat' dir='ltr'><strong>quotiens</strong></span> <span class='ocrx_word' id='word_1_31' title='bbox 331 626 449 700; x_wconf 75' lang='lat' dir='ltr'><strong>integro</strong></span> <span class='ocrx_word' id='word_1_32' title='bbox 464 639 596 698; x_wconf 85' lang='lat' dir='ltr'><strong>corpore</strong></span> <span class='ocrx_word' id='word_1_33' title='bbox 611 629 790 697; x_wconf 86' lang='lat' dir='ltr'><strong>evaserunt,</strong></span> <span class='ocrx_word' id='word_1_34' title='bbox 812 617 1079 716; x_wconf 82' lang='lat' dir='ltr'><strong>tenentibusque,</strong></span> <span class='ocrx_word' id='word_1_35' title='bbox 1098 641 1168 688; x_wconf 89' lang='lat' dir='ltr'><strong>cum</strong></span> 
     </span>
     <span class='ocr_line' id='line_1_6' title="bbox 176 705 1167 787; baseline 0.001 -17"><span class='ocrx_word' id='word_1_36' title='bbox 176 716 221 770; x_wconf 89' lang='lat' dir='ltr'><strong>tot</strong></span> <span class='ocrx_word' id='word_1_37' title='bbox 235 724 272 769; x_wconf 90' lang='lat' dir='ltr'><strong>ac</strong></span> <span class='ocrx_word' id='word_1_38' title='bbox 285 716 347 770; x_wconf 89' lang='lat' dir='ltr'><strong>tarn</strong></span> <span class='ocrx_word' id='word_1_39' title='bbox 360 708 480 769; x_wconf 85' lang='lat' dir='ltr'><strong>validae</strong></span> <span class='ocrx_word' id='word_1_40' title='bbox 495 707 675 776; x_wconf 71' lang='lat' dir='ltr'><strong>eluctandae</strong></span> <span class='ocrx_word' id='word_1_41' title='bbox 688 722 798 768; x_wconf 86' lang='lat' dir='ltr'><strong>manus</strong></span> <span class='ocrx_word' id='word_1_42' title='bbox 814 715 931 782; x_wconf 85' lang='lat' dir='ltr'><strong>essent,</strong></span> <span class='ocrx_word' id='word_1_43' title='bbox 948 705 1023 770; x_wconf 87' lang='lat' dir='ltr'><strong>s&#39;ese</strong></span> <span class='ocrx_word' id='word_1_44' title='bbox 1040 710 1167 787; x_wconf 87' lang='lat' dir='ltr'><strong>eripue-</strong></span> 
     </span>
     <span class='ocr_line' id='line_1_7' title="bbox 173 790 1168 870; baseline 0.004 -17"><span class='ocrx_word' id='word_1_45' title='bbox 173 793 395 854; x_wconf 78' lang='lat' dir='ltr'><strong>nuntiandam</strong></span> <span class='ocrx_word' id='word_1_46' title='bbox 409 790 585 854; x_wconf 81' lang='lat' dir='ltr'><strong>uulneribus</strong></span> <span class='ocrx_word' id='word_1_47' title='bbox 601 791 768 865; x_wconf 85' lang='lat' dir='ltr'><strong>coniectae,</strong></span> <span class='ocrx_word' id='word_1_48' title='bbox 785 807 855 852; x_wconf 92' lang='lat' dir='ltr'><strong>cum</strong></span> <span class='ocrx_word' id='word_1_49' title='bbox 867 808 972 854; x_wconf 86' lang='lat' dir='ltr'><strong>omma</strong></span> <span class='ocrx_word' id='word_1_50' title='bbox 982 795 1168 870; x_wconf 82' lang='lat' dir='ltr'><strong>replessent</strong></span> 
     </span>
     <span class='ocr_line' id='line_1_8' title="bbox 174 875 1166 956; baseline 0.001 -18"><span class='ocrx_word' id='word_1_51' title='bbox 174 875 332 952; x_wconf 78' lang='lat' dir='ltr'><strong>sanguine,</strong></span> <span class='ocrx_word' id='word_1_52' title='bbox 349 876 505 939; x_wconf 86' lang='lat' dir='ltr'><strong>exanimes</strong></span> <span class='ocrx_word' id='word_1_53' title='bbox 521 883 710 938; x_wconf 87' lang='lat' dir='ltr'><strong>corruerunt.</strong></span> <span class='ocrx_word' id='word_1_54' title='bbox 736 876 929 956; x_wconf 86' lang='lat' dir='ltr'><strong>caedemque</strong></span> <span class='ocrx_word' id='word_1_55' title='bbox 944 892 1002 952; x_wconf 87' lang='lat' dir='ltr'><strong>per</strong></span> <span class='ocrx_word' id='word_1_56' title='bbox 1017 894 1056 938; x_wconf 90' lang='lat' dir='ltr'><strong>se</strong></span> <span class='ocrx_word' id='word_1_57' title='bbox 1070 880 1166 940; x_wconf 88' lang='lat' dir='ltr'><strong>mise</strong></span> 
     </span>
     <span class='ocr_line' id='line_1_9' title="bbox 172 959 1165 1038; baseline 0.002 -16"><span class='ocrx_word' id='word_1_58' title='bbox 172 961 300 1022; x_wconf 82' lang='lat' dir='ltr'><strong>rabilem</strong></span> <span class='ocrx_word' id='word_1_59' title='bbox 313 960 563 1022; x_wconf 80' lang='lat' dir='ltr'><strong>miserabiliorem</strong></span> <span class='ocrx_word' id='word_1_60' title='bbox 578 975 669 1020; x_wconf 88' lang='lat' dir='ltr'><strong>casus</strong></span> <span class='ocrx_word' id='word_1_61' title='bbox 685 959 765 1034; x_wconf 85' lang='lat' dir='ltr'><strong>iecit,</strong></span> <span class='ocrx_word' id='word_1_62' title='bbox 781 960 867 1036; x_wconf 89' lang='lat' dir='ltr'><strong>quod</strong></span> <span class='ocrx_word' id='word_1_63' title='bbox 881 961 977 1036; x_wconf 90' lang='lat' dir='ltr'><strong>paulo</strong></span> <span class='ocrx_word' id='word_1_64' title='bbox 993 970 1070 1038; x_wconf 90' lang='lat' dir='ltr'><strong>post</strong></span> <span class='ocrx_word' id='word_1_65' title='bbox 1085 979 1165 1024; x_wconf 92' lang='lat' dir='ltr'><strong>nun·</strong></span> 
     </span>
     <span class='ocr_line' id='line_1_10' title="bbox 173 1042 1165 1122; baseline 0.003 -17"><span class='ocrx_word' id='word_1_66' title='bbox 173 1045 234 1106; x_wconf 91' lang='lat' dir='ltr'><strong>tius</strong></span> <span class='ocrx_word' id='word_1_67' title='bbox 255 1045 353 1117; x_wconf 88' lang='lat' dir='ltr'><strong>venit,</strong></span> <span class='ocrx_word' id='word_1_68' title='bbox 374 1045 496 1106; x_wconf 87' lang='lat' dir='ltr'><strong>mutatis</strong></span> <span class='ocrx_word' id='word_1_69' title='bbox 516 1042 695 1118; x_wconf 81' lang='lat' dir='ltr'><strong>repentead</strong></span> <span class='ocrx_word' id='word_1_70' title='bbox 710 1044 957 1106; x_wconf 84' lang='lat' dir='ltr'><strong>misericordiam</strong></span> <span class='ocrx_word' id='word_1_71' title='bbox 970 1046 1102 1122; x_wconf 89' lang='lat' dir='ltr'><strong>animis,</strong></span> <span class='ocrx_word' id='word_1_72' title='bbox 1125 1063 1165 1108; x_wconf 90' lang='lat' dir='ltr'><strong>ne</strong></span> 
     </span>
     <span class='ocr_line' id='line_1_11' title="bbox 173 1125 1164 1208; baseline 0.007 -20"><span class='ocrx_word' id='word_1_73' title='bbox 173 1128 425 1190; x_wconf 81' lang='lat' dir='ltr'><strong>interficerentur¹</strong></span> <span class='ocrx_word' id='word_1_74' title='bbox 458 1128 503 1193; x_wconf 83' lang='lat' dir='ltr'><strong>ira</strong></span> <span class='ocrx_word' id='word_1_75' title='bbox 525 1125 636 1192; x_wconf 84' lang='lat' dir='ltr'><strong>deinde</strong></span> <span class='ocrx_word' id='word_1_76' title='bbox 660 1143 700 1188; x_wconf 87' lang='lat' dir='ltr'><strong>ex</strong></span> <span class='ocrx_word' id='word_1_77' title='bbox 723 1128 937 1190; x_wconf 83' lang='lat' dir='ltr'><strong>misericordia</strong></span> <span class='ocrx_word' id='word_1_78' title='bbox 961 1137 1046 1203; x_wconf 82' lang='lat' dir='ltr'><strong>orto,</strong></span> <span class='ocrx_word' id='word_1_79' title='bbox 1075 1133 1164 1208; x_wconf 88' lang='lat' dir='ltr'><strong>quod</strong></span> 
     </span>
     <span class='ocr_line' id='line_1_12' title="bbox 174 1211 1181 1292; baseline 0.003 -18"><span class='ocrx_word' id='word_1_80' title='bbox 174 1212 252 1274; x_wconf 85' lang='lat' dir='ltr'><strong>adeo</strong></span> <span class='ocrx_word' id='word_1_81' title='bbox 278 1212 451 1274; x_wconf 81' lang='lat' dir='ltr'><strong>festinatum</strong></span> <span class='ocrx_word' id='word_1_82' title='bbox 470 1212 515 1275; x_wconf 77' lang='lat' dir='ltr'><strong>ad</strong></span> <span class='ocrx_word' id='word_1_83' title='bbox 532 1211 720 1287; x_wconf 87' lang='lat' dir='ltr'><strong>supplicium</strong></span> <span class='ocrx_word' id='word_1_84' title='bbox 741 1227 843 1288; x_wconf 85' lang='lat' dir='ltr'><strong>neque</strong></span> <span class='ocrx_word' id='word_1_85' title='bbox 863 1215 955 1278; x_wconf 92' lang='lat' dir='ltr'><strong>locus</strong></span> <span class='ocrx_word' id='word_1_86' title='bbox 977 1215 1181 1292; x_wconf 69' lang='lat' dir='ltr'><strong>paenitendi¹</strong></span> 
     </span>
     <span class='ocr_line' id='line_1_13' title="bbox 173 1295 1162 1395; baseline 0.004 -39"><span class='ocrx_word' id='word_1_87' title='bbox 173 1303 226 1358; x_wconf 86' lang='lat' dir='ltr'><strong>aut</strong></span> <span class='ocrx_word' id='word_1_88' title='bbox 238 1313 401 1371; x_wconf 82' lang='lat' dir='ltr'><strong>regressus</strong></span> <span class='ocrx_word' id='word_1_89' title='bbox 416 1296 475 1357; x_wconf 88' lang='lat' dir='ltr'><strong>ab</strong></span> <span class='ocrx_word' id='word_1_90' title='bbox 468 1312 514 1360; x_wconf 82' lang='lat' dir='ltr'><strong>rra</strong></span> <span class='ocrx_word' id='word_1_91' title='bbox 527 1295 650 1356; x_wconf 78' lang='grc' dir='ltr'>ιοιιιιιιε</span> <span class='ocrx_word' id='word_1_92' title='bbox 666 1303 765 1358; x_wconf 85' lang='lat' dir='ltr'><strong>esset=</strong></span> <span class='ocrx_word' id='word_1_93' title='bbox 788 1297 893 1395; x_wconf 83' lang='lat' dir='ltr'><strong>itaque</strong></span> <span class='ocrx_word' id='word_1_94' title='bbox 908 1298 1043 1360; x_wconf 83' lang='lat' dir='ltr'><strong>fremere</strong></span> <span class='ocrx_word' id='word_1_95' title='bbox 1058 1301 1162 1362; x_wconf 85' lang='lat' dir='ltr'><strong>nrulti·</strong></span> 
     </span>
     <span class='ocr_line' id='line_1_14' title="bbox 173 1371 1159 1452; baseline 0.003 -9"><span class='ocrx_word' id='word_1_96' title='bbox 173 1381 248 1443; x_wconf 86' lang='lat' dir='ltr'><strong>ludo</strong></span> <span class='ocrx_word' id='word_1_97' title='bbox 270 1381 326 1440; x_wconf 88' lang='lat' dir='ltr'><strong>et</strong></span> <span class='ocrx_word' id='word_1_98' title='bbox 319 1398 349 1440; x_wconf 82' lang='grc' dir='ltr'><strong>ιιι</strong></span> <span class='ocrx_word' id='word_1_99' title='bbox 364 1383 465 1444; x_wconf 88' lang='lat' dir='ltr'><strong>locum</strong></span> <span class='ocrx_word' id='word_1_100' title='bbox 478 1380 695 1442; x_wconf 82' lang='lat' dir='ltr'><strong>Andranodori</strong></span> <span class='ocrx_word' id='word_1_101' title='bbox 710 1395 746 1440; x_wconf 88' lang='lat' dir='ltr'><strong>ac</strong></span> <span class='ocrx_word' id='word_1_102' title='bbox 760 1371 964 1452; x_wconf 77' lang='lat' dir='ltr'><strong>Themisti—</strong></span> <span class='ocrx_word' id='word_1_103' title='bbox 919 1400 1052 1446; x_wconf 85' lang='lat' dir='ltr'><strong>—nanr</strong></span> <span class='ocrx_word' id='word_1_104' title='bbox 1067 1385 1159 1446; x_wconf 90' lang='lat' dir='ltr'><strong>ambo</strong></span> 
     </span>
     <span class='ocr_line' id='line_1_15' title="bbox 174 1462 1161 1550; baseline 0.006 -26"><span class='ocrx_word' id='word_1_105' title='bbox 174 1472 334 1542; x_wconf 88' lang='lat' dir='ltr'><strong>praetores</strong></span> <span class='ocrx_word' id='word_1_106' title='bbox 356 1467 529 1527; x_wconf 79' lang='lat' dir='ltr'><strong>luerant-</strong></span> <span class='ocrx_word' id='word_1_107' title='bbox 487 1462 665 1526; x_wconf 83' lang='lat' dir='ltr'><strong>-comiiia</strong></span> <span class='ocrx_word' id='word_1_108' title='bbox 683 1479 830 1541; x_wconf 85' lang='lat' dir='ltr'><strong>poscere,</strong></span> <span class='ocrx_word' id='word_1_109' title='bbox 854 1483 934 1542; x_wconf 90' lang='lat' dir='ltr'><strong>quae</strong></span> <span class='ocrx_word' id='word_1_110' title='bbox 957 1479 1161 1550; x_wconf 83' lang='lat' dir='ltr'><strong>nequaquam</strong></span> 
     </span>
     <span class='ocr_line' id='line_1_16' title="bbox 175 1548 1160 1624; baseline 0.006 -16"><span class='ocrx_word' id='word_1_111' title='bbox 175 1564 214 1609; x_wconf 88' lang='lat' dir='ltr'><strong>ex</strong></span> <span class='ocrx_word' id='word_1_112' title='bbox 235 1550 385 1609; x_wconf 87' lang='lat' dir='ltr'><strong>sententia</strong></span> <span class='ocrx_word' id='word_1_113' title='bbox 403 1555 578 1624; x_wconf 88' lang='lat' dir='ltr'><strong>praetorum</strong></span> <span class='ocrx_word' id='word_1_114' title='bbox 599 1548 699 1615; x_wconf 84' lang='lat' dir='ltr'><strong>tuturo</strong></span> <span class='ocrx_word' id='word_1_115' title='bbox 718 1556 833 1610; x_wconf 85' lang='lat' dir='ltr'><strong>esseni.</strong></span> <span class='ocrx_word' id='word_1_116' title='bbox 869 1549 993 1616; x_wconf 88' lang='lat' dir='ltr'><strong>XXVll.</strong></span> <span class='ocrx_word' id='word_1_117' title='bbox 1018 1551 1160 1614; x_wconf 75' lang='lat' dir='ltr'><strong>Statilius</strong></span> 
     </span>
     <span class='ocr_line' id='line_1_17' title="bbox 175 1631 1161 1714; baseline 0.006 -22"><span class='ocrx_word' id='word_1_118' title='bbox 175 1639 223 1692; x_wconf 86' lang='lat' dir='ltr'><strong>est</strong></span> <span class='ocrx_word' id='word_1_119' title='bbox 238 1632 365 1692; x_wconf 90' lang='lat' dir='ltr'><strong>comitiis</strong></span> <span class='ocrx_word' id='word_1_120' title='bbox 387 1633 471 1702; x_wconf 62' lang='lat' dir='ltr'><strong>diem</strong></span> <span class='ocrx_word' id='word_1_121' title='bbox 495 1649 557 1707; x_wconf 90' lang='lat' dir='ltr'><strong>quo</strong></span> <span class='ocrx_word' id='word_1_122' title='bbox 573 1647 631 1694; x_wconf 83' lang='lat' dir='ltr'><strong>neo</strong></span> <span class='ocrx_word' id='word_1_123' title='bbox 647 1633 848 1714; x_wconf 85' lang='lat' dir='ltr'><strong>opinantibus.</strong></span> <span class='ocrx_word' id='word_1_124' title='bbox 860 1631 1004 1698; x_wconf 83' lang='lat' dir='ltr'><strong>omnibus</strong></span> <span class='ocrx_word' id='word_1_125' title='bbox 1019 1638 1105 1700; x_wconf 74' lang='lat' dir='ltr'><strong>unus‘</strong></span> <span class='ocrx_word' id='word_1_126' title='bbox 1121 1653 1161 1698; x_wconf 86' lang='lat' dir='ltr'><strong>ex</strong></span> 
     </span>
     <span class='ocr_line' id='line_1_18' title="bbox 155 1715 1161 1798; baseline 0.007 -22"><span class='ocrx_word' id='word_1_127' title='bbox 155 1715 279 1776; x_wconf 88' lang='lat' dir='ltr'><strong>&#39;ultima</strong></span> <span class='ocrx_word' id='word_1_128' title='bbox 299 1717 389 1777; x_wconf 87' lang='lat' dir='ltr'><strong>turba</strong></span> <span class='ocrx_word' id='word_1_129' title='bbox 402 1716 561 1792; x_wconf 82' lang='lat' dir='ltr'><strong>Epicyden</strong></span> <span class='ocrx_word' id='word_1_130' title='bbox 575 1717 755 1792; x_wconf 90' lang='lat' dir='ltr'><strong>nominavit,</strong></span> <span class='ocrx_word' id='word_1_131' title='bbox 774 1726 838 1780; x_wconf 91' lang='lat' dir='ltr'><strong>tum</strong></span> <span class='ocrx_word' id='word_1_132' title='bbox 852 1720 925 1780; x_wconf 87' lang='lat' dir='ltr'><strong>inde</strong></span> <span class='ocrx_word' id='word_1_133' title='bbox 941 1721 1020 1782; x_wconf 86' lang='lat' dir='ltr'><strong>allus</strong></span> <span class='ocrx_word' id='word_1_134' title='bbox 1032 1721 1161 1798; x_wconf 78' lang='lat' dir='ltr'><strong>Hippo·</strong></span> 
     </span>
     <span class='ocr_line' id='line_1_19' title="bbox 177 1800 1160 1870; baseline 0.007 -8"><span class='ocrx_word' id='word_1_135' title='bbox 177 1807 306 1870; x_wconf 89' lang='lat' dir='ltr'><strong>cratem;</strong></span> <span class='ocrx_word' id='word_1_136' title='bbox 328 1801 498 1864; x_wconf 83' lang='lat' dir='ltr'><strong>crebriores</strong></span> <span class='ocrx_word' id='word_1_137' title='bbox 521 1800 632 1865; x_wconf 88' lang='lat' dir='ltr'><strong>deinde</strong></span> <span class='ocrx_word' id='word_1_138' title='bbox 647 1801 705 1862; x_wconf 87' lang='lat' dir='ltr'><strong>hae</strong></span> <span class='ocrx_word' id='word_1_139' title='bbox 719 1817 814 1864; x_wconf 88' lang='lat' dir='ltr'><strong>voees</strong></span> <span class='ocrx_word' id='word_1_140' title='bbox 830 1811 861 1864; x_wconf 87' lang='lat' dir='ltr'><strong>ei</strong></span> <span class='ocrx_word' id='word_1_141' title='bbox 876 1821 946 1866; x_wconf 89' lang='lat' dir='ltr'><strong>cum</strong></span> <span class='ocrx_word' id='word_1_142' title='bbox 961 1805 1047 1867; x_wconf 88' lang='lat' dir='ltr'><strong>haud</strong></span> <span class='ocrx_word' id='word_1_143' title='bbox 1063 1805 1160 1870; x_wconf 88' lang='lat' dir='ltr'><strong>dubio</strong></span> 
     </span>
     <span class='ocr_line' id='line_1_20' title="bbox 174 1884 1161 1967; baseline 0.011 -24"><span class='ocrx_word' id='word_1_144' title='bbox 174 1884 312 1946; x_wconf 88' lang='lat' dir='ltr'><strong>adsensu</strong></span> <span class='ocrx_word' id='word_1_145' title='bbox 324 1885 521 1947; x_wconf 88' lang='lat' dir='ltr'><strong>multitudinis</strong></span> <span class='ocrx_word' id='word_1_146' title='bbox 537 1901 617 1947; x_wconf 85' lang='lat' dir='ltr'><strong>esse.</strong></span> <span class='ocrx_word' id='word_1_147' title='bbox 640 1892 670 1944; x_wconf 87' lang='lat' dir='ltr'><strong>et</strong></span> <span class='ocrx_word' id='word_1_148' title='bbox 683 1893 748 1948; x_wconf 86' lang='lat' dir='ltr'><strong>erat</strong></span> <span class='ocrx_word' id='word_1_149' title='bbox 763 1890 894 1950; x_wconf 83' lang='lat' dir='ltr'><strong>confusa</strong></span> <span class='ocrx_word' id='word_1_150' title='bbox 909 1890 1012 1952; x_wconf 90' lang='lat' dir='ltr'><strong>contio</strong></span> <span class='ocrx_word' id='word_1_151' title='bbox 1026 1907 1092 1952; x_wconf 91' lang='lat' dir='ltr'><strong>non</strong></span> <span class='ocrx_word' id='word_1_152' title='bbox 1103 1909 1161 1967; x_wconf 92' lang='lat' dir='ltr'><strong>po·</strong></span> 
     </span>
     <span class='ocr_line' id='line_1_21' title="bbox 175 1969 1161 2062; baseline 0.01 -34"><span class='ocrx_word' id='word_1_153' title='bbox 175 1969 274 2045; x_wconf 83' lang='lat' dir='ltr'><strong>pulcri</strong></span> <span class='ocrx_word' id='word_1_154' title='bbox 295 1971 387 2031; x_wconf 92' lang='lat' dir='ltr'><strong>modo</strong></span> <span class='ocrx_word' id='word_1_155' title='bbox 408 1971 466 2030; x_wconf 84' lang='lat' dir='ltr'><strong>&#39;sed</strong></span> <span class='ocrx_word' id='word_1_156' title='bbox 486 1969 612 2031; x_wconf 89' lang='lat' dir='ltr'><strong>militari</strong></span> <span class='ocrx_word' id='word_1_157' title='bbox 621 1986 747 2046; x_wconf 84' lang='lat' dir='ltr'><strong>quoquc</strong></span> <span class='ocrx_word' id='word_1_158' title='bbox 762 1972 864 2048; x_wconf 86' lang='lat' dir='ltr'><strong>turba,</strong></span> <span class='ocrx_word' id='word_1_159' title='bbox 885 1989 998 2062; x_wconf 73' lang='lat' dir='ltr'><strong>magna</strong></span> <span class='ocrx_word' id='word_1_160' title='bbox 1014 1991 1054 2036; x_wconf 87' lang='lat' dir='ltr'><strong>ex</strong></span> <span class='ocrx_word' id='word_1_161' title='bbox 1070 1985 1161 2052; x_wconf 87' lang='lat' dir='ltr'><strong>porte</strong></span> 
     </span>
     <span class='ocr_line' id='line_1_22' title="bbox 178 2054 1161 2138; baseline 0.008 -24"><span class='ocrx_word' id='word_1_162' title='bbox 178 2055 268 2114; x_wconf 86' lang='lat' dir='ltr'><strong>ctiam</strong></span> <span class='ocrx_word' id='word_1_163' title='bbox 289 2055 441 2130; x_wconf 80' lang='lat' dir='ltr'><strong>perfugis,</strong></span> <span class='ocrx_word' id='word_1_164' title='bbox 463 2054 515 2130; x_wconf 88' lang='lat' dir='ltr'><strong>qui</strong></span> <span class='ocrx_word' id='word_1_165' title='bbox 536 2054 638 2115; x_wconf 89' lang='lat' dir='ltr'><strong>omnia</strong></span> <span class='ocrx_word' id='word_1_166' title='bbox 651 2070 767 2116; x_wconf 89' lang='lat' dir='ltr'><strong>novare</strong></span> <span class='ocrx_word' id='word_1_167' title='bbox 782 2058 961 2138; x_wconf 84' lang='lat' dir='ltr'><strong>cupiebant,</strong></span> <span class='ocrx_word' id='word_1_168' title='bbox 983 2061 1161 2136; x_wconf 85' lang='lat' dir='ltr'><strong>permixtis.</strong></span> 
     </span>
     <span class='ocr_line' id='line_1_23' title="bbox 176 2138 1160 2214; baseline 0.008 -16"><span class='ocrx_word' id='word_1_169' title='bbox 176 2146 333 2214; x_wconf 87' lang='lat' dir='ltr'><strong>praetores</strong></span> <span class='ocrx_word' id='word_1_170' title='bbox 358 2138 551 2200; x_wconf 82' lang='lat' dir='ltr'><strong>dissimulare</strong></span> <span class='ocrx_word' id='word_1_171' title='bbox 576 2139 689 2214; x_wconf 87' lang='lat' dir='ltr'><strong>primo,</strong></span> <span class='ocrx_word' id='word_1_172' title='bbox 716 2146 746 2200; x_wconf 87' lang='lat' dir='ltr'><strong>ei</strong></span> <span class='ocrx_word' id='word_1_173' title='bbox 770 2139 950 2208; x_wconf 82' lang='lat' dir='ltr'><strong>trahendam</strong></span> <span class='ocrx_word' id='word_1_174' title='bbox 974 2160 1042 2205; x_wconf 92' lang='lat' dir='ltr'><strong>rem</strong></span> <span class='ocrx_word' id='word_1_175' title='bbox 1069 2159 1160 2208; x_wconf 86' lang='lat' dir='ltr'><strong>esse.</strong></span> 
     </span>
     <span class='ocr_line' id='line_1_24' title="bbox 175 2223 1159 2304; baseline 0.006 -20"><span class='ocrx_word' id='word_1_176' title='bbox 175 2229 330 2300; x_wconf 83' lang='lat' dir='ltr'><strong>postremo</strong></span> <span class='ocrx_word' id='word_1_177' title='bbox 345 2223 417 2284; x_wconf 89' lang='lat' dir='ltr'><strong>victi</strong></span> <span class='ocrx_word' id='word_1_178' title='bbox 431 2237 589 2294; x_wconf 25' lang='lat' dir='ltr'><strong>consensu,</strong></span> <span class='ocrx_word' id='word_1_179' title='bbox 598 2231 627 2286; x_wconf 85' lang='lat' dir='ltr'><strong>et</strong></span> <span class='ocrx_word' id='word_1_180' title='bbox 638 2223 822 2284; x_wconf 86' lang='lat' dir='ltr'><strong>seditionem</strong></span> <span class='ocrx_word' id='word_1_181' title='bbox 834 2233 1005 2290; x_wconf 88' lang='lat' dir='ltr'><strong>metuentes</strong></span> <span class='ocrx_word' id='word_1_182' title='bbox 1018 2244 1159 2304; x_wconf 89' lang='lat' dir='ltr'><strong>pronun-</strong></span> 
     </span>
     <span class='ocr_line' id='line_1_25' title="bbox 176 2307 1159 2384; baseline 0.006 -14"><span class='ocrx_word' id='word_1_183' title='bbox 176 2309 324 2370; x_wconf 80' lang='lat' dir='ltr'><strong>danicos</strong></span> <span class='ocrx_word' id='word_1_184' title='bbox 345 2315 513 2384; x_wconf 89' lang='lat' dir='ltr'><strong>praetores.</strong></span> <span class='ocrx_word' id='word_1_185' title='bbox 543 2308 664 2376; x_wconf 89' lang='lat' dir='ltr'><strong>necilli</strong></span> <span class='ocrx_word' id='word_1_186' title='bbox 685 2308 782 2384; x_wconf 88' lang='lat' dir='ltr'><strong>primo</strong></span> <span class='ocrx_word' id='word_1_187' title='bbox 804 2307 905 2370; x_wconf 80' lang='lat' dir='ltr'><strong>statim</strong></span> <span class='ocrx_word' id='word_1_188' title='bbox 926 2313 1020 2372; x_wconf 87' lang='lat' dir='ltr'><strong>creati</strong></span> <span class='ocrx_word' id='word_1_189' title='bbox 1037 2315 1159 2376; x_wconf 81' lang='lat' dir='ltr'><strong>nudare</strong></span> 
     </span>
     <span class='ocr_line' id='line_1_26' title="bbox 177 2393 1157 2469; baseline 0.008 -17"><span class='ocrx_word' id='word_1_190' title='bbox 177 2394 250 2469; x_wconf 87' lang='lat' dir='ltr'><strong>quid</strong></span> <span class='ocrx_word' id='word_1_191' title='bbox 264 2395 383 2466; x_wconf 88' lang='lat' dir='ltr'><strong>vellent,</strong></span> <span class='ocrx_word' id='word_1_192' title='bbox 400 2408 584 2468; x_wconf 88' lang='lat' dir='ltr'><strong>quamquam</strong></span> <span class='ocrx_word' id='word_1_193' title='bbox 595 2407 693 2468; x_wconf 71' lang='lat' dir='ltr'><strong>,aegre</strong></span> <span class='ocrx_word' id='word_1_194' title='bbox 707 2393 847 2455; x_wconf 83' lang='lat' dir='ltr'><strong>terebant</strong></span> <span class='ocrx_word' id='word_1_195' title='bbox 858 2400 889 2456; x_wconf 88' lang='lat' dir='ltr'><strong>et</strong></span> <span class='ocrx_word' id='word_1_196' title='bbox 899 2398 939 2457; x_wconf 89' lang='lat' dir='ltr'><strong>de</strong></span> <span class='ocrx_word' id='word_1_197' title='bbox 954 2394 1083 2460; x_wconf 88' lang='lat' dir='ltr'><strong>indutiis</strong></span> <span class='ocrx_word' id='word_1_198' title='bbox 1094 2400 1157 2460; x_wconf 89' lang='lat' dir='ltr'><strong>die-</strong></span> 
     </span>
     <span class='ocr_line' id='line_1_27' title="bbox 176 2476 1158 2559; baseline 0.006 -22"><span class='ocrx_word' id='word_1_199' title='bbox 176 2495 243 2538; x_wconf 88' lang='lat' dir='ltr'><strong>rum</strong></span> <span class='ocrx_word' id='word_1_200' title='bbox 265 2477 371 2539; x_wconf 90' lang='lat' dir='ltr'><strong>decem</strong></span> <span class='ocrx_word' id='word_1_201' title='bbox 391 2479 507 2553; x_wconf 78' lang='lat' dir='ltr'><strong>legatos</strong></span> <span class='ocrx_word' id='word_1_202' title='bbox 529 2476 593 2537; x_wconf 89' lang='lat' dir='ltr'><strong>isse</strong></span> <span class='ocrx_word' id='word_1_203' title='bbox 613 2477 654 2537; x_wconf 85' lang='lat' dir='ltr'><strong>ad</strong></span> <span class='ocrx_word' id='word_1_204' title='bbox 667 2477 727 2552; x_wconf 85' lang='lat' dir='ltr'><strong>Ap.</strong></span> <span class='ocrx_word' id='word_1_205' title='bbox 746 2477 919 2559; x_wconf 86' lang='lat' dir='ltr'><strong>Claudium,</strong></span> <span class='ocrx_word' id='word_1_206' title='bbox 941 2482 971 2542; x_wconf 83' lang='lat' dir='ltr'><strong>et</strong></span> <span class='ocrx_word' id='word_1_207' title='bbox 984 2480 1158 2558; x_wconf 89' lang='lat' dir='ltr'><strong>impetratis</strong></span> 
     </span>
     <span class='ocr_line' id='line_1_28' title="bbox 177 2560 1157 2642; baseline 0.004 -20"><span class='ocrx_word' id='word_1_208' title='bbox 177 2562 222 2622; x_wconf 90' lang='lat' dir='ltr'><strong>eis</strong></span> <span class='ocrx_word' id='word_1_209' title='bbox 248 2561 340 2637; x_wconf 87' lang='lat' dir='ltr'><strong>alios,</strong></span> <span class='ocrx_word' id='word_1_210' title='bbox 370 2561 422 2636; x_wconf 75' lang='lat' dir='ltr'><strong>qui</strong></span> <span class='ocrx_word' id='word_1_211' title='bbox 444 2562 491 2622; x_wconf 90' lang='lat' dir='ltr'><strong>de</strong></span> <span class='ocrx_word' id='word_1_212' title='bbox 507 2561 633 2624; x_wconf 84' lang='lat' dir='ltr'><strong>loedere</strong></span> <span class='ocrx_word' id='word_1_213' title='bbox 658 2560 783 2636; x_wconf 85' lang='lat' dir='ltr'><strong>antiquo</strong></span> <span class='ocrx_word' id='word_1_214' title='bbox 808 2564 988 2625; x_wconf 88' lang='lat' dir='ltr'><strong>renovando</strong></span> <span class='ocrx_word' id='word_1_215' title='bbox 1016 2575 1157 2642; x_wconf 85' lang='lat' dir='ltr'><strong>agerem,</strong></span> 
     </span>
     <span class='ocr_line' id='line_1_29' title="bbox 177 2646 1157 2722; baseline 0.005 -15"><span class='ocrx_word' id='word_1_216' title='bbox 177 2647 299 2707; x_wconf 87' lang='lat' dir='ltr'><strong>missos.</strong></span> <span class='ocrx_word' id='word_1_217' title='bbox 326 2646 365 2706; x_wconf 86' lang='lat' dir='ltr'><strong>cd</strong></span> <span class='ocrx_word' id='word_1_218' title='bbox 379 2646 579 2722; x_wconf 82' lang='lat' dir='ltr'><strong>Murgantiam</strong></span> <span class='ocrx_word' id='word_1_219' title='bbox 594 2653 657 2706; x_wconf 86' lang='lat' dir='ltr'><strong>ium</strong></span> <span class='ocrx_word' id='word_1_220' title='bbox 672 2647 804 2706; x_wconf 83' lang='lat' dir='ltr'><strong>classem</strong></span> <span class='ocrx_word' id='word_1_221' title='bbox 818 2649 941 2710; x_wconf 82' lang='lat' dir='ltr'><strong>narium</strong></span> <span class='ocrx_word' id='word_1_222' title='bbox 956 2658 1081 2722; x_wconf 81' lang='lat' dir='ltr'><strong>centum</strong></span> <span class='ocrx_word' id='word_1_223' title='bbox 1095 2651 1157 2712; x_wconf 87' lang='lat' dir='ltr'><strong>llo-</strong></span> 
     </span>
     <span class='ocr_line' id='line_1_30' title="bbox 176 2729 1158 2808; baseline 0.003 -16"><span class='ocrx_word' id='word_1_224' title='bbox 176 2747 283 2794; x_wconf 87' lang='lat' dir='ltr'><strong>manus</strong></span> <span class='ocrx_word' id='word_1_225' title='bbox 308 2730 453 2805; x_wconf 84' lang='lat' dir='ltr'><strong>habebat,</strong></span> <span class='ocrx_word' id='word_1_226' title='bbox 481 2746 613 2808; x_wconf 84' lang='lat' dir='ltr'><strong>quonam</strong></span> <span class='ocrx_word' id='word_1_227' title='bbox 634 2729 800 2794; x_wconf 84' lang='lat' dir='ltr'><strong>evaderent</strong></span> <span class='ocrx_word' id='word_1_228' title='bbox 820 2740 922 2794; x_wconf 81' lang='lat' dir='ltr'><strong>molus</strong></span> <span class='ocrx_word' id='word_1_229' title='bbox 943 2749 983 2802; x_wconf 85' lang='lat' dir='ltr'><strong>cx</strong></span> <span class='ocrx_word' id='word_1_230' title='bbox 1004 2735 1158 2798; x_wconf 85' lang='lat' dir='ltr'><strong>caedibus</strong></span> 
     </span>
     <span class='ocr_line' id='line_1_31' title="bbox 176 2815 1159 2914; baseline -0.001 -35"><span class='ocrx_word' id='word_1_231' title='bbox 176 2824 374 2897; x_wconf 79' lang='lat' dir='ltr'><strong>tyrannorum</strong></span> <span class='ocrx_word' id='word_1_232' title='bbox 389 2815 446 2878; x_wconf 91' lang='lat' dir='ltr'><strong>orti</strong></span> <span class='ocrx_word' id='word_1_233' title='bbox 461 2815 640 2914; x_wconf 78' lang='lat' dir='ltr'><strong>Syracusis,</strong></span> <span class='ocrx_word' id='word_1_234' title='bbox 657 2830 759 2890; x_wconf 87' lang='lat' dir='ltr'><strong>quove</strong></span> <span class='ocrx_word' id='word_1_235' title='bbox 774 2832 829 2878; x_wconf 89' lang='lat' dir='ltr'><strong>eos</strong></span> <span class='ocrx_word' id='word_1_236' title='bbox 845 2824 949 2892; x_wconf 79' lang='lat' dir='ltr'><strong>ageret</strong></span> <span class='ocrx_word' id='word_1_237' title='bbox 962 2833 1046 2880; x_wconf 86' lang='lat' dir='ltr'><strong>nova</strong></span> <span class='ocrx_word' id='word_1_238' title='bbox 1061 2827 1159 2896; x_wconf 88' lang='lat' dir='ltr'><strong>atque</strong></span> 
     </span>
     <span class='ocr_line' id='line_1_32' title="bbox 176 2901 639 2978; baseline -0.004 -17"><span class='ocrx_word' id='word_1_239' title='bbox 176 2902 297 2964; x_wconf 81' lang='lat' dir='ltr'><strong>insolita</strong></span> <span class='ocrx_word' id='word_1_240' title='bbox 311 2903 445 2978; x_wconf 86' lang='lat' dir='ltr'><strong>libertas,</strong></span> <span class='ocrx_word' id='word_1_241' title='bbox 463 2901 639 2978; x_wconf 87' lang='lat' dir='ltr'><strong>opperiens</strong></span> 
     </span>
     <span class='ocr_line' id='line_1_33' title="bbox 259 2953 1159 3051; baseline 0 -3"><span class='ocrx_word' id='word_1_242' title='bbox 259 2989 316 3049; x_wconf 88' lang='lat' dir='ltr'><strong>Per</strong></span> <span class='ocrx_word' id='word_1_243' title='bbox 337 2989 464 3051; x_wconf 88' lang='lat' dir='ltr'><strong>eosdem</strong></span> <span class='ocrx_word' id='word_1_244' title='bbox 490 2987 560 3048; x_wconf 85' lang='lat' dir='ltr'><strong>dies</strong></span> <span class='ocrx_word' id='word_1_245' title='bbox 582 3001 651 3045; x_wconf 90' lang='lat' dir='ltr'><strong>cum</strong></span> <span class='ocrx_word' id='word_1_246' title='bbox 672 2985 713 3044; x_wconf 89' lang='lat' dir='ltr'><strong>ad</strong></span> <span class='ocrx_word' id='word_1_247' title='bbox 731 2953 908 3049; x_wconf 81' lang='lat' dir='ltr'><strong>Marcellum</strong></span> <span class='ocrx_word' id='word_1_248' title='bbox 927 2985 1135 3048; x_wconf 79' lang='lat' dir='ltr'><strong>uenientem</strong></span> <span class='ocrx_word' id='word_1_249' title='bbox 1127 3003 1159 3048; x_wconf 93' lang='lat' dir='ltr'><strong>m</strong></span> 
     </span>
     <span class='ocr_line' id='line_1_34' title="bbox 177 3063 1159 3153; baseline -0.002 -19"><span class='ocrx_word' id='word_1_250' title='bbox 177 3071 309 3134; x_wconf 87' lang='lat' dir='ltr'><strong>Siciliam</strong></span> <span class='ocrx_word' id='word_1_251' title='bbox 323 3063 413 3149; x_wconf 80' lang='lat' dir='ltr'><strong>legali</strong></span> <span class='ocrx_word' id='word_1_252' title='bbox 429 3071 619 3153; x_wconf 80' lang='lat' dir='ltr'><strong>Syracusani</strong></span> <span class='ocrx_word' id='word_1_253' title='bbox 634 3070 719 3131; x_wconf 90' lang='lat' dir='ltr'><strong>missi</strong></span> <span class='ocrx_word' id='word_1_254' title='bbox 737 3070 775 3130; x_wconf 89' lang='lat' dir='ltr'><strong>ab</strong></span> <span class='ocrx_word' id='word_1_255' title='bbox 789 3071 893 3146; x_wconf 83' lang='lat' dir='ltr'><strong>Appio</strong></span> <span class='ocrx_word' id='word_1_256' title='bbox 908 3077 1022 3145; x_wconf 88' lang='lat' dir='ltr'><strong>essent,</strong></span> <span class='ocrx_word' id='word_1_257' title='bbox 1042 3072 1159 3150; x_wconf 87' lang='lat' dir='ltr'><strong>auditis</strong></span> 
     </span>
     <span class='ocr_line' id='line_1_35' title="bbox 178 3157 1157 3233; baseline 0.002 -19"><span class='ocrx_word' id='word_1_258' title='bbox 178 3158 410 3220; x_wconf 78' lang='lat' dir='ltr'><strong>condicionibus</strong></span> <span class='ocrx_word' id='word_1_259' title='bbox 431 3158 518 3233; x_wconf 86' lang='lat' dir='ltr'><strong>pacis</strong></span> <span class='ocrx_word' id='word_1_260' title='bbox 532 3157 712 3227; x_wconf 87' lang='lat' dir='ltr'><strong>Marcellus,</strong></span> <span class='ocrx_word' id='word_1_261' title='bbox 734 3171 831 3230; x_wconf 90' lang='lat' dir='ltr'><strong>posse</strong></span> <span class='ocrx_word' id='word_1_262' title='bbox 845 3171 912 3216; x_wconf 89' lang='lat' dir='ltr'><strong>rem</strong></span> <span class='ocrx_word' id='word_1_263' title='bbox 925 3154 1093 3216; x_wconf 74' lang='lat' dir='ltr'><strong>conuenire</strong></span> <span class='ocrx_word' id='word_1_264' title='bbox 1108 3168 1157 3216; x_wconf 88' lang='lat' dir='ltr'><strong>ra-</strong></span> 
     </span>
    </p>

    <p class='ocr_par' dir='ltr' id='par_1_3' title="bbox 117 3240 1229 3572">
     <span class='ocr_line' id='line_1_36' title="bbox 117 3240 1157 3320; baseline -0.002 -20"><span class='ocrx_word' id='word_1_265' title='bbox 117 3294 120 3300; x_wconf 90' lang='grc'><strong><em>,</em></strong></span> <span class='ocrx_word' id='word_1_266' title='bbox 178 3249 241 3318; x_wconf 88' lang='lat' dir='ltr'><strong>tus,</strong></span> <span class='ocrx_word' id='word_1_267' title='bbox 263 3243 375 3318; x_wconf 80' lang='lat' dir='ltr'><strong>etipse</strong></span> <span class='ocrx_word' id='word_1_268' title='bbox 390 3245 507 3318; x_wconf 81' lang='lat' dir='ltr'><strong>legatos</strong></span> <span class='ocrx_word' id='word_1_269' title='bbox 523 3241 714 3320; x_wconf 81' lang='lat' dir='ltr'><strong>Syracusas,</strong></span> <span class='ocrx_word' id='word_1_270' title='bbox 734 3240 787 3314; x_wconf 88' lang='lat' dir='ltr'><strong>qui</strong></span> <span class='ocrx_word' id='word_1_271' title='bbox 802 3254 905 3301; x_wconf 87' lang='lat' dir='ltr'><strong>coram</strong></span> <span class='ocrx_word' id='word_1_272' title='bbox 921 3255 990 3299; x_wconf 91' lang='lat' dir='ltr'><strong>cum</strong></span> <span class='ocrx_word' id='word_1_273' title='bbox 1005 3240 1157 3320; x_wconf 88' lang='lat' dir='ltr'><strong>praetori</strong></span> 
     </span>
     <span class='ocr_line' id='line_1_37' title="bbox 177 3321 1158 3397; baseline -0.002 -13"><span class='ocrx_word' id='word_1_274' title='bbox 177 3325 234 3386; x_wconf 90' lang='lat' dir='ltr'><strong>bus</strong></span> <span class='ocrx_word' id='word_1_275' title='bbox 257 3328 296 3387; x_wconf 91' lang='lat' dir='ltr'><strong>de</strong></span> <span class='ocrx_word' id='word_1_276' title='bbox 309 3327 487 3387; x_wconf 87' lang='lat' dir='ltr'><strong>renovando</strong></span> <span class='ocrx_word' id='word_1_277' title='bbox 497 3327 627 3387; x_wconf 86' lang='lat' dir='ltr'><strong>loedere</strong></span> <span class='ocrx_word' id='word_1_278' title='bbox 642 3328 781 3397; x_wconf 81' lang='lat' dir='ltr'><strong>agerent,</strong></span> <span class='ocrx_word' id='word_1_279' title='bbox 802 3321 891 3383; x_wconf 87' lang='lat' dir='ltr'><strong>misit.</strong></span> <span class='ocrx_word' id='word_1_280' title='bbox 924 3321 976 3382; x_wconf 90' lang='lat' dir='ltr'><strong>et&#39;</strong></span> <span class='ocrx_word' id='word_1_281' title='bbox 968 3337 1029 3381; x_wconf 86' lang='lat' dir='ltr'><strong>ram</strong></span> <span class='ocrx_word' id='word_1_282' title='bbox 1043 3321 1087 3382; x_wconf 89' lang='lat' dir='ltr'><strong>ibi</strong></span> <span class='ocrx_word' id='word_1_283' title='bbox 1103 3332 1158 3382; x_wconf 85' lang='lat' dir='ltr'><strong>ne-</strong></span> 
     </span>
     <span class='ocr_line' id='line_1_38' title="bbox 178 3401 1158 3484; baseline 0 -16"><span class='ocrx_word' id='word_1_284' title='bbox 178 3425 332 3484; x_wconf 86' lang='lat' dir='ltr'><strong>quaquam</strong></span> <span class='ocrx_word' id='word_1_285' title='bbox 357 3408 464 3469; x_wconf 86' lang='lat' dir='ltr'><strong>eadem</strong></span> <span class='ocrx_word' id='word_1_286' title='bbox 484 3409 574 3484; x_wconf 86' lang='lat' dir='ltr'><strong>quies</strong></span> <span class='ocrx_word' id='word_1_287' title='bbox 595 3422 632 3468; x_wconf 89' lang='lat' dir='ltr'><strong>ac</strong></span> <span class='ocrx_word' id='word_1_288' title='bbox 652 3404 854 3480; x_wconf 85' lang='lat' dir='ltr'><strong>tranquillitas</strong></span> <span class='ocrx_word' id='word_1_289' title='bbox 877 3411 949 3464; x_wconf 79' lang='lat' dir='ltr'><strong>erar.</strong></span> <span class='ocrx_word' id='word_1_290' title='bbox 984 3401 1158 3479; x_wconf 83' lang='lat' dir='ltr'><strong>Postquam</strong></span> 
     </span>
     <span class='ocr_line' id='line_1_39' title="bbox 176 3486 1229 3572; baseline 0 -23"><span class='ocrx_word' id='word_1_291' title='bbox 176 3489 318 3552; x_wconf 86' lang='lat' dir='ltr'><strong>Punicam</strong></span> <span class='ocrx_word' id='word_1_292' title='bbox 355 3491 485 3551; x_wconf 86' lang='lat' dir='ltr'><strong>classem</strong></span> <span class='ocrx_word' id='word_1_293' title='bbox 515 3489 689 3552; x_wconf 83' lang='lat' dir='ltr'><strong>accessisse</strong></span> <span class='ocrx_word' id='word_1_294' title='bbox 722 3486 900 3566; x_wconf 81' lang='lat' dir='ltr'><strong>Pachynum</strong></span> <span class='ocrx_word' id='word_1_295' title='bbox 935 3487 1069 3548; x_wconf 83' lang='lat' dir='ltr'><strong>adlatum</strong></span> <span class='ocrx_word' id='word_1_296' title='bbox 1099 3493 1158 3562; x_wconf 82' lang='lat' dir='ltr'><strong>esi,</strong></span> <span class='ocrx_word' id='word_1_297' title='bbox 1228 3487 1229 3572; x_wconf 63' lang='grc' dir='ltr'><strong>ι</strong></span> 
     </span>
    </p>
   </div>
   <div class='ocr_carea' id='block_1_3' title="bbox 0 0 1240 3900">
    <p class='ocr_par' dir='ltr' id='par_1_4' title="bbox 0 0 1240 3900">
     <span class='ocr_line' id='line_1_40' title="bbox 0 0 1240 3900; baseline 0 0"><span class='ocrx_word' id='word_1_298' title='bbox 0 0 1240 3900; x_wconf 95' lang='lat' dir='ltr'><strong> </strong></span> 
     </span>
    </p>
   </div>
  </div>
 </body>
</html>
