2466 3900
243 251 361 313 Ltssnlt
374 252 468 314 xxv.
492 251 575 313 cAP.
590 262 634 316 m.
649 262 694 316 aa.
716 259 874 329 [acam]
1001 251 1040 323 li

48 419 179 466 cessura
199 402 231 462 iu
253 401 352 462 aciem
372 408 435 477 est,
457 403 613 465 instruitur
632 404 702 482 ipsa
723 405 806 467 acies
827 406 866 466 ad
887 403 1042 472 libidinem

48 488 182 549 militum
204 487 285 548 lorte
305 487 551 563 procurrentium
571 489 866 566 consistentiumque
888 505 951 568 quo
972 492 1042 554 loco

46 575 194 650 ipsorum
209 571 331 632 tulisset
344 571 475 644 animus,
497 572 610 633 deinde
624 589 682 650 per
694 573 849 636 libidinem
865 583 918 636 aut
931 583 1043 638 metum

43 656 266 718 deserentium
285 657 398 718 locum.
431 656 530 733 prime
549 657 631 732 tegio
647 665 677 718 et
691 658 815 719 sinistra
835 659 886 720 ala
899 659 928 720 ln
944 661 1043 737 primo

43 743 242 814 instructae,
264 748 295 801 et
313 741 344 801 in
362 740 582 816 longitudinem
597 750 740 817 porrecta
760 743 855 804 acies.
887 745 1044 806 clamanti·

42 826 108 888 bus
119 825 257 887 tribunis
272 824 346 885 nibil
361 825 513 888 introrsus
521 825 645 888 roboris
658 843 695 888 ac
706 828 815 888 virium
829 843 910 903 esse,
925 837 956 889 et
967 845 1043 904 qua·

43 927 189 988 cumque
204 910 353 985 impetum
367 910 494 972 lecisset
507 910 617 986 bostis,
636 919 847 988 perrupturos,
869 912 944 973 nihil
959 914 1044 988 quod

47 996 191 1057 salutare
206 1001 294 1056 esset
307 1010 369 1056 non
381 996 475 1057 modo
490 995 532 1056 ad
545 995 679 1057 animum
694 997 751 1058 sed
765 1011 805 1057 ne
819 997 860 1058 ad
874 1012 967 1058 aures
978 998 1044 1074 qui-

45 1082 123 1141 dem
146 1079 339 1142 admittebat.
369 1085 400 1140 et
418 1079 571 1140 Hannibal
591 1079 831 1158 haudquaquam
850 1081 959 1142 similis
980 1081 1044 1142 dux

44 1179 155 1242 neque
171 1165 266 1226 simili
280 1164 416 1230 exercitu
431 1179 533 1240 neque
546 1164 588 1225 ita
602 1165 750 1228 instructo
770 1166 885 1225 aderat.
915 1181 989 1241 ergo
1005 1181 1044 1226 ne

46 1251 222 1310 clamorem
238 1249 365 1326 quidem
380 1256 473 1325 atque
486 1249 634 1325 impetum
648 1250 779 1326 primum
794 1265 900 1310 eorum
915 1251 1045 1312 Romani

51 1335 241 1395 sustinuere.
270 1335 343 1409 dux,
355 1333 701 1395 stultitiaettemeritate
709 1333 853 1395 Centenio
865 1349 931 1409 par,
943 1333 1044 1394 animo

52 1419 300 1495 haudquaquam
316 1418 554 1494 comparandus,
570 1417 622 1478 ubi
636 1434 701 1479 rem
716 1417 889 1478 inclinatam
902 1433 939 1478 ac
953 1417 1045 1493 trepi-

50 1503 157 1564 dantis
174 1518 252 1564 suos
266 1503 361 1577 videt,
378 1519 459 1578 equo
475 1509 599 1579 arrepto
612 1518 681 1563 cum
695 1503 834 1564 ducentis
849 1502 945 1562 senne
959 1501 1046 1577 equi-

48 1588 133 1650 tibus
157 1586 282 1663 effugit:
312 1595 416 1649 cetera
436 1603 456 1648 a
477 1588 577 1650 ironte
597 1588 704 1662 pulsa,
733 1594 852 1662 atergo
874 1594 967 1661 atque
987 1586 1043 1647 olis

48 1674 269 1734 circumventa
282 1672 368 1733 acies
383 1687 420 1733 eo
436 1689 539 1748 usque
553 1679 602 1732 est
616 1687 717 1743 caesa,
732 1679 766 1732 ut
779 1687 820 1732 ex
834 1669 1045 1746 duodeviginti

45 1759 179 1820 milibus
199 1756 357 1818 hominum
373 1757 535 1819 duomilia
551 1756 634 1818 haud
653 1757 783 1832 amplius
799 1755 961 1816 evaserint.
995 1770 1044 1814 ca-

46 1845 123 1904 stris
138 1843 251 1904 hostes
266 1843 354 1918 potiti
369 1848 450 1902 sunt.

136 1927 233 1988 XXII.
248 1927 315 1987 Hae
327 1926 433 1988 clades
446 1942 541 2003 super
551 1926 642 1986 uliam
653 1924 847 1985 aliaRomam
860 1939 929 1984 cum
940 1929 1044 1982 essent

47 2013 221 2085 nuntiatae,
241 2012 353 2087 ingens
369 2012 494 2087 quidem
510 2018 541 2071 et
556 2011 655 2070 luctus
670 2017 702 2069 et
715 2024 815 2084 pavor
828 2007 979 2067 civitatem
995 2019 1044 2064 ce·

47 2099 112 2172 pit=
143 2096 205 2158 sed
218 2102 337 2171 mmcn,
360 2096 434 2171 quia
447 2095 609 2169 consules,
630 2092 683 2154 ubi
698 2107 817 2154 summa
831 2105 931 2150 rerum
952 2093 1045 2162 esset,

47 2183 91 2242 ad
107 2182 142 2241 id
157 2183 299 2242 locorum
314 2195 468 2257 prospere
480 2195 546 2239 rem
560 2185 714 2254 gererent,
736 2177 837 2237 minus
851 2175 889 2234 iis
905 2169 1044 2232 cladibus

47 2264 341 2327 commovebantur.
363 2266 483 2340 legatos
495 2264 536 2324 ad
548 2261 694 2323 eonsules
704 2261 824 2321 mittunt
834 2259 866 2318 C.
873 2255 1044 2318 Laetorium

47 2351 91 2410 M.
106 2349 275 2425 Metilium,
299 2349 352 2424 qui
367 2349 556 2420 nuntiarent,
577 2354 611 2408 ut
622 2345 770 2421 reliquias
785 2344 916 2404 duorum
930 2339 1045 2400 exerci-

47 2444 137 2495 tuum
155 2449 225 2494 cum
242 2449 317 2495 curo
331 2433 511 2508 colligerent
526 2430 696 2506 daremque
711 2443 845 2505 operam,
860 2441 899 2485 ne
914 2439 970 2501 per
984 2438 1045 2483 me·

48 2528 116 2579 tum
137 2533 176 2578 ac
197 2518 450 2595 desperationem
470 2515 553 2578 hosti
568 2530 605 2576 se
625 2513 788 2587 dederent,
816 2511 848 2570 id
868 2508 954 2585 quod
976 2513 1047 2583 post

50 2604 252 2663 Cannensem
273 2602 442 2663 accidisset
463 2599 599 2672 cladem,
622 2605 653 2658 et
665 2604 699 2658 ut
713 2597 889 2656 desertores
905 2593 945 2654 de
960 2605 1045 2650 exer·

50 2690 114 2748 citu
130 2688 283 2748 volonum
305 2686 533 2761 conquirerent
567 2682 649 2742 idem
663 2680 775 2757 negotii
789 2679 821 2738 P.
838 2676 978 2738 Cornelio
994 2674 1046 2770 du-

50 2779 124 2848 tum,
148 2771 200 2832 cui
214 2778 245 2832 et
260 2771 392 2831 dilectus
407 2769 572 2830 mandatus
588 2774 668 2838 erat,
687 2765 778 2840 isque
793 2778 849 2839 per
863 2763 930 2822 tora
943 2773 1047 2820 concr-

52 2857 234 2931 liabulaque
250 2854 355 2930 edixit,
378 2860 412 2916 ut
427 2850 613 2928 conquisitio
629 2849 776 2910 volonum
793 2847 889 2921 lieret,
907 2846 992 2920 iique
1007 2841 1045 2901 ad

52 2941 143 3016 signa
156 2940 391 3001 reducerentur.
423 2938 503 3002 baec
518 2937 621 2997 omnio
635 2931 838 2994 intentissima
853 2946 928 2991 cura
942 2933 1018 2988 acta.

138 3027 201 3101 Ap
224 3024 373 3086 claudius
401 3022 511 3084 consul
531 3021 568 3080 D.
590 3017 677 3080 lunio
699 3017 739 3077 ad
767 3016 879 3076 ostium
896 3009 1046 3081 Vulturni,

53 3109 91 3170 Μ.
112 3110 246 3171 Aurelio
269 3109 359 3169 Cotta
379 3106 514 3168 Puteolis
535 3101 730 3180 praeposito,
760 3100 828 3175 qui,
853 3106 888 3160 ut
907 3106 1047 3186 quaeque

56 3211 151 3255 naves
173 3210 215 3254 ex
229 3193 352 3255 Etruria
372 3207 409 3252 ac
431 3189 574 3251 Sardinia
594 3185 818 3258 accessissent,
840 3177 993 3252 extemplo
1015 3188 1046 3230 m

55 3287 155 3340 castra
175 3279 334 3339 mitterent
356 3276 554 3348 trumentum,
582 3272 652 3348 ipse
673 3269 713 3330 ad
729 3267 864 3343 Capuam
884 3271 1045 3335 regressus

56 3363 86 3437 Q.
101 3364 246 3426 Fulvium
262 3362 416 3438 collegam
430 3358 546 3420 invenit
561 3353 699 3427 Casilini,
723 3350 824 3412 omnia
837 3346 909 3407 inde
923 3347 1046 3436 portan-

56 3448 310 3528 temmolientem
326 3446 367 3506 ad
384 3441 624 3522 oppugnandam
641 3439 784 3513 Capuam.
806 3438 867 3494 tum
882 3425 972 3488 ambo
988 3438 1046 3482 crr-

56 3534 277 3595 cumscdcrunt
292 3531 409 3605 urbem,
432 3536 462 3588 et
478 3524 636 3588 claudium
651 3521 803 3579 Neronem
817 3519 988 3592 praetorem
1006 3507 1045 3567 ab
