2466 3900
490 275 678 328 PrtnssntrO.
1054 294 1071 336 v

87 429 222 494 persinisque
241 429 308 494 qrtod
324 427 463 494 retiqaurn“
481 430 514 480 ci.
533 429 576 494 26,
598 429 640 483 51.
672 429 749 481 Druk.
768 430 854 481 nescio
873 446 906 481 on
924 439 992 483 recte
1009 435 1075 486 iudi-

87 498 181 548 cnverit
197 497 249 548 diei
265 501 356 548 abesse
373 513 459 564 posse.
498 499 525 552 G.
546 499 587 552 16.
608 501 631 549 si
649 500 672 548 Α
689 501 774 565 „natio
791 498 944 552 edidennzt“
963 502 1075 568 exhibet,

87 567 177 617 eodem
199 569 275 618 modo
294 583 344 631 quo
361 567 438 633 peuio
456 583 533 634 supra
549 570 576 618 iu
593 585 618 618 v.
638 569 786 629 interiment,
810 569 938 632 siquidem
955 571 991 622 ibi
1007 581 1075 624 recte

84 637 231 686 accenditur
248 638 275 685 in
292 637 406 686 accendit
424 645 458 701 at,
477 637 511 687 ci.
532 654 554 690 c.
574 635 616 689 lt.
636 638 777 698 diceretur,
796 647 921 690 mutatum
940 649 987 701 est,
1007 658 1074 693 erra·

84 715 140 755 turn
153 705 262 756 videtur.
299 706 335 755 ib.
354 703 482 770 „nisioui“
500 721 547 771 pro
561 708 658 772 nisique
676 708 858 772 reponendum,
876 717 900 760 et
917 711 944 760 iu
959 709 979 759 B
996 712 1076 762 morbi

84 791 163 825 causa
182 775 319 840 significari
332 783 403 840 puto,
421 775 454 825 ci.
476 775 518 826 nd.
536 773 579 841 38,
598 775 642 840 52,
658 774 685 828 3.
714 776 805 841 Zumpt
821 779 855 828 ad
870 778 943 828 Verr.
962 793 989 844 p.
1011 777 1071 832 770.

84 844 112 893 G.
131 840 174 896 17.
193 844 332 909 „Romanis
348 845 426 895 niara
447 843 643 910 quadrinpenti“
668 861 725 896 cum
744 845 832 900 Alsch.
850 847 924 914 dedi,
942 848 976 898 ci.
996 849 1072 901 Jclrn.

83 915 149 965 dun.
170 913 223 963 rol.
242 911 286 965 31.
304 929 332 980 p.
353 911 413 964 194.
452 913 479 964 G.
498 911 541 965 18.
566 915 690 981 suspicari
713 915 799 980 possis
821 925 897 982 „post
917 916 1072 970 Cannensem

83 983 147 1032 atem
165 981 212 1048 (ci.
232 983 299 1036 Fior.
318 981 345 1046 4,
363 981 408 1047 24,
427 980 476 1048 43)
495 985 526 1034 de
542 984 615 1035 ltalia
631 983 773 1035 deserenda
791 987 938 1036 coniurasse
955 987 1073 1039 diceban-

82 1049 151 1106 tur“.
171 1053 206 1104 ib.
225 1068 283 1102 cum
296 1053 363 1102 inA.
375 1060 441 1102 esset
457 1055 570 1103 romerici
577 1055 726 1104 censoriae“
737 1053 871 1106 emendavi
889 1063 959 1121 „torn
970 1059 1074 1109 meritae

82 1123 159 1172 c.n.“
189 1121 223 1174 ci.
242 1121 320 1172 Drnk.
340 1117 365 1182 6,
374 1118 420 1187 26,
430 1121 456 1172 2.
475 1120 518 1186 26,
528 1123 570 1188 50,
583 1121 625 1175 13.
663 1123 690 1173 G.
709 1122 753 1175 20.
771 1124 847 1188 „ditm
863 1123 927 1174 daec
944 1127 998 1176 alia
1015 1129 1073 1177 aliis

82 1187 163 1239 ioms“
180 1190 320 1256 denickius,
338 1192 364 1240 in
383 1191 451 1253 qnod
469 1193 567 1257 etipse
585 1193 738 1244 inciderem:
763 1194 831 1242 idem
849 1193 883 1243 V.
896 1194 928 1244 D.
948 1195 1007 1255 ,,Μ.
1027 1197 1073 1246 Li·

84 1259 136 1310 nins
157 1273 267 1322 propere
288 1259 452 1322 concipia‘
470 1269 517 1314 etc.
538 1261 676 1328 legendum
694 1277 751 1312 esse
776 1269 872 1314 censet.
905 1263 941 1313 ib.
972 1279 1072 1328 „prope

86 1325 225 1378 moenibas“
248 1330 354 1393 scripsi,
377 1328 412 1382 ci.
432 1329 513 1380 Hand.
534 1331 643 1384 Turseli.
666 1327 789 1383 1v.607.
815 1332 850 1380 ib.
866 1334 947 1393 panio
965 1334 1071 1384 intentus

86 1412 133 1462 pro
156 1399 276 1459 „perinde
299 1396 425 1449 intenms“
449 1401 562 1466 positum
579 1401 677 1466 putavi.
717 1399 752 1451 ib.
772 1398 860 1453 Alsch.
877 1409 944 1450 recte
962 1400 1071 1452 sonasse

84 1467 198 1530 „dinn'ssi
211 1463 287 1517 srmt“
313 1467 428 1532 scripsit,
453 1484 510 1519 cum
528 1470 555 1519 in
571 1470 594 1518 A
611 1469 632 1518 1)
651 1469 757 1519 dirissis
773 1468 881 1535 legatur.
920 1468 946 1522 G.
965 1469 1010 1523 21.
1028 1474 1071 1521 rni-

81 1538 198 1601 litiaeqne
214 1537 415 1601 funpendaeetc.
437 1535 513 1589 Gran.
533 1539 689 1596 emendavit;
708 1539 756 1588 sed
773 1538 870 1605 dubito,
889 1553 950 1588 num
962 1540 1070 1592 multum

84 1605 192 1655 valuerit
210 1607 279 1671 apud
297 1605 404 1656 militnm
422 1608 530 1670 animos,
551 1608 619 1671 quod
636 1607 779 1672 potioribus
798 1608 906 1659 ducibus
924 1619 1010 1659 essent
1026 1612 1068 1660 sti·

81 1676 176 1740 pendis
194 1675 300 1733 fecturi3
319 1691 406 1725 verum
420 1690 476 1726 esse
488 1685 551 1742 puto
563 1677 633 1740 quod
644 1679 670 1726 in
681 1677 740 1730 cdd.
755 1677 849 1742 legitur
866 1679 955 1744 „militi
965 1678 1070 1745 atpne“,

80 1745 240 1795 intercidisse
258 1751 342 1794 nutem
360 1759 416 1794 enm
435 1760 489 1796 rem
507 1746 578 1796 cuius
597 1760 656 1812 spes
672 1745 740 1796 iectu
757 1755 795 1796 est
815 1747 932 1800 ducibus.
977 1749 1067 1799 riorem

80 1813 203 1866 Gronovii
220 1814 388 1864 coniecturam
404 1814 504 1866 firmare
521 1815 639 1866 videntur
654 1816 710 1866 ioco
727 1815 823 1866 similis
840 1813 884 1882 23,
894 1813 942 1876 46;
958 1764 1005 1881 32,
1018 1815 1067 1878 23;

80 1883 158 1938 Tacit.
177 1883 208 1933 H.
224 1882 246 1943 1,
258 1881 302 1933 25.
340 1881 365 1936 O.
386 1883 430 1934 22.
445 1887 566 1948 princeps
581 1900 645 1935 anas
663 1885 732 1948 quod
750 1887 776 1934 in
793 1886 815 1934 D
837 1893 875 1935 est
893 1901 944 1936 non
962 1902 1065 1953 sperno.

78 1954 112 2003 ib.
129 1951 194 2002 mihi
213 1967 263 2002 non
279 1953 421 2018 persuadeo
434 1954 534 2004 Livium
551 1955 629 2005 verbo
649 1961 674 2002 et
690 1955 875 2005 consnuctione
894 1955 997 2006 insolite
1009 1971 1067 2006 cou-

79 2025 172 2072 iunctis
183 2023 318 2086 scripsisse
336 2023 514 2086 ,servitudinis
527 2022 934 2092 temperatione—expertast,
952 2032 977 2074 et
994 2041 1068 2091 „ser-

77 2092 161 2142 vitutis
178 2091 346 2154 turpitudines
371 2090 775 2158 indipnitatesqae-enpertos“
802 2094 915 2159 conieci,
942 2095 974 2146 ci.
993 2093 1065 2144 (ines.

78 2162 105 2211 B.
119 2159 187 2224 (1.2,
203 2157 245 2212 14.
264 2161 339 2211 Fabri
355 2162 389 2212 ad
405 2162 460 2215 1ι.1.
491 2163 527 2214 ib.
546 2164 630 2230 „sata
645 2159 776 2213 libertati“
795 2164 906 2227 restitui,
923 2177 956 2212 ne
968 2164 994 2212 in
1005 2178 1066 2214 nece

79 2232 176 2297 tyranni
196 2230 300 2280 libertas
320 2245 376 2281 esse
394 2231 535 2292 videretur;
554 2246 568 2281 s
585 2240 613 2281 ut
632 2246 709 2298 saepe
727 2231 790 2280 elias
808 2233 915 2296 adiecta,
935 2240 960 2280 et
980 2229 1067 2284 (123.

79 2301 121 2350 nbi
136 2299 258 2350 creandis
275 2301 302 2349 in
320 2299 384 2349 ABD
403 2308 449 2352 est.
475 2301 509 2353 ib.
528 2302 558 2350 A.
578 2301 668 2352 babet:
687 2301 874 2366 libertatemque
891 2301 1068 2364 hippocrates:

79 2379 104 2418 ut
122 2384 216 2419 vocem
239 2369 365 2423 excidisse
383 2368 583 2435 (concordiami)
608 2371 735 2435 suspicari
752 2371 847 2436 possis.
885 2369 971 2421 Aisoh.
992 2378 1067 2437 atque

77 2439 190 2503 scripsit.
233 2436 260 2488 G.
280 2435 323 2490 24.
351 2437 481 2490 ibemirtio
505 2454 556 2490 non
577 2439 695 2504 displicet
712 2440 840 2490 Lobeckio
859 2440 959 2490 Pathol.
978 2440 1012 2490 V.
1033 2441 1063 2492 G.

76 2523 101 2572 p.
118 2505 182 2558 424.
219 2507 254 2561 ib.
273 2507 361 2561 Alsch.
382 2515 450 2558 recte
467 2509 566 2560 eddidit
578 2511 697 2575 priorem,
717 2510 792 2558 etiem
809 2510 971 2575 antiquiorem
989 2511 1065 2562 inter-

77 2577 161 2627 cidere
179 2577 271 2642 pctnit‚
292 2577 326 2631 cf.
346 2573 372 2640 7,
388 2575 432 2629 31.
471 2577 506 2628 o:
518 2577 561 2628 25.
579 2577 687 2629 fortasse
706 2585 751 2629 aut
769 2579 870 2629 vindam
884 2586 1006 2645 praestat.
1028 2580 1064 2631 ib.

75 2661 169 2709 cupere
187 2647 281 2696 nrodice
300 2660 356 2696 cnm
368 2645 456 2697 Aiseh.
469 2663 483 2697 e
494 2647 578 2697 Berol.
598 2647 698 2713 scripsi,
717 2648 765 2698 sed
782 2647 853 2698 aliud
868 2664 925 2700 voc.
943 2648 1020 2699 intere
1038 2651 1065 2699 in

76 2712 218 2780 „stupere“
241 2717 392 2781 putaverim.
427 2716 501 2766 Hertz
521 2716 664 2782 suspicatur
682 2714 830 2781 ‚,strnere“.
862 2733 895 2767 ne
913 2720 1064 2782 „supplicio-

74 2783 148 2834 rnm⁴‘
173 2785 277 2847 quidem
302 2793 397 2835 certum
417 2793 441 2836 et
456 2787 518 2836 sutis
535 2794 631 2851 aptum,
661 2787 749 2851 salpae
767 2796 992 2840 commemoratum
1007 2803 1064 2839 esse

75 2853 208 2918 probabile
231 2861 278 2906 est.
316 2853 344 2905 O.
366 2852 410 2907 26.
438 2855 497 2904 cdd.
522 2856 566 2916 „in
588 2855 718 2906 orbitatem
743 2854 937 2907 decedentibns“
961 2855 1064 2918 hebent,

73 2923 210 2974 Bittclrero
229 2931 254 2973 et
272 2923 360 2974 Alsch.
379 2925 527 2990 probatum
548 2925 609 2974 dum
627 2924 721 2974 similia
738 2926 886 2976 adferantur
902 2926 972 2992 vulg.
990 2942 1064 2977 revo-

74 2993 140 3044 cari.
173 2993 209 3043 ib.
230 2993 316 3043 timere
334 2995 360 3044 in
374 2993 396 3042 D
411 3001 458 3060 est,
477 3003 502 3042 et
519 2995 574 3044 siue
593 2994 670 3044 dubio
690 2995 716 3042 in
733 2995 776 3045 eli.
789 2995 846 3046 cdd.
865 2995 901 3046 ib.
913 3011 975 3046 num
990 3012 1063 3046 casse

73 3071 141 3114 recte
159 3063 261 3112 dicatur
279 3063 406 3126 dubitans,
426 3062 459 3112 ci.
472 3062 554 3113 Hand.
575 3063 649 3112 Turn.
662 3060 743 3128 11,t.‚
762 3063 821 3114 dedi
837 3073 935 3130 questo,
956 3067 991 3118 ib.
1011 3067 1063 3129 „de

73 3147 100 3181 ee
116 3129 302 3182 miserabilem“
318 3132 427 3182 fortasse
443 3130 545 3182 defendi
563 3139 672 3196 poteret,
690 3132 723 3188 ci.
742 3133 824 3187 Hnnd.
835 3134 853 3183 Ι.
864 3136 880 3186 l.
894 3134 954 3186 212.
977 3134 1004 3184 G.
1016 3132 1060 3185 27.

73 3209 180 3252 statutas
204 3201 309 3250 comitiis
330 3201 466 3268 legendum
483 3215 540 3250 esse
563 3202 704 3266 putaverim
722 3210 805 3253 essent
821 3219 835 3252 e
852 3203 1062 3268 praecedentibus

73 3273 218 3335 repetitum.
248 3270 339 3320 deiude
356 3271 387 3323 D.
405 3281 429 3320 et
446 3269 567 3320 Vossium
586 3279 609 3318 et
626 3269 771 3321 Besslerum
788 3281 863 3335 etque
881 3271 968 3324 Alsch.
988 3285 1061 3320 secu-

73 3350 112 3388 tus
131 3339 281 3390 canadam
299 3355 350 3389 rem
368 3341 441 3400 dedi,
466 3339 514 3388 etsi
533 3337 616 3390 facitis
640 3341 716 3390 etism
733 3341 838 3406 Ruperti
862 3341 1005 3390 coniectura
1022 3351 1062 3389 est

74 3409 214 3459 cienickio
234 3425 334 3474 quoque
351 3408 418 3460 iectu
434 3407 593 3473 „trahendae
611 3405 678 3469 rei“,
698 3417 724 3458 et
739 3409 864 3459 tranencta
877 3424 906 3456 re
919 3408 1004 3469 alique
1020 3422 1058 3456 ra-

26 3533 28 3538 ,
74 3478 141 3528 tione
165 3477 270 3528 uerendi
286 3486 382 3544 potest,
410 3477 443 3530 ci.
465 3478 575 3542 interpp.
595 3477 629 3524 ad
646 3476 705 3526 Teo.
723 3478 790 3528 Anu.
808 3471 887 3539 3,19,
901 3475 926 3523 1.
951 3475 1059 3523 Vossius

72 3563 176 3598 censere
191 3547 299 3597 malebat
318 3562 393 3611 quam
412 3561 475 3598 esre.
512 3547 547 3596 ib.
570 3545 657 3608 „attae
672 3543 775 3606 partis“
794 3551 818 3591 et
834 3548 938 3605 propter
953 3541 1057 3589 iormcrn
