<?xml version="1.0" encoding="UTF-8"?>
<!DOCTYPE html PUBLIC "-//W3C//DTD XHTML 1.0 Transitional//EN"
    "http://www.w3.org/TR/xhtml1/DTD/xhtml1-transitional.dtd">
<html xmlns="http://www.w3.org/1999/xhtml" xml:lang="en" lang="en">
 <head>
  <title>
</title>
<meta http-equiv="Content-Type" content="text/html;charset=utf-8" />
  <meta name='ocr-system' content='tesseract 3.04.00' />
  <meta name='ocr-capabilities' content='ocr_page ocr_carea ocr_par ocr_line ocrx_word'/>
</head>
<body>
  <div class='ocr_page' id='page_1' title='image "./titiliviaburbec09livygoog_0165.png"; bbox 0 0 2428 3892; ppageno 0'>
   <div class='ocr_carea' id='block_1_1' title="bbox 164 237 990 312">
    <p class='ocr_par' dir='ltr' id='par_1_1' title="bbox 164 237 990 312">
     <span class='ocr_line' id='line_1_1' title="bbox 164 237 990 312; baseline 0 -14"><span class='ocrx_word' id='word_1_1' title='bbox 164 237 225 304; x_wconf 74' lang='grc'>140</span> <span class='ocrx_word' id='word_1_2' title='bbox 308 238 425 300; x_wconf 81' lang='lat' dir='ltr'>LIBER</span> <span class='ocrx_word' id='word_1_3' title='bbox 438 237 544 300; x_wconf 87' lang='lat' dir='ltr'><strong>XXVI.</strong></span> <span class='ocrx_word' id='word_1_4' title='bbox 567 239 650 300; x_wconf 81' lang='lat' dir='ltr'>CAP.</span> <span class='ocrx_word' id='word_1_5' title='bbox 665 247 709 302; x_wconf 74' lang='lat'>34.</span> <span class='ocrx_word' id='word_1_6' title='bbox 720 247 764 301; x_wconf 76' lang='lat'>35.</span> <span class='ocrx_word' id='word_1_7' title='bbox 788 244 825 312; x_wconf 74' lang='lat' dir='ltr'>[a.</span> <span class='ocrx_word' id='word_1_8' title='bbox 839 243 874 296; x_wconf 94' lang='lat' dir='ltr'>U.</span> <span class='ocrx_word' id='word_1_9' title='bbox 887 258 911 295; x_wconf 75' lang='lat' dir='ltr'>a</span> <span class='ocrx_word' id='word_1_10' title='bbox 926 241 990 308; x_wconf 78' lang='lat' dir='ltr'>sta]</span> 
     </span>
    </p>
   </div>
   <div class='ocr_carea' id='block_1_2' title="bbox 142 387 1154 3071">
    <p class='ocr_par' dir='ltr' id='par_1_2' title="bbox 142 387 1154 2810">
     <span class='ocr_line' id='line_1_2' title="bbox 163 387 1147 467; baseline -0.012 -13"><span class='ocrx_word' id='word_1_11' title='bbox 163 409 217 454; x_wconf 89' lang='lat' dir='ltr'>sus</span> <span class='ocrx_word' id='word_1_12' title='bbox 239 391 456 465; x_wconf 89' lang='lat' dir='ltr'>distinxerunt,</span> <span class='ocrx_word' id='word_1_13' title='bbox 479 389 665 467; x_wconf 87' lang='lat' dir='ltr'>publicanda</span> <span class='ocrx_word' id='word_1_14' title='bbox 679 403 777 450; x_wconf 90' lang='lat' dir='ltr'>necne</span> <span class='ocrx_word' id='word_1_15' title='bbox 795 387 880 456; x_wconf 88' lang='lat' dir='ltr'>bono</span> <span class='ocrx_word' id='word_1_16' title='bbox 898 392 1013 447; x_wconf 88' lang='lat' dir='ltr'>essent.</span> <span class='ocrx_word' id='word_1_17' title='bbox 1046 399 1147 462; x_wconf 83' lang='lat' dir='ltr'>pecua</span> 
     </span>
     <span class='ocr_line' id='line_1_3' title="bbox 164 466 1149 553; baseline -0.011 -17"><span class='ocrx_word' id='word_1_18' title='bbox 164 476 287 553; x_wconf 89' lang='lat' dir='ltr'>captiva</span> <span class='ocrx_word' id='word_1_19' title='bbox 301 480 423 552; x_wconf 89' lang='lat' dir='ltr'>praeter</span> <span class='ocrx_word' id='word_1_20' title='bbox 436 490 535 549; x_wconf 90' lang='lat' dir='ltr'>equos</span> <span class='ocrx_word' id='word_1_21' title='bbox 550 480 582 534; x_wconf 91' lang='lat' dir='ltr'>et</span> <span class='ocrx_word' id='word_1_22' title='bbox 594 472 746 549; x_wconf 88' lang='lat' dir='ltr'>mancipia</span> <span class='ocrx_word' id='word_1_23' title='bbox 759 477 881 549; x_wconf 88' lang='lat' dir='ltr'>praeter</span> <span class='ocrx_word' id='word_1_24' title='bbox 896 469 1031 546; x_wconf 83' lang='lat' dir='ltr'><strong>puberes</strong></span> <span class='ocrx_word' id='word_1_25' title='bbox 1044 466 1149 526; x_wconf 85' lang='lat' dir='ltr'>virilis-</span> 
     </span>
     <span class='ocr_line' id='line_1_4' title="bbox 165 552 1145 634; baseline -0.013 -13"><span class='ocrx_word' id='word_1_26' title='bbox 165 575 258 622; x_wconf 86' lang='lat' dir='ltr'>sexus</span> <span class='ocrx_word' id='word_1_27' title='bbox 274 566 305 619; x_wconf 89' lang='lat' dir='ltr'>et</span> <span class='ocrx_word' id='word_1_28' title='bbox 318 558 428 633; x_wconf 85' lang='lat' dir='ltr'>omnia,</span> <span class='ocrx_word' id='word_1_29' title='bbox 445 573 525 634; x_wconf 89' lang='lat' dir='ltr'>quae</span> <span class='ocrx_word' id='word_1_30' title='bbox 540 558 608 619; x_wconf 92' lang='lat' dir='ltr'>solo</span> <span class='ocrx_word' id='word_1_31' title='bbox 623 573 684 616; x_wconf 91' lang='lat' dir='ltr'>nou</span> <span class='ocrx_word' id='word_1_32' title='bbox 700 556 935 629; x_wconf 76' lang='lat' dir='ltr'>continerentur,</span> <span class='ocrx_word' id='word_1_33' title='bbox 955 552 1145 613; x_wconf 87' lang='lat' dir='ltr'>restituendo</span> 
     </span>
     <span class='ocr_line' id='line_1_5' title="bbox 164 635 1146 718; baseline -0.011 -13"><span class='ocrx_word' id='word_1_34' title='bbox 164 648 350 705; x_wconf 86' lang='lat' dir='ltr'>censuerunt</span> <span class='ocrx_word' id='word_1_35' title='bbox 370 641 511 702; x_wconf 90' lang='lat' dir='ltr'>dominis.</span> <span class='ocrx_word' id='word_1_36' title='bbox 545 640 718 718; x_wconf 89' lang='lat' dir='ltr'>Campanos</span> <span class='ocrx_word' id='word_1_37' title='bbox 739 655 861 714; x_wconf 89' lang='lat' dir='ltr'>omncs,</span> <span class='ocrx_word' id='word_1_38' title='bbox 884 638 1044 698; x_wconf 85' lang='lat' dir='ltr'>Atellanos</span> <span class='ocrx_word' id='word_1_39' title='bbox 1059 635 1146 696; x_wconf 87' lang='lat' dir='ltr'>Cala-</span> 
     </span>
     <span class='ocr_line' id='line_1_6' title="bbox 165 721 1147 802; baseline -0.011 -13"><span class='ocrx_word' id='word_1_40' title='bbox 165 729 244 789; x_wconf 88' lang='lat' dir='ltr'>tinos</span> <span class='ocrx_word' id='word_1_41' title='bbox 267 725 447 802; x_wconf 86' lang='lat' dir='ltr'>Sabatinos,</span> <span class='ocrx_word' id='word_1_42' title='bbox 469 732 648 802; x_wconf 86' lang='lat' dir='ltr'>extraquam</span> <span class='ocrx_word' id='word_1_43' title='bbox 668 725 721 801; x_wconf 91' lang='lat' dir='ltr'>qui</span> <span class='ocrx_word' id='word_1_44' title='bbox 741 739 847 784; x_wconf 90' lang='lat' dir='ltr'>eorum</span> <span class='ocrx_word' id='word_1_45' title='bbox 868 729 921 782; x_wconf 85' lang='lat' dir='ltr'>aut</span> <span class='ocrx_word' id='word_1_46' title='bbox 942 721 1003 798; x_wconf 92' lang='lat' dir='ltr'>ipsi</span> <span class='ocrx_word' id='word_1_47' title='bbox 1024 727 1079 780; x_wconf 90' lang='lat' dir='ltr'>aut</span> <span class='ocrx_word' id='word_1_48' title='bbox 1095 733 1147 796; x_wconf 88' lang='lat' dir='ltr'>pa-</span> 
     </span>
     <span class='ocr_line' id='line_1_7' title="bbox 165 799 1148 886; baseline -0.009 -15"><span class='ocrx_word' id='word_1_49' title='bbox 165 817 266 872; x_wconf 88' lang='lat' dir='ltr'>rentes</span> <span class='ocrx_word' id='word_1_50' title='bbox 287 825 392 872; x_wconf 89' lang='lat' dir='ltr'>eorum</span> <span class='ocrx_word' id='word_1_51' title='bbox 411 810 493 886; x_wconf 87' lang='lat' dir='ltr'>apud</span> <span class='ocrx_word' id='word_1_52' title='bbox 508 809 614 872; x_wconf 89' lang='lat' dir='ltr'>hostes</span> <span class='ocrx_word' id='word_1_53' title='bbox 629 815 749 884; x_wconf 89' lang='lat' dir='ltr'>essent,</span> <span class='ocrx_word' id='word_1_54' title='bbox 772 808 886 868; x_wconf 85' lang='lat' dir='ltr'>liberos</span> <span class='ocrx_word' id='word_1_55' title='bbox 901 822 972 867; x_wconf 90' lang='lat' dir='ltr'>esse</span> <span class='ocrx_word' id='word_1_56' title='bbox 990 799 1148 866; x_wconf 89' lang='lat' dir='ltr'>iusserunt</span> 
     </span>
     <span class='ocr_line' id='line_1_8' title="bbox 164 888 1146 970; baseline -0.008 -16"><span class='ocrx_word' id='word_1_57' title='bbox 164 896 214 970; x_wconf 89' lang='lat' dir='ltr'>ita,</span> <span class='ocrx_word' id='word_1_58' title='bbox 236 901 270 955; x_wconf 92' lang='lat' dir='ltr'>ut</span> <span class='ocrx_word' id='word_1_59' title='bbox 283 909 372 956; x_wconf 91' lang='lat' dir='ltr'>nemo</span> <span class='ocrx_word' id='word_1_60' title='bbox 389 910 493 956; x_wconf 91' lang='lat' dir='ltr'>eorum</span> <span class='ocrx_word' id='word_1_61' title='bbox 508 893 584 954; x_wconf 90' lang='lat' dir='ltr'>civis</span> <span class='ocrx_word' id='word_1_62' title='bbox 598 895 754 954; x_wconf 86' lang='lat' dir='ltr'>Romanus</span> <span class='ocrx_word' id='word_1_63' title='bbox 769 900 822 953; x_wconf 91' lang='lat' dir='ltr'>aut</span> <span class='ocrx_word' id='word_1_64' title='bbox 835 890 934 951; x_wconf 87' lang='lat' dir='ltr'>Latini</span> <span class='ocrx_word' id='word_1_65' title='bbox 948 888 1085 950; x_wconf 92' lang='lat' dir='ltr'>nominis</span> <span class='ocrx_word' id='word_1_66' title='bbox 1102 903 1146 947; x_wconf 90' lang='lat' dir='ltr'>es-</span> 
     </span>
     <span class='ocr_line' id='line_1_9' title="bbox 165 975 1150 1056; baseline -0.01 -16"><span class='ocrx_word' id='word_1_67' title='bbox 165 985 226 1051; x_wconf 79' lang='lat' dir='ltr'>sel3</span> <span class='ocrx_word' id='word_1_68' title='bbox 254 995 334 1040; x_wconf 84' lang='lat' dir='ltr'>neve</span> <span class='ocrx_word' id='word_1_69' title='bbox 355 979 424 1056; x_wconf 91' lang='lat' dir='ltr'>quis</span> <span class='ocrx_word' id='word_1_70' title='bbox 445 993 563 1053; x_wconf 88' lang='lat' dir='ltr'>eorum,</span> <span class='ocrx_word' id='word_1_71' title='bbox 586 978 637 1052; x_wconf 92' lang='lat' dir='ltr'>qui</span> <span class='ocrx_word' id='word_1_72' title='bbox 653 977 776 1053; x_wconf 90' lang='lat' dir='ltr'>Capuae</span> <span class='ocrx_word' id='word_1_73' title='bbox 798 976 921 1047; x_wconf 86' lang='lat' dir='ltr'>luisset,</span> <span class='ocrx_word' id='word_1_74' title='bbox 945 975 1018 1034; x_wconf 94' lang='lat' dir='ltr'>dum</span> <span class='ocrx_word' id='word_1_75' title='bbox 1039 979 1150 1049; x_wconf 85' lang='lat' dir='ltr'>portae</span> 
     </span>
     <span class='ocr_line' id='line_1_10' title="bbox 165 1057 1151 1138; baseline -0.009 -15"><span class='ocrx_word' id='word_1_76' title='bbox 165 1064 289 1124; x_wconf 89' lang='lat' dir='ltr'>clausae</span> <span class='ocrx_word' id='word_1_77' title='bbox 300 1069 413 1137; x_wconf 82' lang='lat' dir='ltr'>essent,</span> <span class='ocrx_word' id='word_1_78' title='bbox 429 1063 458 1122; x_wconf 91' lang='lat' dir='ltr'>in</span> <span class='ocrx_word' id='word_1_79' title='bbox 470 1061 547 1123; x_wconf 89' lang='lat' dir='ltr'>urbe</span> <span class='ocrx_word' id='word_1_80' title='bbox 558 1062 837 1138; x_wconf 84' lang='lat' dir='ltr'>agroveCampano</span> <span class='ocrx_word' id='word_1_81' title='bbox 849 1058 926 1120; x_wconf 88' lang='lat' dir='ltr'>intra</span> <span class='ocrx_word' id='word_1_82' title='bbox 938 1064 1053 1119; x_wconf 82' lang='lat' dir='ltr'>certam</span> <span class='ocrx_word' id='word_1_83' title='bbox 1066 1057 1151 1116; x_wconf 84' lang='lat' dir='ltr'>diem</span> 
     </span>
     <span class='ocr_line' id='line_1_11' title="bbox 142 1143 1149 1219; baseline -0.006 -13"><span class='ocrx_word' id='word_1_84' title='bbox 142 1165 144 1169; x_wconf 52' lang='lat'><strong><em>¹</em></strong></span> <span class='ocrx_word' id='word_1_85' title='bbox 165 1153 314 1208; x_wconf 79' lang='lat' dir='ltr'>maneret:</span> <span class='ocrx_word' id='word_1_86' title='bbox 330 1149 417 1208; x_wconf 89' lang='lat' dir='ltr'>locus</span> <span class='ocrx_word' id='word_1_87' title='bbox 431 1147 484 1207; x_wconf 88' lang='lat' dir='ltr'>ubi</span> <span class='ocrx_word' id='word_1_88' title='bbox 499 1145 669 1206; x_wconf 75' lang='lat' dir='ltr'>habitarent</span> <span class='ocrx_word' id='word_1_89' title='bbox 682 1143 912 1219; x_wconf 88' lang='lat' dir='ltr'>transTiberim,</span> <span class='ocrx_word' id='word_1_90' title='bbox 929 1143 980 1218; x_wconf 88' lang='lat' dir='ltr'>qui</span> <span class='ocrx_word' id='word_1_91' title='bbox 996 1157 1059 1202; x_wconf 89' lang='lat' dir='ltr'>non</span> <span class='ocrx_word' id='word_1_92' title='bbox 1077 1157 1149 1204; x_wconf 86' lang='lat' dir='ltr'>con·</span> 
     </span>
     <span class='ocr_line' id='line_1_12' title="bbox 164 1225 1151 1307; baseline -0.01 -15"><span class='ocrx_word' id='word_1_93' title='bbox 164 1232 293 1307; x_wconf 89' lang='lat' dir='ltr'>tingeret</span> <span class='ocrx_word' id='word_1_94' title='bbox 305 1231 450 1305; x_wconf 87' lang='lat' dir='ltr'>Tiberim,</span> <span class='ocrx_word' id='word_1_95' title='bbox 473 1231 605 1290; x_wconf 89' lang='lat' dir='ltr'>daretur.</span> <span class='ocrx_word' id='word_1_96' title='bbox 638 1230 691 1305; x_wconf 92' lang='lat' dir='ltr'>qui</span> <span class='ocrx_word' id='word_1_97' title='bbox 708 1245 765 1290; x_wconf 91' lang='lat' dir='ltr'>nec</span> <span class='ocrx_word' id='word_1_98' title='bbox 780 1228 917 1305; x_wconf 84' lang='lat' dir='ltr'>Capuae,</span> <span class='ocrx_word' id='word_1_99' title='bbox 940 1242 998 1287; x_wconf 90' lang='lat' dir='ltr'>nec</span> <span class='ocrx_word' id='word_1_100' title='bbox 1019 1226 1048 1285; x_wconf 91' lang='lat' dir='ltr'>iu</span> <span class='ocrx_word' id='word_1_101' title='bbox 1073 1225 1151 1284; x_wconf 85' lang='lat' dir='ltr'>urbe</span> 
     </span>
     <span class='ocr_line' id='line_1_13' title="bbox 164 1309 1154 1393; baseline -0.007 -18"><span class='ocrx_word' id='word_1_102' title='bbox 164 1316 326 1393; x_wconf 88' lang='lat' dir='ltr'>Campana,</span> <span class='ocrx_word' id='word_1_103' title='bbox 351 1330 462 1390; x_wconf 86' lang='lat' dir='ltr'>quaen</span> <span class='ocrx_word' id='word_1_104' title='bbox 479 1314 593 1391; x_wconf 91' lang='lat' dir='ltr'>populo</span> <span class='ocrx_word' id='word_1_105' title='bbox 607 1314 746 1375; x_wconf 88' lang='lat' dir='ltr'>Romano</span> <span class='ocrx_word' id='word_1_106' title='bbox 761 1313 941 1386; x_wconf 80' lang='lat' dir='ltr'>defecisset,</span> <span class='ocrx_word' id='word_1_107' title='bbox 964 1327 1020 1386; x_wconf 88' lang='lat' dir='ltr'>por</span> <span class='ocrx_word' id='word_1_108' title='bbox 1033 1309 1154 1370; x_wconf 90' lang='lat' dir='ltr'>bellum</span> 
     </span>
     <span class='ocr_line' id='line_1_14' title="bbox 165 1395 1150 1473; baseline -0.008 -14"><span class='ocrx_word' id='word_1_109' title='bbox 165 1400 309 1473; x_wconf 80' lang='lat' dir='ltr'>luissent,</span> <span class='ocrx_word' id='word_1_110' title='bbox 330 1415 386 1461; x_wconf 91' lang='lat' dir='ltr'>eos</span> <span class='ocrx_word' id='word_1_111' title='bbox 407 1399 453 1458; x_wconf 90' lang='lat' dir='ltr'>cis</span> <span class='ocrx_word' id='word_1_112' title='bbox 474 1398 565 1458; x_wconf 87' lang='lat' dir='ltr'>Lirim</span> <span class='ocrx_word' id='word_1_113' title='bbox 585 1413 706 1458; x_wconf 85' lang='lat' dir='ltr'>amnem</span> <span class='ocrx_word' id='word_1_114' title='bbox 727 1398 856 1458; x_wconf 86' lang='lat' dir='ltr'>Romam</span> <span class='ocrx_word' id='word_1_115' title='bbox 876 1411 1007 1464; x_wconf 86' lang='lat' dir='ltr'>versus;</span> <span class='ocrx_word' id='word_1_116' title='bbox 1033 1395 1091 1470; x_wconf 90' lang='lat' dir='ltr'>qui</span> <span class='ocrx_word' id='word_1_117' title='bbox 1113 1395 1150 1451; x_wconf 89' lang='lat' dir='ltr'>ad</span> 
     </span>
     <span class='ocr_line' id='line_1_15' title="bbox 163 1479 1150 1561; baseline -0.007 -19"><span class='ocrx_word' id='word_1_118' title='bbox 163 1484 320 1547; x_wconf 83' lang='lat' dir='ltr'>Romanos</span> <span class='ocrx_word' id='word_1_119' title='bbox 340 1481 525 1544; x_wconf 83' lang='lat' dir='ltr'>transissent</span> <span class='ocrx_word' id='word_1_120' title='bbox 545 1482 724 1558; x_wconf 90' lang='lat' dir='ltr'>priusquam</span> <span class='ocrx_word' id='word_1_121' title='bbox 740 1481 875 1561; x_wconf 87' lang='lat' dir='ltr'>Capuam</span> <span class='ocrx_word' id='word_1_122' title='bbox 889 1479 1042 1540; x_wconf 87' lang='lat' dir='ltr'>Hannibal</span> <span class='ocrx_word' id='word_1_123' title='bbox 1065 1479 1150 1538; x_wconf 83' lang='lat' dir='ltr'>veni-</span> 
     </span>
     <span class='ocr_line' id='line_1_16' title="bbox 165 1563 1150 1640; baseline -0.006 -14"><span class='ocrx_word' id='word_1_124' title='bbox 165 1573 220 1640; x_wconf 88' lang='lat' dir='ltr'>ret,</span> <span class='ocrx_word' id='word_1_125' title='bbox 236 1567 469 1627; x_wconf 91' lang='lat' dir='ltr'>cisVultumum</span> <span class='ocrx_word' id='word_1_126' title='bbox 484 1567 673 1628; x_wconf 89' lang='lat' dir='ltr'>emovendos</span> <span class='ocrx_word' id='word_1_127' title='bbox 689 1571 882 1638; x_wconf 88' lang='lat' dir='ltr'>censuerunt,</span> <span class='ocrx_word' id='word_1_128' title='bbox 899 1580 939 1624; x_wconf 91' lang='lat' dir='ltr'>ne</span> <span class='ocrx_word' id='word_1_129' title='bbox 954 1563 1025 1640; x_wconf 91' lang='lat' dir='ltr'>quis</span> <span class='ocrx_word' id='word_1_130' title='bbox 1040 1578 1150 1624; x_wconf 89' lang='lat' dir='ltr'>eorum</span> 
     </span>
     <span class='ocr_line' id='line_1_17' title="bbox 164 1647 1149 1727; baseline -0.005 -17"><span class='ocrx_word' id='word_1_131' title='bbox 164 1650 295 1727; x_wconf 91' lang='lat' dir='ltr'>propius</span> <span class='ocrx_word' id='word_1_132' title='bbox 315 1666 399 1710; x_wconf 89' lang='lat' dir='ltr'>mare</span> <span class='ocrx_word' id='word_1_133' title='bbox 414 1650 589 1727; x_wconf 91' lang='lat' dir='ltr'>quindecim</span> <span class='ocrx_word' id='word_1_134' title='bbox 603 1649 724 1710; x_wconf 89' lang='lat' dir='ltr'>milibus</span> <span class='ocrx_word' id='word_1_135' title='bbox 740 1664 889 1724; x_wconf 87' lang='lat' dir='ltr'>passuum</span> <span class='ocrx_word' id='word_1_136' title='bbox 910 1663 1020 1724; x_wconf 83' lang='lat' dir='ltr'>agrum</span> <span class='ocrx_word' id='word_1_137' title='bbox 1040 1647 1149 1707; x_wconf 89' lang='lat' dir='ltr'>aedili·</span> 
     </span>
     <span class='ocr_line' id='line_1_18' title="bbox 164 1732 1154 1811; baseline -0.005 -17"><span class='ocrx_word' id='word_1_138' title='bbox 164 1734 284 1794; x_wconf 88' lang='lat' dir='ltr'>ciumve</span> <span class='ocrx_word' id='word_1_139' title='bbox 304 1733 439 1794; x_wconf 88' lang='lat' dir='ltr'>haberet.</span> <span class='ocrx_word' id='word_1_140' title='bbox 473 1735 526 1811; x_wconf 86' lang='lat' dir='ltr'>qui</span> <span class='ocrx_word' id='word_1_141' title='bbox 547 1750 653 1796; x_wconf 91' lang='lat' dir='ltr'>eorum</span> <span class='ocrx_word' id='word_1_142' title='bbox 667 1732 897 1796; x_wconf 71' lang='lat' dir='ltr'>transtiberim</span> <span class='ocrx_word' id='word_1_143' title='bbox 918 1732 1011 1792; x_wconf 89' lang='lat' dir='ltr'>emoti</span> <span class='ocrx_word' id='word_1_144' title='bbox 1033 1738 1154 1802; x_wconf 75' lang='lat' dir='ltr'>essent,</span> 
     </span>
     <span class='ocr_line' id='line_1_19' title="bbox 164 1817 1151 1895; baseline -0.002 -20"><span class='ocrx_word' id='word_1_145' title='bbox 164 1833 203 1876; x_wconf 92' lang='lat' dir='ltr'>ne</span> <span class='ocrx_word' id='word_1_146' title='bbox 214 1818 274 1894; x_wconf 91' lang='lat' dir='ltr'>ipsi</span> <span class='ocrx_word' id='word_1_147' title='bbox 287 1819 441 1894; x_wconf 87' lang='lat' dir='ltr'>posterive</span> <span class='ocrx_word' id='word_1_148' title='bbox 452 1834 558 1880; x_wconf 92' lang='lat' dir='ltr'>eorum</span> <span class='ocrx_word' id='word_1_149' title='bbox 568 1819 688 1895; x_wconf 89' lang='lat' dir='ltr'>uspiam</span> <span class='ocrx_word' id='word_1_150' title='bbox 700 1822 844 1894; x_wconf 89' lang='lat' dir='ltr'>pararent</span> <span class='ocrx_word' id='word_1_151' title='bbox 854 1817 1043 1878; x_wconf 87' lang='lat' dir='ltr'>haberentve</span> <span class='ocrx_word' id='word_1_152' title='bbox 1058 1831 1151 1892; x_wconf 88' lang='lat' dir='ltr'>agros</span> 
     </span>
     <span class='ocr_line' id='line_1_20' title="bbox 164 1899 1150 1979; baseline -0.004 -19"><span class='ocrx_word' id='word_1_153' title='bbox 164 1901 224 1961; x_wconf 91' lang='lat' dir='ltr'>nisi</span> <span class='ocrx_word' id='word_1_154' title='bbox 251 1903 280 1961; x_wconf 94' lang='lat' dir='ltr'>in</span> <span class='ocrx_word' id='word_1_155' title='bbox 301 1902 433 1964; x_wconf 86' lang='lat' dir='ltr'>Veiente</span> <span class='ocrx_word' id='word_1_156' title='bbox 453 1902 576 1964; x_wconf 88' lang='lat' dir='ltr'>Sutrino</span> <span class='ocrx_word' id='word_1_157' title='bbox 598 1901 793 1979; x_wconf 85' lang='lat' dir='ltr'>Nepesinove</span> <span class='ocrx_word' id='word_1_158' title='bbox 822 1915 911 1978; x_wconf 87' lang='lat' dir='ltr'>agro,</span> <span class='ocrx_word' id='word_1_159' title='bbox 941 1901 1016 1960; x_wconf 93' lang='lat' dir='ltr'>dum</span> <span class='ocrx_word' id='word_1_160' title='bbox 1037 1915 1082 1960; x_wconf 90' lang='lat' dir='ltr'>ne</span> <span class='ocrx_word' id='word_1_161' title='bbox 1105 1899 1150 1960; x_wconf 84' lang='lat' dir='ltr'>cui</span> 
     </span>
     <span class='ocr_line' id='line_1_21' title="bbox 164 1985 1150 2064; baseline -0.002 -20"><span class='ocrx_word' id='word_1_162' title='bbox 164 1985 261 2046; x_wconf 88' lang='lat' dir='ltr'>maior</span> <span class='ocrx_word' id='word_1_163' title='bbox 277 1999 367 2064; x_wconf 90' lang='lat' dir='ltr'>quarn</span> <span class='ocrx_word' id='word_1_164' title='bbox 385 1986 602 2062; x_wconf 91' lang='lat' dir='ltr'>quinquaginta</span> <span class='ocrx_word' id='word_1_165' title='bbox 616 1987 754 2062; x_wconf 89' lang='lat' dir='ltr'>iugerum</span> <span class='ocrx_word' id='word_1_166' title='bbox 768 1987 837 2063; x_wconf 91' lang='lat' dir='ltr'>agri</span> <span class='ocrx_word' id='word_1_167' title='bbox 854 1985 966 2046; x_wconf 91' lang='lat' dir='ltr'>modus</span> <span class='ocrx_word' id='word_1_168' title='bbox 981 1989 1081 2044; x_wconf 74' lang='lat' dir='ltr'>esset</span> <span class='ocrx_word' id='word_1_169' title='bbox 1106 1999 1150 2044; x_wconf 79' lang='lat' dir='ltr'>se</span> 
     </span>
     <span class='ocr_line' id='line_1_22' title="bbox 164 2067 1149 2146; baseline -0.002 -18"><span class='ocrx_word' id='word_1_170' title='bbox 164 2076 305 2132; x_wconf 89' lang='lat' dir='ltr'>natorum</span> <span class='ocrx_word' id='word_1_171' title='bbox 326 2071 458 2132; x_wconf 89' lang='lat' dir='ltr'>omnium</span> <span class='ocrx_word' id='word_1_172' title='bbox 479 2072 594 2146; x_wconf 90' lang='lat' dir='ltr'>quique</span> <span class='ocrx_word' id='word_1_173' title='bbox 608 2071 802 2146; x_wconf 86' lang='lat' dir='ltr'>magistratus</span> <span class='ocrx_word' id='word_1_174' title='bbox 819 2069 944 2146; x_wconf 81' lang='lat' dir='ltr'>Capuae</span> <span class='ocrx_word' id='word_1_175' title='bbox 957 2069 1084 2129; x_wconf 83' lang='lat' dir='ltr'>Atellae</span> <span class='ocrx_word' id='word_1_176' title='bbox 1100 2067 1149 2128; x_wconf 89' lang='lat' dir='ltr'>Co·</span> 
     </span>
     <span class='ocr_line' id='line_1_23' title="bbox 164 2152 1149 2231; baseline -0.001 -20"><span class='ocrx_word' id='word_1_177' title='bbox 164 2153 253 2214; x_wconf 89' lang='lat' dir='ltr'>latiae</span> <span class='ocrx_word' id='word_1_178' title='bbox 263 2155 435 2230; x_wconf 85' lang='lat' dir='ltr'>gessissent</span> <span class='ocrx_word' id='word_1_179' title='bbox 444 2155 526 2216; x_wconf 90' lang='lat' dir='ltr'>bona</span> <span class='ocrx_word' id='word_1_180' title='bbox 536 2156 641 2214; x_wconf 89' lang='lat' dir='ltr'>venire</span> <span class='ocrx_word' id='word_1_181' title='bbox 649 2153 771 2231; x_wconf 88' lang='lat' dir='ltr'>Capuae</span> <span class='ocrx_word' id='word_1_182' title='bbox 781 2153 955 2224; x_wconf 67' lang='lat' dir='ltr'>iusserunt,</span> <span class='ocrx_word' id='word_1_183' title='bbox 970 2152 1074 2213; x_wconf 89' lang='lat' dir='ltr'>libera</span> <span class='ocrx_word' id='word_1_184' title='bbox 1085 2169 1149 2212; x_wconf 87' lang='lat' dir='ltr'>cor-</span> 
     </span>
     <span class='ocr_line' id='line_1_24' title="bbox 165 2236 1151 2314; baseline -0.002 -18"><span class='ocrx_word' id='word_1_185' title='bbox 165 2253 250 2312; x_wconf 89' lang='lat' dir='ltr'>pora,</span> <span class='ocrx_word' id='word_1_186' title='bbox 267 2255 345 2313; x_wconf 89' lang='lat' dir='ltr'>quae</span> <span class='ocrx_word' id='word_1_187' title='bbox 359 2254 471 2300; x_wconf 90' lang='lat' dir='ltr'>venum</span> <span class='ocrx_word' id='word_1_188' title='bbox 486 2239 552 2298; x_wconf 88' lang='lat' dir='ltr'>dari</span> <span class='ocrx_word' id='word_1_189' title='bbox 568 2239 732 2314; x_wconf 84' lang='lat' dir='ltr'>placuerat,</span> <span class='ocrx_word' id='word_1_190' title='bbox 747 2239 877 2299; x_wconf 88' lang='lat' dir='ltr'>Romam</span> <span class='ocrx_word' id='word_1_191' title='bbox 892 2236 969 2297; x_wconf 90' lang='lat' dir='ltr'>mitti</span> <span class='ocrx_word' id='word_1_192' title='bbox 985 2237 1151 2298; x_wconf 87' lang='lat' dir='ltr'>acRomae</span> 
     </span>
     <span class='ocr_line' id='line_1_25' title="bbox 164 2321 1148 2399; baseline 0.001 -21"><span class='ocrx_word' id='word_1_193' title='bbox 164 2321 278 2381; x_wconf 89' lang='lat' dir='ltr'>venire.</span> <span class='ocrx_word' id='word_1_194' title='bbox 301 2323 398 2399; x_wconf 86' lang='lat' dir='ltr'>signa,</span> <span class='ocrx_word' id='word_1_195' title='bbox 414 2329 529 2384; x_wconf 88' lang='lat' dir='ltr'>statuas</span> <span class='ocrx_word' id='word_1_196' title='bbox 545 2337 667 2398; x_wconf 87' lang='lat' dir='ltr'>aeneas,</span> <span class='ocrx_word' id='word_1_197' title='bbox 687 2338 768 2398; x_wconf 87' lang='lat' dir='ltr'>quae</span> <span class='ocrx_word' id='word_1_198' title='bbox 783 2329 874 2399; x_wconf 87' lang='lat' dir='ltr'>capta</span> <span class='ocrx_word' id='word_1_199' title='bbox 888 2323 928 2382; x_wconf 94' lang='lat' dir='ltr'>de</span> <span class='ocrx_word' id='word_1_200' title='bbox 942 2321 1090 2384; x_wconf 88' lang='lat' dir='ltr'>hostibus</span> <span class='ocrx_word' id='word_1_201' title='bbox 1106 2321 1148 2381; x_wconf 94' lang='lat' dir='ltr'>di·</span> 
     </span>
     <span class='ocr_line' id='line_1_26' title="bbox 165 2405 1150 2482; baseline 0.003 -20"><span class='ocrx_word' id='word_1_202' title='bbox 165 2411 311 2480; x_wconf 82' lang='lat' dir='ltr'>cenentur,</span> <span class='ocrx_word' id='word_1_203' title='bbox 334 2422 414 2482; x_wconf 90' lang='lat' dir='ltr'>quae</span> <span class='ocrx_word' id='word_1_204' title='bbox 429 2422 534 2468; x_wconf 91' lang='lat' dir='ltr'>eorum</span> <span class='ocrx_word' id='word_1_205' title='bbox 549 2423 638 2467; x_wconf 90' lang='lat' dir='ltr'>sacra</span> <span class='ocrx_word' id='word_1_206' title='bbox 652 2422 689 2467; x_wconf 89' lang='lat' dir='ltr'>ac</span> <span class='ocrx_word' id='word_1_207' title='bbox 703 2407 833 2482; x_wconf 82' lang='lat' dir='ltr'>prolana</span> <span class='ocrx_word' id='word_1_208' title='bbox 848 2411 968 2480; x_wconf 89' lang='lat' dir='ltr'>essent,</span> <span class='ocrx_word' id='word_1_209' title='bbox 991 2406 1033 2467; x_wconf 91' lang='lat' dir='ltr'>ad</span> <span class='ocrx_word' id='word_1_210' title='bbox 1051 2405 1150 2482; x_wconf 92' lang='lat' dir='ltr'>ponti-</span> 
     </span>
     <span class='ocr_line' id='line_1_27' title="bbox 166 2486 1149 2566; baseline 0.002 -20"><span class='ocrx_word' id='word_1_211' title='bbox 166 2486 256 2548; x_wconf 84' lang='lat' dir='ltr'>ficum</span> <span class='ocrx_word' id='word_1_212' title='bbox 277 2490 437 2566; x_wconf 81' lang='lat' dir='ltr'>collegium</span> <span class='ocrx_word' id='word_1_213' title='bbox 457 2490 636 2550; x_wconf 89' lang='lat' dir='ltr'>reiecerunt.</span> <span class='ocrx_word' id='word_1_214' title='bbox 669 2491 709 2550; x_wconf 91' lang='lat' dir='ltr'>ob</span> <span class='ocrx_word' id='word_1_215' title='bbox 724 2490 802 2552; x_wconf 88' lang='lat' dir='ltr'>haec</span> <span class='ocrx_word' id='word_1_216' title='bbox 816 2491 941 2550; x_wconf 90' lang='lat' dir='ltr'>decreta</span> <span class='ocrx_word' id='word_1_217' title='bbox 962 2491 1149 2552; x_wconf 88' lang='lat' dir='ltr'>maestiores</span> 
     </span>
     <span class='ocr_line' id='line_1_28' title="bbox 165 2570 1151 2650; baseline 0.005 -23"><span class='ocrx_word' id='word_1_218' title='bbox 165 2570 329 2646; x_wconf 88' lang='lat' dir='ltr'>aliquanto,</span> <span class='ocrx_word' id='word_1_219' title='bbox 347 2590 437 2649; x_wconf 89' lang='lat' dir='ltr'>quam</span> <span class='ocrx_word' id='word_1_220' title='bbox 451 2574 579 2635; x_wconf 87' lang='lat' dir='ltr'>Romam</span> <span class='ocrx_word' id='word_1_221' title='bbox 593 2581 748 2650; x_wconf 79' lang='lat' dir='ltr'>venerant,</span> <span class='ocrx_word' id='word_1_222' title='bbox 768 2575 941 2650; x_wconf 88' lang='lat' dir='ltr'>Campanos</span> <span class='ocrx_word' id='word_1_223' title='bbox 958 2574 1151 2635; x_wconf 88' lang='lat' dir='ltr'>dimiserunt</span> 
     </span>
     <span class='ocr_line' id='line_1_29' title="bbox 166 2654 1150 2751; baseline 0.004 -40"><span class='ocrx_word' id='word_1_224' title='bbox 166 2668 223 2712; x_wconf 88' lang='lat' dir='ltr'>nec</span> <span class='ocrx_word' id='word_1_225' title='bbox 238 2654 296 2713; x_wconf 92' lang='lat' dir='ltr'>iam</span> <span class='ocrx_word' id='word_1_226' title='bbox 309 2655 447 2729; x_wconf 82' lang='lat' dir='ltr'>Q.Fulvii</span> <span class='ocrx_word' id='word_1_227' title='bbox 461 2659 621 2718; x_wconf 87' lang='lat' dir='ltr'>saeviliam</span> <span class='ocrx_word' id='word_1_228' title='bbox 635 2659 663 2718; x_wconf 93' lang='lat' dir='ltr'>in</span> <span class='ocrx_word' id='word_1_229' title='bbox 680 2674 761 2733; x_wconf 90' lang='lat' dir='ltr'>sese,</span> <span class='ocrx_word' id='word_1_230' title='bbox 777 2658 835 2718; x_wconf 92' lang='lat' dir='ltr'>sed</span> <span class='ocrx_word' id='word_1_231' title='bbox 850 2659 1043 2733; x_wconf 87' lang='lat' dir='ltr'>iniquitatem</span> <span class='ocrx_word' id='word_1_232' title='bbox 1060 2660 1150 2751; x_wconf 66' lang='lat' dir='ltr'>deum</span> 
     </span>
     <span class='ocr_line' id='line_1_30' title="bbox 166 2739 965 2810; baseline 0.009 -15"><span class='ocrx_word' id='word_1_233' title='bbox 166 2743 257 2810; x_wconf 89' lang='lat' dir='ltr'>atque</span> <span class='ocrx_word' id='word_1_234' title='bbox 272 2739 491 2802; x_wconf 89' lang='lat' dir='ltr'>exsecrabilem</span> <span class='ocrx_word' id='word_1_235' title='bbox 507 2743 656 2802; x_wconf 82' lang='lat' dir='ltr'>fortunam</span> <span class='ocrx_word' id='word_1_236' title='bbox 671 2759 759 2803; x_wconf 91' lang='lat' dir='ltr'>suam</span> <span class='ocrx_word' id='word_1_237' title='bbox 774 2743 965 2804; x_wconf 89' lang='lat' dir='ltr'>incusabant.</span> 
     </span>
    </p>

    <p class='ocr_par' dir='ltr' id='par_1_3' title="bbox 166 2819 1150 3071">
     <span class='ocr_line' id='line_1_31' title="bbox 249 2819 1150 2907; baseline 0.003 -26"><span class='ocrx_word' id='word_1_238' title='bbox 249 2819 369 2882; x_wconf 85' lang='lat' dir='ltr'><strong>XXXV.</strong></span> <span class='ocrx_word' id='word_1_239' title='bbox 389 2824 529 2886; x_wconf 86' lang='lat' dir='ltr'>Dimissis</span> <span class='ocrx_word' id='word_1_240' title='bbox 545 2826 656 2886; x_wconf 89' lang='lat' dir='ltr'>Siculis</span> <span class='ocrx_word' id='word_1_241' title='bbox 671 2827 900 2902; x_wconf 87' lang='lat' dir='ltr'>Campanisque</span> <span class='ocrx_word' id='word_1_242' title='bbox 915 2827 1048 2907; x_wconf 85' lang='lat' dir='ltr'>dilectus</span> <span class='ocrx_word' id='word_1_243' title='bbox 1064 2825 1150 2886; x_wconf 88' lang='lat' dir='ltr'>habi-</span> 
     </span>
     <span class='ocr_line' id='line_1_32' title="bbox 167 2905 1148 2988; baseline 0.005 -27"><span class='ocrx_word' id='word_1_244' title='bbox 167 2907 226 2962; x_wconf 91' lang='lat' dir='ltr'>tus.</span> <span class='ocrx_word' id='word_1_245' title='bbox 247 2905 361 2979; x_wconf 88' lang='lat' dir='ltr'>scripto</span> <span class='ocrx_word' id='word_1_246' title='bbox 374 2907 484 2968; x_wconf 89' lang='lat' dir='ltr'>deinde</span> <span class='ocrx_word' id='word_1_247' title='bbox 499 2911 635 2971; x_wconf 88' lang='lat' dir='ltr'>exercitu</span> <span class='ocrx_word' id='word_1_248' title='bbox 650 2911 689 2970; x_wconf 93' lang='lat' dir='ltr'>de</span> <span class='ocrx_word' id='word_1_249' title='bbox 700 2911 849 2988; x_wconf 81' lang='lat' dir='ltr'>remigum</span> <span class='ocrx_word' id='word_1_250' title='bbox 864 2913 1084 2988; x_wconf 91' lang='lat' dir='ltr'>supplemento</span> <span class='ocrx_word' id='word_1_251' title='bbox 1100 2909 1148 2984; x_wconf 87' lang='lat' dir='ltr'>agi</span> 
     </span>
     <span class='ocr_line' id='line_1_33' title="bbox 166 2989 1149 3071; baseline 0.006 -25"><span class='ocrx_word' id='word_1_252' title='bbox 166 2994 325 3062; x_wconf 86' lang='lat' dir='ltr'>coeptum;</span> <span class='ocrx_word' id='word_1_253' title='bbox 349 2989 377 3049; x_wconf 95' lang='lat' dir='ltr'>in</span> <span class='ocrx_word' id='word_1_254' title='bbox 400 3009 491 3067; x_wconf 91' lang='lat' dir='ltr'>quam</span> <span class='ocrx_word' id='word_1_255' title='bbox 509 3009 574 3054; x_wconf 91' lang='lat' dir='ltr'>rem</span> <span class='ocrx_word' id='word_1_256' title='bbox 596 3009 665 3054; x_wconf 89' lang='lat' dir='ltr'>eum</span> <span class='ocrx_word' id='word_1_257' title='bbox 685 3011 786 3071; x_wconf 90' lang='lat' dir='ltr'>neque</span> <span class='ocrx_word' id='word_1_258' title='bbox 805 2995 963 3056; x_wconf 89' lang='lat' dir='ltr'>hominum</span> <span class='ocrx_word' id='word_1_259' title='bbox 978 2995 1072 3070; x_wconf 91' lang='lat' dir='ltr'>satis,</span> <span class='ocrx_word' id='word_1_260' title='bbox 1092 3008 1149 3052; x_wconf 90' lang='lat' dir='ltr'>nec</span> 
     </span>
    </p>
   </div>
   <div class='ocr_carea' id='block_1_3' title="bbox 77 3077 1148 3155">
    <p class='ocr_par' dir='ltr' id='par_1_4' title="bbox 77 3077 1148 3155">
     <span class='ocr_line' id='line_1_34' title="bbox 77 3077 1148 3155; baseline 0.002 -22"><span class='ocrx_word' id='word_1_261' title='bbox 77 3139 81 3144; x_wconf 65' lang='grc'><em>,</em></span> <span class='ocrx_word' id='word_1_262' title='bbox 166 3083 204 3128; x_wconf 83' lang='lat' dir='ltr'>ex</span> <span class='ocrx_word' id='word_1_263' title='bbox 226 3088 287 3145; x_wconf 89' lang='lat' dir='ltr'>qua</span> <span class='ocrx_word' id='word_1_264' title='bbox 307 3083 487 3148; x_wconf 87' lang='lat' dir='ltr'>pararentur</span> <span class='ocrx_word' id='word_1_265' title='bbox 507 3077 756 3154; x_wconf 88' lang='lat' dir='ltr'>stipendiumque</span> <span class='ocrx_word' id='word_1_266' title='bbox 777 3079 969 3155; x_wconf 89' lang='lat' dir='ltr'>acciperent,</span> <span class='ocrx_word' id='word_1_267' title='bbox 997 3078 1148 3155; x_wconf 88' lang='lat' dir='ltr'>pecuniae</span> 
     </span>
    </p>
   </div>
   <div class='ocr_carea' id='block_1_4' title="bbox 166 3153 1147 3568">
    <p class='ocr_par' dir='ltr' id='par_1_5' title="bbox 166 3153 1147 3568">
     <span class='ocr_line' id='line_1_35' title="bbox 167 3153 1147 3238; baseline 0.005 -24"><span class='ocrx_word' id='word_1_268' title='bbox 167 3153 329 3232; x_wconf 89' lang='lat' dir='ltr'>quicquam</span> <span class='ocrx_word' id='word_1_269' title='bbox 344 3173 380 3218; x_wconf 90' lang='lat' dir='ltr'>ea</span> <span class='ocrx_word' id='word_1_270' title='bbox 394 3165 575 3236; x_wconf 84' lang='lat' dir='ltr'>tempestate</span> <span class='ocrx_word' id='word_1_271' title='bbox 588 3161 618 3222; x_wconf 93' lang='lat' dir='ltr'>in</span> <span class='ocrx_word' id='word_1_272' title='bbox 635 3162 758 3238; x_wconf 90' lang='lat' dir='ltr'>publico</span> <span class='ocrx_word' id='word_1_273' title='bbox 774 3170 873 3238; x_wconf 89' lang='lat' dir='ltr'>esset,</span> <span class='ocrx_word' id='word_1_274' title='bbox 896 3163 1061 3224; x_wconf 91' lang='lat' dir='ltr'>edixerunt</span> <span class='ocrx_word' id='word_1_275' title='bbox 1075 3177 1147 3222; x_wconf 92' lang='lat' dir='ltr'>con-</span> 
     </span>
     <span class='ocr_line' id='line_1_36' title="bbox 167 3238 1146 3335; baseline 0.009 -39"><span class='ocrx_word' id='word_1_276' title='bbox 167 3238 266 3335; x_wconf 80' lang='lat' dir='ltr'>sules,</span> <span class='ocrx_word' id='word_1_277' title='bbox 287 3245 319 3300; x_wconf 95' lang='lat' dir='ltr'>ut</span> <span class='ocrx_word' id='word_1_278' title='bbox 333 3242 473 3317; x_wconf 89' lang='lat' dir='ltr'>privatim</span> <span class='ocrx_word' id='word_1_279' title='bbox 494 3261 533 3305; x_wconf 88' lang='lat' dir='ltr'>ex</span> <span class='ocrx_word' id='word_1_280' title='bbox 547 3261 642 3305; x_wconf 86' lang='lat' dir='ltr'>censu</span> <span class='ocrx_word' id='word_1_281' title='bbox 663 3247 887 3324; x_wconf 87' lang='lat' dir='ltr'>ordinibusque</span> <span class='ocrx_word' id='word_1_282' title='bbox 900 3248 980 3308; x_wconf 90' lang='lat' dir='ltr'>sicut</span> <span class='ocrx_word' id='word_1_283' title='bbox 995 3254 1084 3308; x_wconf 89' lang='lat' dir='ltr'>antea</span> <span class='ocrx_word' id='word_1_284' title='bbox 1099 3260 1146 3305; x_wconf 89' lang='lat' dir='ltr'>rc-</span> 
     </span>
     <span class='ocr_line' id='line_1_37' title="bbox 166 3323 1145 3417; baseline 0.009 -39"><span class='ocrx_word' id='word_1_285' title='bbox 166 3336 262 3417; x_wconf 76' lang='lat' dir='ltr'>mrges</span> <span class='ocrx_word' id='word_1_286' title='bbox 283 3323 390 3387; x_wconf 88' lang='lat' dir='ltr'>darent</span> <span class='ocrx_word' id='word_1_287' title='bbox 403 3342 471 3386; x_wconf 87' lang='lat' dir='ltr'>cum</span> <span class='ocrx_word' id='word_1_288' title='bbox 493 3328 645 3404; x_wconf 89' lang='lat' dir='ltr'>stipendio</span> <span class='ocrx_word' id='word_1_289' title='bbox 667 3331 854 3408; x_wconf 90' lang='lat' dir='ltr'>cibariisque</span> <span class='ocrx_word' id='word_1_290' title='bbox 876 3332 995 3393; x_wconf 90' lang='lat' dir='ltr'>dierum</span> <span class='ocrx_word' id='word_1_291' title='bbox 1016 3331 1145 3406; x_wconf 83' lang='lat' dir='ltr'>triginta.</span> 
     </span>
     <span class='ocr_line' id='line_1_38' title="bbox 166 3404 1144 3501; baseline 0.009 -39"><span class='ocrx_word' id='word_1_292' title='bbox 166 3404 251 3501; x_wconf 79' lang='lat' dir='ltr'>adid</span> <span class='ocrx_word' id='word_1_293' title='bbox 266 3405 397 3467; x_wconf 90' lang='lat' dir='ltr'>edictum</span> <span class='ocrx_word' id='word_1_294' title='bbox 411 3417 512 3471; x_wconf 89' lang='lat' dir='ltr'>tantus</span> <span class='ocrx_word' id='word_1_295' title='bbox 528 3412 662 3474; x_wconf 74' lang='lat' dir='ltr'>fremitus</span> <span class='ocrx_word' id='word_1_296' title='bbox 682 3414 854 3492; x_wconf 90' lang='lat' dir='ltr'>hominum,</span> <span class='ocrx_word' id='word_1_297' title='bbox 875 3421 958 3476; x_wconf 86' lang='lat' dir='ltr'>tanta</span> <span class='ocrx_word' id='word_1_298' title='bbox 977 3413 1144 3490; x_wconf 79' lang='lat' dir='ltr'>indignatio</span> 
     </span>
     <span class='ocr_line' id='line_1_39' title="bbox 167 3485 1142 3568; baseline 0.014 -25"><span class='ocrx_word' id='word_1_299' title='bbox 167 3485 229 3559; x_wconf 80' lang='lat' dir='ltr'>furt,</span> <span class='ocrx_word' id='word_1_300' title='bbox 243 3493 277 3547; x_wconf 92' lang='lat' dir='ltr'>ut</span> <span class='ocrx_word' id='word_1_301' title='bbox 290 3504 377 3564; x_wconf 85' lang='lat' dir='ltr'>mage</span> <span class='ocrx_word' id='word_1_302' title='bbox 392 3493 454 3553; x_wconf 86' lang='lat' dir='ltr'>dux</span> <span class='ocrx_word' id='word_1_303' title='bbox 470 3510 560 3568; x_wconf 89' lang='lat' dir='ltr'>quam</span> <span class='ocrx_word' id='word_1_304' title='bbox 575 3497 700 3557; x_wconf 88' lang='lat' dir='ltr'>materia</span> <span class='ocrx_word' id='word_1_305' title='bbox 715 3499 858 3560; x_wconf 87' lang='lat' dir='ltr'>seditioni</span> <span class='ocrx_word' id='word_1_306' title='bbox 874 3500 1010 3560; x_wconf 86' lang='lat' dir='ltr'>deesset.</span> <span class='ocrx_word' id='word_1_307' title='bbox 1036 3512 1142 3558; x_wconf 88' lang='lat' dir='ltr'>sccun-</span> 
     </span>
    </p>
   </div>
   <div class='ocr_carea' id='block_1_5' title="bbox 0 0 1220 3892">
    <p class='ocr_par' dir='ltr' id='par_1_6' title="bbox 0 0 1220 3892">
     <span class='ocr_line' id='line_1_40' title="bbox 0 0 1220 3892; baseline 0 0"><span class='ocrx_word' id='word_1_308' title='bbox 0 0 1220 3892; x_wconf 95' lang='lat' dir='ltr'> </span> 
     </span>
    </p>
   </div>
  </div>
 </body>
</html>
