2428 3892
92 163 204 226 LIBER
218 161 323 224 XXVI.
346 162 539 224 mecam
562 166 646 236 [aa.
660 169 757 224 usta.
772 167 833 221 ec
856 169 919 234 aro]
965 161 1025 228 131

53 312 226 374 obviahosti
237 317 416 389 posuerunt
431 312 542 373 nuntiis
555 312 593 372 ad
600 311 772 389 Philippum
784 311 896 388 missis,
910 322 1024 391 quantu

51 413 97 457 res
106 398 136 460 in
149 397 325 460 discrimine
338 403 431 470 esset,
447 396 584 458 omittere
595 395 765 474 Philippum
780 398 811 458 id
825 399 908 473 quod
920 400 949 458 in
962 415 1024 460 ma·
1083 441 1085 446 -
1114 419 1117 426 ⁴

49 481 133 542 nibus
153 487 219 542 erat
233 489 401 556 coegeramt
414 480 526 544 bellum
540 479 747 560 lamphoryna
759 497 817 558 por
837 482 1023 544 deditionem

49 571 166 640 recepta
179 571 210 625 et
223 580 378 641 prospero
393 564 453 626 allo
469 580 743 628 successurorum.
776 567 954 628 Aetolorum
969 567 1023 627 im·

50 655 145 724 petum
159 649 335 710 tardaverat
347 649 448 724 primo
469 649 686 710 coniurationis
702 650 783 710 tama
795 651 1022 722 Acarnanicae

51 733 153 792 deinde
166 734 291 794 auditus
303 732 434 809 Philippi
449 733 601 794 adventus
616 734 737 810 regredi
751 733 842 795 etiam
856 735 885 794 in
901 736 1023 796 intimos

49 816 139 892 coegit
153 817 243 878 lines.
266 832 324 878 neo
331 816 500 894 Philippus,
517 833 710 895 quamquam,
726 833 765 878 ne
780 819 1024 895 opprimerentur

49 901 226 976 Acarnanes,
240 901 399 961 itineribus
411 901 530 976 mugnis
542 900 625 977 ierat,
638 902 715 964 ultra
723 902 808 961 litum
821 910 868 964 est
879 919 1021 980 progres-

51 999 105 1044 sus.
125 983 205 1058 inde,
222 1000 295 1046 oum
310 985 447 1046 audisset
460 985 590 1046 reditum
600 987 778 1046 Aetolorum
792 1001 831 1046 ex
839 988 1021 1064 Acarnania,

51 1067 149 1144 etipse
163 1068 280 1128 Pellam
295 1069 393 1129 rediit.
437 1069 545 1128 XXVI.
570 1069 722 1130 Laevinus
737 1071 819 1130 veris
835 1072 987 1148 principio
1003 1090 1022 1132 a

53 1150 172 1228 Corcyra
185 1154 348 1228 proiectus
363 1153 494 1213 navibus
509 1159 654 1230 superato
665 1153 798 1214 Leucata
812 1157 1021 1230 promuntorio

52 1248 107 1294 cum
125 1237 266 1298 venisset
285 1237 490 1313 Naupactum,
517 1237 694 1314 Anticyram
715 1237 787 1296 inde
805 1253 839 1298 se
861 1239 1020 1314 petiuuum

58 1317 141 1392 aliut
157 1327 190 1382 ut
202 1329 332 1398 praesto
348 1321 389 1382 ibi
404 1321 523 1398 Scopas
536 1322 701 1397 Aetolique
717 1329 831 1381 essent.
863 1324 922 1382 sita
935 1325 1020 1400 Anti-

59 1415 117 1480 cyra
135 1412 182 1464 est
196 1405 228 1464 in
243 1405 376 1468 Locride
397 1406 487 1466 laeva
508 1412 594 1481 parte
616 1405 716 1465 sinum
731 1404 953 1467 Corinthiacum
976 1408 1019 1466 in-

57 1486 136 1546 trautl.
165 1488 264 1550 breve
280 1497 361 1552 terra
374 1491 431 1550 iter
445 1505 499 1562 eo,
520 1488 624 1550 brevis
639 1489 793 1565 navigatio
809 1490 847 1549 ub
861 1491 1020 1567 Naupacto

54 1576 98 1629 cst.
123 1572 207 1634 tertio
223 1574 321 1634 terme
332 1579 409 1649 post
422 1573 472 1633 die
486 1573 636 1648 utrimque
651 1574 824 1650 oppugnari
838 1581 949 1651 coepta
963 1582 1018 1635 est.

54 1655 159 1725 gravior
172 1674 191 1716 a
204 1658 285 1718 mari
306 1658 493 1735 oppugnatio
515 1665 590 1731 crat,
613 1658 686 1734 quia
699 1664 730 1718 et
743 1665 893 1720 tonnenta
906 1659 1020 1719 maehi-

53 1751 157 1815 uaeque
177 1741 280 1802 omnis
294 1742 417 1818 generis
437 1742 467 1801 iu
483 1741 613 1802 navibus
634 1748 733 1817 erant,
755 1750 786 1801 et
799 1743 928 1804 Romani
948 1745 1019 1803 inde

55 1824 269 1898 oppugnabant.
300 1826 403 1902 itaque
425 1826 502 1886 intra
517 1841 635 1902 paucos
651 1826 716 1886 dles
732 1835 856 1903 recepta
875 1827 948 1887 urbs
964 1843 1020 1903 per

55 1903 221 1970 deditionem
229 1910 349 1971 Aetolis
360 1910 497 1985 traditur,
512 1911 628 1986 praeda
643 1925 682 1970 cx
693 1911 937 1986 puotollomanis
952 1925 1018 1970 ces-

53 1986 91 2046 sit
110 1991 236 2069 Litterae
243 1994 381 2055 Laevino
393 1993 531 2054 redditae
543 1994 700 2054 consulem
712 2008 781 2054 eum
796 1993 953 2054 absentem
965 1993 1018 2054 de·

55 2071 190 2153 claratum,
202 2085 234 2140 et
244 2093 460 2139 successorem
469 2078 611 2138 venireP.
619 2077 797 2154 Sulpicium.
813 2076 1015 2137 ceterumdiu-

55 2159 127 2217 turno
135 2159 292 2223 ibimorbo
304 2163 467 2240 implicitus
475 2162 574 2223 serius
583 2177 640 2237 spe
649 2160 917 2222 omniumRomam
925 2163 1017 2222 venit.

122 2242 161 2302 M.
174 2245 342 2308 Marcellus
358 2263 427 2309 cum
446 2246 547 2307 idibus
560 2245 678 2306 Martiis
693 2246 884 2306 consulatum
900 2245 1017 2317 inisset,

55 2333 174 2387 senatum
190 2346 228 2391 eo
245 2331 298 2392 die
311 2330 406 2391 moris
420 2331 513 2392 modo
530 2345 626 2390 causa
640 2326 752 2400 habuit,
768 2329 930 2405 protessus
944 2327 1017 2388 nihil

56 2420 82 2463 sc
95 2409 214 2473 absente
230 2415 351 2490 collega
364 2429 466 2490 noque
481 2413 520 2474 de
534 2429 568 2473 re
583 2413 707 2489 publicu
724 2429 825 2489 noque
839 2413 878 2472 de
893 2412 1017 2488 provin-

57 2487 99 2550 ciis
113 2503 257 2559 acturum.
278 2499 358 2559 seire
373 2513 409 2558 se
423 2500 600 2572 aequantes
617 2496 737 2558 Siculos
753 2512 852 2572 prope
866 2497 972 2569 urbem
988 2497 1017 2555 in

55 2570 118 2636 ciliis
138 2579 375 2644 obtrectatorum
396 2597 523 2643 suorum
538 2595 627 2650 esse;
650 2581 761 2655 quibus
776 2586 891 2641 mutum
906 2580 1019 2640 abesse

56 2662 82 2745 tlt
94 2674 144 2731 per
156 2681 190 2724 se
204 2683 267 2728 non
283 2668 373 2726 liceat
387 2669 489 2741 palam
503 2667 620 2725 Romae
635 2664 761 2724 crimina
776 2665 871 2739 edita,
893 2664 964 2724 fleta
979 2665 1017 2724 ab

56 2739 181 2819 mimicis,
199 2751 341 2825 vulgare,
356 2757 406 2826 ut,
421 2750 452 2809 ni
467 2749 646 2810 simularent
660 2747 791 2822 aliquem
807 2749 865 2808 sibi
882 2749 1017 2809 timorem

58 2821 165 2889 absente
179 2835 298 2910 collega
307 2835 430 2895 dicendi
442 2833 481 2892 de
492 2833 619 2893 conside
630 2845 709 2901 csse,
727 2831 795 2906 ipse
806 2833 851 2892 eis
864 2832 1017 2906 extemplo

57 2900 164 2973 daturus
179 2925 317 2979 senatum
335 2918 434 2978 tuerit.
456 2915 508 2978 ubi
525 2915 648 2991 quidem
664 2915 782 2990 collega
795 2917 940 2989 arcuisset,
956 2929 1017 2974 nou

57 2999 200 3078 lassorum
215 3001 380 3078 quiequam
397 3002 482 3077 prius
498 3000 555 3074 agi,
572 3015 663 3073 quam
677 3005 711 3058 ut
726 2997 819 3058 Siculi
834 3000 864 3057 in
880 3003 1018 3058 senatum

59 3076 274 3146 introducantur.
311 3085 456 3145 dilectum
478 3098 577 3158 prope
598 3081 670 3140 aM.
687 3081 826 3142 Cornelio
850 3098 905 3156 per
924 3086 1017 3139 totam

59 3149 169 3222 Siciliam
183 3166 328 3243 habitum,
344 3177 377 3230 ut
393 3183 485 3244 quam
500 3165 621 3241 plurimi
637 3172 778 3240 questum
793 3165 832 3223 de
843 3180 878 3223 se
889 3165 1015 3222 Romam

62 3243 190 3320 venirent;
210 3252 343 3314 eundem
358 3251 465 3312 litteris
483 3250 568 3309 lelsis
582 3249 689 3309 urbem
703 3249 849 3322 implesse
860 3246 972 3304 bellum
985 3242 1016 3299 in

62 3315 233 3409 Sicilienses,
250 3345 285 3398 ut
299 3352 388 3396 suam
401 3335 523 3396 laudem
539 3332 661 3392 minuat.
684 3329 832 3392 moderati
846 3326 936 3386 animi
950 3325 1015 3398 glo-

63 3400 120 3468 l'lun
139 3429 173 3472 eo
193 3419 242 3481 die
262 3421 395 3496 adeptus
419 3418 528 3479 consul
548 3423 686 3476 senatum
707 3412 834 3554 dimiosits
860 3427 897 3470 8⁰
916 3421 1016 3484 Pr⁰l³⁰
