2428 3892
237 211 352 274 LtBER
365 211 485 272 xxvn.
510 209 594 271 cAP.
611 221 637 274 r.
653 220 679 272 r.
703 217 740 284 [a.
759 218 791 269 c.
807 217 872 284 aro]
982 211 1041 278 161

43 368 146 428 sitam
162 364 285 441 ingenio
301 363 389 426 ducis
404 361 536 440 augebat
550 379 625 440 spes
641 379 693 440 ea,
716 365 802 442 quod
816 366 919 427 labare
934 366 972 428 iis
987 368 1042 430 ad-

44 465 168 510 versus
182 449 317 510 Poenum
332 448 424 508 fidem
439 454 587 522 senserat,
609 455 773 524 postquam
788 448 913 526 Salapia
927 452 1042 512 amissa

42 534 237 596 excessisse
257 533 295 594 iis
316 532 394 592 locis
415 532 446 591 in
459 532 593 594 Bruttios
609 533 808 595 Hannibalem
829 535 965 596 auditum
983 543 1042 598 est.

42 635 87 679 ea
104 617 214 680 omnia
228 617 266 676 ab
274 617 439 678 Herdonea
454 631 510 692 per
525 618 663 677 occultos
677 617 800 678 nuntios
815 618 917 680 delata
926 619 1041 682 llanni·

44 703 114 763 bali
138 701 231 763 sbnul
252 717 355 762 curam
369 702 474 762 sociae
494 700 672 762 retinendae
692 700 778 763 urbis
793 709 824 762 et
837 719 925 778 spem
939 704 1041 766 iecere

45 787 210 848 incautum
231 785 352 846 bostem
368 784 578 860 adgrediendi.
609 786 745 846 exercitu
765 787 924 862 expedito,
945 787 988 849 ita
1009 794 1042 849 ut

47 873 170 932 tantam
191 885 290 946 prope
309 870 517 944 praeveniret,
545 869 663 944 magnis
684 869 842 930 itineribus
861 871 902 931 ad
922 871 1040 934 Herdo-

49 970 146 1016 neam
162 953 332 1028 contendit,
355 960 461 1029 etqua
477 953 547 1029 plus
561 954 687 1014 terroris
701 953 783 1014 hosti
803 953 951 1028 obiceret,
974 956 1041 1017 acie

51 1042 205 1100 instructa
218 1037 359 1099 accessit.
391 1039 458 1114 pari
472 1038 603 1098 audacia
615 1039 782 1110 Romanus,
806 1039 936 1100 consilio
951 1047 983 1101 et
995 1039 1040 1099 vi·

48 1122 143 1186 ribus
157 1122 264 1198 impar,
286 1121 385 1198 copiis
398 1121 509 1198 raptim
524 1122 643 1184 eductis
659 1121 807 1183 conflixit
840 1122 946 1198 quinta
959 1124 1040 1200 legio

49 1215 83 1267 et
97 1206 225 1268 sinistra
239 1207 288 1266 ala
302 1206 412 1266 acriter
425 1222 560 1283 pugnarn
574 1206 714 1268 inierunt.
746 1211 880 1268 ceterum
889 1208 1041 1268 Hannibal

50 1291 147 1367 signo
170 1289 322 1366 equitibus
339 1290 427 1366 dato,
449 1297 497 1364 ut,
520 1306 589 1354 cunr
604 1291 765 1366 pedestres
783 1290 867 1350 acies
890 1306 1039 1368 occupas·

49 1383 125 1436 sent
138 1375 294 1451 praesenti
308 1375 474 1435 certamine
494 1376 603 1436 oculos
624 1373 822 1451 animosque,
845 1373 1040 1436 circumvecti

50 1475 129 1536 pars
152 1463 254 1521 castra
267 1459 402 1520 hostium
424 1475 498 1535 pars
511 1465 598 1535 terga
611 1458 829 1534 trepidantium
851 1459 1039 1532 invaderent,

51 1544 123 1620 ipse
143 1543 174 1603 ln
188 1543 289 1605 Fulvii
309 1543 536 1605 similitudinem
556 1543 703 1617 nominis,
733 1544 805 1618 quia
826 1543 879 1604 Cn.
899 1543 1040 1606 Ftrlvium

53 1634 229 1704 praetorem
249 1628 373 1688 biennio
394 1635 465 1688 ante
487 1628 516 1688 in
537 1627 636 1688 isdem
651 1628 807 1689 devicerat
825 1627 919 1704 locis,
941 1629 1040 1690 incre-

57 1729 149 1788 pans,
173 1711 304 1774 similem
323 1719 466 1774 eventum
487 1727 609 1788 pugnae
630 1712 697 1773 iore
718 1711 908 1774 adfirmabat.
939 1729 1041 1790 neque

57 1812 93 1857 ea
111 1813 187 1874 spes
206 1813 287 1857 vana
307 1796 377 1858 lain
407 1813 477 1857 nam
492 1805 561 1857 cum
575 1795 745 1858 comminus
766 1796 833 1858 acie
854 1803 884 1858 et
904 1798 1040 1874 peditum

56 1881 221 1943 certamine
242 1881 326 1943 multi
346 1881 532 1942 cecidissent
552 1880 776 1956 Romanorum,
804 1887 921 1943 starent
940 1887 1040 1944 mmen

54 1967 182 2028 ordines
198 1966 365 2040 signaque,
388 1965 541 2041 equestris
556 1966 701 2026 tumultus
718 1969 836 2039 atergo
852 1965 942 2027 simul
957 1982 976 2025 a
990 1981 1040 2026 ca·

55 2051 127 2112 stris
142 2051 260 2111 clamor
274 2050 395 2111 hostilis
410 2050 533 2112 auditus
549 2056 668 2109 sextam
683 2054 754 2109 ante
768 2047 937 2125 legionem,
960 2063 1039 2125 quae

54 2135 84 2194 in
99 2135 241 2196 secunda
254 2135 322 2195 acie
337 2134 439 2210 posita
449 2134 534 2210 prior
547 2132 732 2194 abNumidis
746 2131 867 2193 turbata
880 2139 937 2208 est,
953 2133 1038 2210 quin·

55 2228 119 2280 tam
141 2218 256 2278 deinde
276 2226 370 2294 atque
391 2218 516 2293 eosqui
534 2218 576 2277 ad
596 2217 696 2294 prima
709 2217 799 2291 signa
819 2223 906 2278 crant
920 2217 1038 2278 avertit.

53 2319 127 2378 pars
142 2302 174 2362 in
189 2303 293 2379 lugam
308 2300 408 2377 effusi,
428 2318 501 2378 pars
517 2301 547 2362 in
561 2302 663 2363 medio
679 2300 771 2374 caesi,
792 2299 844 2362 ubi
859 2301 972 2377 etipse
986 2300 1039 2361 cn.

53 2387 180 2450 Fulvius
202 2402 270 2448 cum
291 2387 433 2448 undecim
447 2386 576 2447 tribunis
591 2386 718 2447 militum
732 2384 852 2446 cecidit.
885 2386 1039 2447 Romano·

55 2489 122 2534 rum
132 2471 352 2546 sociorumque
364 2477 439 2547 quot
450 2486 544 2532 caesa
554 2471 585 2532 in
600 2487 637 2532 co
649 2469 767 2546 proelio
783 2469 866 2530 milia
880 2470 950 2543 sint,
969 2469 1039 2545 quis

57 2572 111 2632 pro
133 2562 217 2616 certo
239 2555 394 2630 adfirmet,
419 2571 487 2617 curn
502 2555 648 2616 tredecim
662 2553 745 2614 milia
758 2553 847 2628 alibi,
870 2553 942 2615 alibi
956 2553 1040 2615 haud

56 2641 126 2716 plus
148 2656 240 2716 quam
262 2648 381 2716 septem
407 2640 570 2700 inveniam.
610 2639 720 2700 castris
741 2637 920 2714 praedaque
942 2638 1041 2700 victor

57 2725 178 2800 potitur.
214 2724 408 2786 Herdoneam
425 2724 498 2801 quia
512 2731 542 2783 et
556 2723 743 2788 defecturam
758 2723 856 2784 luisse
874 2724 915 2785 ad
928 2723 1040 2786 Roma-

57 2825 115 2870 nos
131 2808 288 2884 comperit,
304 2824 362 2870 nec
375 2824 552 2870 mansuram
566 2807 597 2867 in
609 2807 680 2882 fide,
696 2806 723 2868 si
738 2806 809 2868 inde
823 2807 1039 2882 abscessisset
1155 2883 1157 2888 Ι

57 2893 246 2956 multitudine
268 2893 351 2954 omni
364 2893 575 2970 Metapontum
588 2907 626 2953 ac
639 2892 769 2953 Thurios
783 2891 923 2954 uaducta
937 2892 1040 2954 incan-

59 2979 115 3048 dit;
138 2977 251 3038 occidit
270 2977 442 3053 principes,
464 2976 516 3052 qui
536 2993 605 3037 curn
619 2975 725 3036 Fulvio
745 2976 899 3052 colloquia
920 2978 1041 3039 occulta

59 3061 203 3124 habuisse
218 3063 366 3137 comperti
382 3069 462 3122 sunt
489 3061 629 3135 Romani,
647 3059 697 3134 qui
712 3077 751 3120 ex
766 3067 850 3122 tanta
865 3062 954 3122 clade
968 3077 1040 3121 eva·

61 3153 175 3219 serant,
198 3145 331 3206 diversis
352 3145 509 3206 itineribus
531 3160 699 3206 semermes
720 3145 760 3205 ad
774 3143 952 3206 Marcellum
968 3160 1041 3206 con·-

61 3231 154 3292 sulem
169 3230 199 3290 in
216 3228 372 3290 Samnium
388 3230 594 3306 perfugerant

140 3314 177 3372 ll.
209 3313 374 3376 Marcellus
389 3314 464 3374 nihil
478 3312 644 3375 admodunl
658 3319 741 3374 tanta
755 3313 844 3374 clade
857 3311 979 3374 territus
993 3310 1040 3372 lit-

62 3398 129 3459 teris
135 3399 265 3459 Romam
275 3398 316 3459 ad
325 3405 464 3460 senatum
472 3398 511 3458 de
519 3399 598 3459 duee
609 3403 640 3458 et
650 3397 786 3458 exercitu
798 3397 839 3457 ad
845 3396 1040 3456 Herdoneam

63 3482 172 3544 amisso
187 3482 306 3544 scribit:
329 3491 463 3544 ceterum
478 3483 610 3542 eundem
625 3496 668 3553 se,
693 3479 744 3554 qni
760 3486 833 3554 post
847 3479 1039 3539 Cannensem

102 3583 127 3625 r.
141 3582 202 3625 mur
216 3583 293 3628 raas
305 3567 354 3625 lll.
798 3572 829 3621 tt
