2434 3902
116 175 120 182 ’
184 215 245 282 ets
322 215 438 274 nisan
452 213 574 274 xxvn
596 213 680 274 cnr.
696 221 739 275 eo.
754 223 798 274 a.
822 219 857 286 [ι.
874 217 909 269 n.
926 235 950 269 ο.
965 217 1029 284 aas]

186 387 246 448 que
267 369 386 430 hostem
409 368 558 444 pervenit
591 367 649 427 iter
670 367 738 428 eius
754 367 924 442 frequentia
944 367 1081 442 minore,
1104 369 1173 444 qnia

185 470 274 516 nemo
296 458 512 530 praecesserat
536 451 674 527 nuntius,
709 451 821 512 laetitia
842 467 916 512 vcro
939 458 1038 526 tanta,
1069 451 1123 511 vix
1144 459 1176 511 ut

185 545 345 615 compotes
366 537 512 596 mentium
532 553 608 612 prae
626 536 740 611 gaudio
761 543 882 611 essent,
905 535 1098 596 celebratum
1118 544 1173 596 cst

185 640 255 684 narn
275 623 392 683 Romae
413 628 520 682 neuter
540 620 631 680 animi
652 620 773 681 habitus
795 621 870 681 satis
892 620 953 680 dici
973 635 1176 696 enarraltque

186 711 298 783 potest,
315 719 372 765 ncc
387 721 450 780 quo
465 705 581 766 incerto
595 706 826 780 exspectatione
840 712 968 766 eventus
979 704 1097 765 civitas
1113 705 1174 766 fuc-

185 800 247 865 rat‚
276 804 334 849 nec
361 783 422 864 quo
447 789 595 850 victoriae
619 790 730 850 famam
756 789 884 866 accepit.
923 805 1099 864 numquam
1123 804 1176 864 pcr

186 890 295 935 omnes
310 873 393 947 dies,
417 889 455 934 en
471 889 533 949 quc
550 873 708 934 claudium
723 875 881 934 consulem
901 875 1081 950 profectum
1097 875 1177 934 fama

186 960 291 1032 attulit,
315 957 353 1018 ab
370 964 437 1019 orto
452 960 520 1019 sole
534 958 574 1018 ad
591 959 781 1019 occidentem
796 965 849 1019 aut
862 965 988 1019 senator
1006 958 1176 1034 quisquam

187 1043 303 1104 acaria
324 1049 417 1119 atque
437 1043 477 1103 ab
496 1042 725 1117 magistratibus
745 1041 913 1119 abscessit,
936 1048 987 1104 aut
1001 1043 1176 1119 populuse

186 1130 265 1189 foro.
297 1135 469 1202 matronae,
494 1127 566 1203 quia
580 1127 653 1187 nihil
668 1127 698 1187 in
720 1127 798 1204 ipsis
815 1127 884 1202 opis
906 1133 986 1203 erat,
1010 1128 1042 1186 in
1061 1143 1175 1204 preccs

187 1211 470 1288 obtestationesque
481 1227 600 1287 versae,
615 1228 671 1287 per
685 1211 786 1273 omnia
799 1209 926 1272 delubra
938 1225 1040 1287 vagae
1054 1213 1174 1288 suppli-

187 1297 242 1358 ciis
263 1297 406 1371 votisquc
426 1295 554 1371 fatigare
574 1297 660 1356 deos.
691 1303 752 1356 tam
774 1297 923 1357 sollicitae
943 1311 980 1356 ac
995 1311 1176 1372 suspensae

188 1381 301 1444 civitati
316 1382 397 1443 famo
410 1381 525 1442 incerta
540 1381 638 1457 primo
653 1381 772 1455 accidit
789 1382 867 1441 duos
881 1380 1074 1442 Narnienses
1092 1381 1173 1457 cqui-

186 1477 234 1530 tes
256 1470 285 1529 in
308 1475 423 1542 castra,
447 1483 526 1541 quac
548 1467 578 1526 in
593 1466 731 1528 faucibus
746 1463 889 1526 Umbriae
911 1466 1062 1542 opposita
1082 1472 1173 1539 mant

186 1552 312 1612 venisse
333 1567 372 1611 ex
393 1551 511 1626 proelio
532 1551 705 1612 nuntiantes
726 1566 837 1610 caesos
863 1551 978 1611 hostes.
1020 1557 1055 1611 et
1077 1551 1173 1627 primo

187 1636 286 1711 magis
307 1634 431 1718 auribus
455 1651 547 1710 quam
568 1636 677 1696 animis
697 1636 729 1696 id
750 1641 911 1711 acceptam
930 1641 997 1695 erat
1017 1641 1055 1696 ut
1076 1637 1173 1696 maios

187 1719 377 1794 laetiusque,
401 1735 490 1792 quam
513 1720 598 1795 quod
619 1727 719 1782 mente
740 1735 852 1796 capere
873 1725 925 1780 aut
944 1719 1021 1801 satis
1045 1721 1174 1780 credere

187 1810 331 1880 possent;
355 1810 385 1863 et
406 1803 475 1878 ipsa
489 1804 629 1864 celeritas
644 1805 737 1864 fidem
752 1803 951 1880 impediebat,
972 1805 1064 1880 quod
1081 1805 1171 1864 biduo

187 1894 258 1948 ante
280 1893 447 1964 pugnatum
468 1887 634 1949 dicebatur.
673 1887 792 1950 litterae
812 1888 924 1950 deinde
945 1888 982 1947 ab
1006 1888 1042 1948 L.
1058 1888 1172 1949 Manlio

187 1973 318 2033 Acidino
331 1973 444 2033 missac
457 1987 496 2032 cx
508 1971 615 2033 castris
628 1974 805 2034 adferuntur
814 1971 1078 2033 deNarniensium
1091 1974 1172 2049 cqui-

188 2064 250 2118 tum
266 2058 408 2118 adventu.
431 2056 491 2116 hae
501 2055 617 2118 litterae
631 2072 689 2132 per
704 2057 801 2118 forum
817 2057 857 2117 ad
873 2049 1003 2117 ffibunal
1018 2057 1172 2132 praetoris

188 2145 267 2204 latae
292 2148 433 2218 senatum
454 2141 538 2201 curia
559 2141 751 2211 excivcmnt;
779 2147 926 2216 tantoque
947 2141 1120 2202 certamine
1142 2155 1172 2200 ac

188 2228 314 2287 tumultu
338 2225 443 2302 populi
468 2225 611 2285 adfores
632 2225 931 2304 curiaeconcursum
946 2232 1009 2300 est,
1031 2232 1068 2286 ut
1090 2226 1173 2286 adire

187 2311 308 2371 nuntius
324 2326 384 2371 non
400 2315 523 2384 posset,
544 2309 747 2370 traireretura
765 2309 1034 2385 percunctantibus
1057 2311 1171 2371 vocife-

186 2395 402 2471 rantibusque,
425 2393 508 2454 utin
531 2393 638 2455 rostris
659 2393 745 2470 prius
768 2409 859 2469 quam
874 2393 904 2453 in
926 2401 1037 2454 senatu
1053 2394 1171 2454 litterae

185 2480 392 2541 recitarentur.
414 2478 538 2538 tandem
549 2478 692 2538 summoti
707 2484 737 2538 ct
752 2477 875 2538 coerciti
891 2493 909 2536 a
923 2478 1155 2553 magistratibus
1161 2502 1170 2560 Ι;

187 2563 423 2640 dispensarique
435 2561 548 2622 laetitia
562 2563 639 2624 inter
653 2561 836 2638 impotentes
848 2562 914 2622 eius
930 2561 1052 2626 animos
1065 2564 1170 2640 potnit.

188 2645 217 2705 in
240 2653 348 2707 senatu
371 2646 516 2722 primurn,
539 2645 652 2706 deinde
672 2647 703 2706 in
724 2646 867 2708 contione
886 2647 1006 2707 litterae
1026 2649 1170 2708 recitatae

187 2737 274 2801 sunt;
296 2737 326 2790 et
339 2746 396 2806 pro
413 2729 563 2806 cuiusque
584 2730 706 2806 ingenio
725 2731 793 2791 aliis
809 2731 868 2792 iam
884 2737 998 2792 certum
1015 2731 1168 2807 gaudium.

188 2815 256 2874 aliis
267 2815 349 2874 nulla
360 2821 431 2875 ante
443 2815 543 2876 futura
554 2814 633 2875 frdcs
645 2821 717 2892 crat,
735 2832 826 2891 quarn
837 2818 955 2892 legatos
968 2817 1170 2877 consulumve

186 2899 300 2959 litteras
315 2898 483 2959 audissent.
526 2899 574 2959 Li.
595 2899 683 2976 ipsos
696 2901 809 2961 deinde
823 2901 1075 2978 appropinquare
1088 2900 1168 2976 lega·

185 2989 235 3044 tos
248 2983 382 3044 adlatum
393 2989 449 3044 est.
471 2991 544 3046 tunc
555 2985 721 3046 enimvero
733 2985 832 3046 omnis
844 2992 930 3045 aetas
942 3001 1067 3046 currere
1078 2983 1167 3056 obm'i

186 3069 301 3144 primus
315 3068 447 3144 quisque
459 3069 557 3132 oculis
570 3069 755 3146 auribusque
766 3068 889 3130 harnirc
899 3076 1014 3130 tanttnn
1024 3069 1167 3146 gaudium

187 3153 355 3228 cupientes.
388 3154 428 3214 ad
445 3153 590 3216 Mulvium
610 3170 710 3230 usque
731 3161 856 3230 pontem
879 3154 1039 3216 continens
1060 3167 1165 3228 agmen

185 3237 333 3311 pervenit.
369 3238 459 3316 legati
482 3271 525 3282 -
545 3243 631 3297 erant
651 3239 685 3296 L.
706 3237 850 3299 Veturius
871 3239 957 3298 Philo
981 3237 1013 3298 P.
1035 3236 1165 3298 Licinius

185 3320 289 3380 Varus
306 3320 339 3393 Q.
357 3320 658 3381 CaeciliusMetellus
678 3351 722 3365 —-
742 3321 916 3383 circumfusi
933 3322 1031 3383 omnis
1046 3319 1163 3396 generis

185 3401 341 3463 hominurn
353 3405 523 3478 frequentia
537 3404 567 3462 in
579 3403 678 3462 forum
689 3411 904 3479 pervenerunt,
921 3421 989 3466 cnm
1004 3404 1054 3464 alii
1069 3404 1162 3479 ipsos,

187 3483 237 3542 alii
252 3485 379 3546 comites
401 3501 506 3548 eorum
523 3501 602 3562 quae
622 3491 690 3546 acta
705 3494 810 3548 essent
825 3494 1103 3564 percunctarentur.
1136 3493 1161 3545 ct
