2434 3902
214 211 336 272 LIBER
346 211 480 273 XXVIII.
504 211 586 273 cni.
600 222 644 275 ll.
668 215 826 286 [amos]
954 210 1016 276 23³

30 366 103 438 dem,
128 361 244 426 Satrici
259 364 368 424 matris
382 363 516 424 Matutae
533 362 573 422 de
588 362 676 422 eaelo
690 367 817 434 metum
839 361 1016 428 Satrianus

28 448 107 509 haud
125 447 233 510 minus
254 447 415 508 terrebant
436 447 466 507 in
489 447 597 506 aedem
611 446 695 507 laute
714 445 833 508 toribus
854 447 933 524 Ipsis
953 449 1017 510 duo

27 531 163 610 perlapsi
178 545 319 608 erigerem
347 531 387 592 ab
400 530 493 592 Anno
507 531 677 592 nuntiatum
689 537 740 592 est
751 537 897 592 eruentae
909 532 1017 608 epicos

27 616 210 678 metentibus
224 617 317 678 vtses
333 631 421 686 osse3
436 615 535 678 dame
548 629 664 691 paraus
678 613 787 691 bireps
798 619 830 676 et
839 629 938 691 mnus
950 631 1017 678 mae

29 701 169 777 idemque
183 701 305 761 nemina
318 705 408 760 traaas
423 707 497 760 erat.
518 705 550 761 et
560 699 658 760 Albae
670 699 732 760 duo
745 701 829 761 soles
840 700 928 762 risos
939 701 1017 761 tere·

29 785 111 859 bant,
127 792 165 846 et
184 793 284 848 noete
303 783 451 859 megene
471 785 571 844 tuoem
589 783 740 844 obortam.
773 789 804 844 et
817 783 875 846 bos
896 784 1017 860 inagna

30 869 163 929 Romano
177 871 318 944 iooutus,
334 874 365 928 et
378 883 432 928 ara
444 867 575 944 Neptuni
590 868 684 928 multo
699 881 843 928 maname
856 869 973 929 sudore
986 870 1017 930 in

30 953 106 1014 atreo
120 952 278 1014 Flerninio
294 951 468 1022 dioebemm
489 958 519 1012 et
532 951 628 1012 aedes
641 951 778 1026 cereus,
801 949 930 1024 Salutis,
947 951 1017 1026 Qui-

30 1037 84 1096 riui
99 1037 138 1096 de
154 1039 246 1098 eaelo
262 1044 372 1098 tactae.
409 1035 551 1111 prodigia
566 1036 712 1096 consules
725 1034 836 1096 hostiis
850 1035 1017 1098 maioribus

33 1135 196 1196 memnone
208 1121 293 1182 iussi
307 1127 338 1181 et
351 1119 608 1196 euppticationem
625 1135 720 1180 unum
733 1119 815 1180 diem
828 1117 953 1180 habere.
981 1136 1019 1180 ea

32 1213 210 1270 exeenatue
222 1206 371 1268 eamme
385 1205 475 1264 aaa.
498 1205 569 1279 pras
585 1204 726 1265 omuibus
739 1210 794 1264 aut
807 1203 951 1264 annuatis
964 1219 1017 1279 pe

34 1303 115 1364 repre
139 1297 194 1350 aut
214 1291 298 1352 aisis
317 1288 401 1349 dorni
425 1288 576 1363 prodigiis
597 1287 704 1348 terruit
722 1288 841 1348 animae
861 1287 1018 1362 horminum

35 1373 106 1447 Ignis
130 1373 162 1433 in
189 1375 273 1435 aede
296 1375 412 1434 Vestae
435 1373 628 1442 exstinetam
665 1387 820 1446 caesaque
844 1370 943 1446 flagra
970 1379 1018 1432 est

36 1457 173 1534 vesteis,
185 1458 284 1520 euius
301 1457 442 1519 custodia
456 1457 523 1518 eius
539 1456 639 1518 noetis
655 1457 767 1531 merat,
789 1454 877 1517 iussu
891 1455 924 1515 P.
939 1455 1016 1516 Lici-

36 1540 73 1600 nii
87 1543 255 1616 pontifieis.
280 1543 314 1602 id
328 1557 513 1618 quamquam
525 1541 602 1604 nihii
616 1539 869 1616 portendentibus
885 1539 952 1601 deis
967 1555 1013 1600 ae·

35 1631 126 1686 terum
150 1627 350 1703 neglegentia
372 1625 506 1686 humana
528 1625 697 1698 aooiderat,
726 1631 828 1686 tanen
852 1632 883 1686 et
907 1624 1017 1686 hostiis

38 1709 197 1772 maioribus
220 1711 383 1788 procurari
404 1715 436 1770 et
454 1709 711 1785 supplicationem
731 1709 772 1768 ad
784 1711 898 1772 Vestae
911 1708 1015 1772 nabent

38 1793 152 1866 planata
566 1819 571 1826 ·

110 1877 300 1956 Priusquam
315 1878 586 1955 protenderentur
598 1878 745 1939 eonsules
760 1877 801 1938 ad
813 1877 936 1948 betium,
952 1893 1016 1937 mo-

39 1959 86 2019 niti
98 1977 117 2020 a
128 1970 245 2025 senam
264 1970 351 2038 eunt,
372 1970 406 2024 ut
419 1963 451 2022 in
471 1975 565 2038 agros
586 1961 783 2022 reducendae
797 1959 897 2036 piebis
914 1977 1017 2020 euram

39 2041 192 2108 haberetne
217 2049 314 2108 deum
334 2045 521 2122 benignitate
541 2051 726 2108 summotum
746 2045 860 2107 bellum
881 2044 920 2104 ab
941 2045 1018 2104 arbe

41 2127 215 2194 Reanauaet
229 2131 315 2192 Latio
330 2145 412 2206 esee,
428 2145 525 2206 porse
538 2130 606 2212 eine
630 2137 708 2192 mem
728 2132 760 2189 ta
781 2131 866 2202 apra
885 2129 1019 2190 auditori

40 2227 88 2272 aee
110 2215 279 2276 convenire
303 2215 427 2276 SieiIiae
456 2229 547 2292 quam
572 2214 676 2275 Italiae
700 2213 849 2273 colendae
868 2213 1018 2272 maiorem

42 2309 135 2358 culam
155 2315 241 2361 esse.
273 2301 330 2362 sed
348 2315 402 2361 res
419 2299 663 2374 haudquaquam
684 2303 751 2358 enat
771 2296 888 2373 populo
910 2296 1017 2371 facilis,

42 2377 136 2442 liben's
155 2385 328 2446 canoribus
343 2385 425 2450 bella
440 2382 628 2458 absumptis,
649 2390 680 2442 et
693 2381 799 2456 inopia
812 2380 1016 2452 servitiorum,

44 2468 193 2538 etpeaore
218 2469 339 2544 direpto
359 2468 503 2544 viIIIsque
524 2465 632 2528 dirutIs
654 2472 707 2527 aut
728 2464 872 2525 ineeusis.
908 2480 1019 2539 magna

44 2551 133 2609 tamen
147 2569 223 2628 pars
238 2553 419 2616 auctoritate
432 2553 594 2613 consanum
608 2551 771 2626 compulsa
782 2549 813 2608 tn
823 2565 918 2625 egros
928 2548 1018 2609 remi-

44 2635 139 2702 gravit.
169 2643 331 2698 mouerant
350 2643 451 2697 autem
472 2636 601 2697 huiusne
614 2635 659 2695 rei
673 2635 857 2695 mentionem
870 2633 1017 2705 Planenti-

45 2729 144 2779 norum
163 2729 195 2782 et
210 2721 463 2783 Cremonenstum
483 2721 591 2796 iegati,
608 2726 778 2796 ¹querentes
799 2733 907 2794 agrum
926 2735 1018 2780 suum

45 2797 78 2856 ab
91 2807 203 2867 meotis
219 2806 312 2866 (iadis
327 2805 478 2867 incarnari
492 2821 528 2866 aa
542 2806 667 2878 vastari,
682 2819 887 2888 magnamque
897 2810 1019 2879 partam

47 2884 215 2952 colonorum
230 2905 356 2952 auorum
370 2890 522 2966 diiepsam
536 2903 617 2962 esse,
636 2897 672 2950 et
682 2889 748 2950 iam
757 2889 968 2965 infrequentes
983 2903 1019 2948 se
1101 2922 1106 2929 ·

46 2965 139 3046 urbes,
152 2989 258 3050 agrum
270 2981 393 3036 vastum
407 2990 444 3034 aa
458 2975 614 3034 desertum
627 2973 750 3034 habere.
777 2972 913 3033 mammo
928 2987 1017 3048 prae-

46 3052 97 3110 tori
115 3059 303 3134 mandatum,
324 3065 358 3120 ut
377 3058 516 3120 colonias
537 3059 577 3118 ab
592 3058 683 3118 hoste
696 3064 848 3127 meretum
871 3057 1017 3116 eonsules

48 3145 82 3192 ex
103 3150 225 3204 senatus
247 3145 388 3204 consulto
409 3142 585 3217 edixerunt,
612 3141 665 3217 qui
684 3142 771 3202 ¹eires
792 3141 1017 3200 tremonenses

49 3223 132 3296 atque
142 3223 306 3288 Piaoentini
321 3233 441 3302 essent,
463 3233 534 3288 ante
548 3232 663 3287 certam
678 3226 758 3286 diem
772 3225 802 3284 in
818 3223 956 3284 colonias
968 3233 1018 3280 re-

50 3311 233 3373 verterentur.
255 3311 408 3388 Principio
424 3309 633 3371 deindeveris
648 3316 679 3369 et
691 3309 752 3384 ipsi
767 3309 807 3368 ad
821 3309 934 3368 bellum
945 3323 1014 3382 pro·

51 3383 111 3449 teeti
129 3403 206 3456 sunt.
241 3395 274 3470 Q.
291 3395 440 3457 Caecilius
467 3387 583 3456 oonsul'
598 3392 764 3453 exereitum
786 3393 824 3452 ab
840 3391 871 3452 C.
887 3391 1017 3466 Nerone,

52 3465 78 3526 I.
90 3471 228 3540 Veturius
250 3496 269 3540 a
288 3479 323 3554 Q.
336 3479 466 3556 'Claudio
487 3484 689 3556 propraetore
710 3476 842 3552 aceepit,
866 3475 1018 3550 novisque
