2466 3900
272 155 392 218 urnae
407 157 517 218 xxiv.
541 160 626 220 car.
642 169 687 225 lo.
711 170 748 238 p.
764 169 797 224 c.
813 168 876 244 21³1
1040 170 1082 234 eo

71 314 187 384 pereat
212 305 324 370 socios
351 314 382 368 et
403 326 505 370 novos
532 311 708 388 adicerent,
737 315 769 376 in
789 316 927 380 Africam
953 337 1081 398 quoque

71 405 161 466 spem
178 391 401 453 extenderunt.
435 391 569 472 Syphax
585 402 652 456 erat
665 399 722 458 r'ex
736 397 952 477 Numidarum,
976 404 1079 468 subito

67 474 387 550 Carthaginiensibus
397 475 508 568 ,hostis
523 479 641 542 lactuca
663 481 787 542 adeum
804 486 1000 548 centuriones
1017 496 1079 550 tres

65 560 196 633 legatos
221 559 389 635 adserunt,
417 561 471 637 qui
496 577 567 624 cum
589 579 627 624 eo
649 563 813 628 amicitiam
834 570 1079 646 societatemque

63 643 214 704 iacerent
228 648 262 703 et
275 644 506 721 pollicerentur,
522 644 550 708 si
561 656 779 723 perseveraret
788 667 901 726 urgere
913 653 994 717 bello
1007 653 1078 716 Car·

62 726 305 802 thaginienses,
329 735 451 804 gratam
476 745 547 790 eam
570 747 637 791 rem
663 732 730 794 fore
754 736 876 796 senatui
895 741 1077 815 populoque

63 813 234 885 Romano,
252 816 283 870 et
297 811 481 888 adnisuros,
502 821 537 876 ut
551 814 583 874 in
597 821 737 891 tempore
751 824 782 878 et
796 817 877 880 bene
892 825 1076 884 cumulatam

63 894 203 970 gratiam
223 895 371 956 referant.
404 903 494 972 grata
515 912 554 961 ea
566 898 680 974 legatio
695 899 828 962 barbaro
845 903 917 975 luit,
940 906 1075 967 collocu-

64 987 189 1053 iusque
210 993 284 1041 cum
304 979 416 1056 legatis
439 981 479 1041 de
499 981 620 1044 ratione
634 981 706 1044 belli
720 985 867 1062 gerundi,
889 993 923 1048 ut
936 995 1075 1050 veterum

65 1063 200 1124 militum
214 1062 314 1122 verba
329 1064 457 1153 audivit,
474 1082 567 1142 quam
577 1068 741 1129 multarum
752 1084 854 1130 rerum
868 1069 936 1146 ipse
947 1073 1074 1148 ignarus

64 1154 166 1221 esset,
183 1161 224 1206 ex
241 1148 476 1224 comparatione
490 1156 552 1210 tam
568 1150 729 1212 ordinatae
744 1152 927 1228 disciplinae
939 1155 1073 1216 animum

71 1231 216 1291 advertit.
247 1236 312 1292 tum
328 1231 462 1307 primum
476 1240 511 1295 ut
525 1250 583 1309 pro
597 1233 690 1294 bonis
705 1248 742 1296 ac
757 1235 902 1297 fidelibus
918 1238 1013 1298 sociis
1029 1239 1072 1298 ia-

72 1321 189 1390 cerent,
204 1315 313 1391 oravit,
329 1323 363 1378 ut
378 1317 440 1379 duo
455 1317 644 1393 legationem
657 1317 809 1379 referrent
819 1319 860 1378 ad
869 1319 1073 1394 imperatores

70 1414 165 1472 suos,
191 1416 275 1460 uuus
301 1399 388 1476 apud
414 1416 488 1462 sese
512 1403 661 1478 magister
683 1400 728 1462 rei
750 1401 888 1462 militaris
911 1403 1070 1464 resideret.

66 1482 181 1542 rudem
196 1483 238 1544 ad
252 1483 414 1558 pedestria
428 1484 511 1546 bella
523 1485 724 1548 Numidarum
737 1491 861 1560 gentem
876 1500 964 1563 esse,
981 1487 1070 1564 equis

65 1573 190 1628 tantmu
210 1566 365 1628 habilem=
393 1569 436 1630 ita
450 1568 512 1630 iam
526 1569 599 1630 iude
612 1586 632 1629 a
645 1569 808 1645 principiis
822 1569 922 1646 gentis
937 1571 1070 1632 maiores

65 1667 144 1712 sues
160 1651 246 1711 bella
259 1652 410 1728 gessisse,
426 1652 469 1714 ita
483 1669 520 1714 se
534 1669 554 1713 a
569 1653 675 1729 pueris
691 1653 855 1715 insuetum.
883 1654 942 1716 sed
955 1654 1070 1717 babere

64 1735 192 1797 bostem
208 1736 349 1810 pedestri
364 1736 511 1799 fidentem
525 1737 633 1813 Marte,
650 1737 699 1798 eui
715 1736 741 1796 si
754 1737 883 1814 aequari
896 1738 1010 1800 robore
1025 1739 1069 1798 vi·

63 1820 145 1880 rium
161 1820 245 1894 velit,
262 1826 294 1880 ct
304 1819 365 1881 sibi
377 1820 499 1896 pedites
512 1821 741 1896 comparandos
753 1835 835 1881 esse.
856 1828 887 1882 ct
898 1823 939 1882 ad
950 1822 982 1883 id
993 1823 1068 1884 mul·

67 1903 199 1966 titudine
214 1902 374 1965 homiuum
388 1920 520 1980 regnum
535 1903 710 1980 abundare,
731 1904 790 1964 sed
805 1905 942 1966 armandi
957 1921 1066 1966 ornan-

64 1989 164 2065 dique
179 1994 212 2048 et
225 1988 401 2050 instruendi
418 2004 476 2051 cos
492 1996 589 2050 artem
601 1989 755 2064 ignorare.
779 1989 883 2050 omnia
894 1989 978 2049 velut
990 1989 1067 2048 torte

65 2078 262 2148 congregata
282 2074 374 2132 turba
395 2089 454 2134 sua
474 2081 566 2136 vasta
579 2088 617 2134 ac
636 2071 799 2133 temeraria
812 2087 894 2132 esse.
931 2071 1066 2134 tacturos

65 2173 101 2221 ee
122 2157 155 2216 in
178 2157 358 2232 praesentia
380 2157 466 2232 quod
486 2157 579 2218 vellet
599 2156 691 2232 legati
711 2151 918 2232 respondent,
939 2154 1002 2216 lide
1015 2172 1065 2216 ac-

65 2248 168 2318 cepta,
185 2248 220 2302 ut
233 2239 403 2302 remitteret
418 2241 575 2316 extemplo
592 2255 672 2315 eum,
687 2239 715 2300 si
726 2239 929 2316 imperatores
943 2237 992 2299 sui
1003 2255 1063 2300 non

66 2325 332 2401 comprobassent
356 2326 481 2386 iactmn.
520 2323 562 2407 Q..
577 2322 711 2387 Statorio
737 2338 849 2384 nemen
875 2322 931 2383 luit
952 2322 1004 2397 qui
1025 2323 1064 2384 ad

67 2425 172 2486 regem
186 2410 347 2472 remansit.
382 2425 452 2470 cum
467 2408 591 2470 duobus
605 2406 754 2470 Romanis
769 2421 825 2466 rex
840 2411 903 2466 tres
917 2405 1063 2468 Numidas

66 2496 187 2570 legates
211 2493 243 2555 in
257 2493 441 2570 Hispaniam
462 2491 546 2554 misit
566 2494 606 2553 ad
621 2491 833 2567 accipiendam
847 2489 940 2550 iidem
954 2491 993 2552 ab
1008 2491 1061 2551 im·

67 2578 265 2654 parcioribus
280 2577 442 2640 Romanis.
465 2577 566 2638 isdem
581 2575 746 2650 mandavit,
762 2583 794 2635 ut
807 2574 946 2649 protinus
961 2575 1060 2637 Numi·

68 2663 139 2739 das,
162 2663 218 2740 qui
239 2662 320 2724 intra
341 2660 501 2737 praesidia
516 2659 809 2735 Carthaginiensium
830 2657 994 2721 auxiliares
1012 2676 1060 2720 es·

68 2754 150 2821 sent,
176 2747 219 2807 ad
237 2746 454 2808 transitionem
474 2745 669 2820 perlicerent.
698 2750 727 2803 et
741 2742 891 2804 Statorius
914 2759 952 2802 ex
967 2747 1060 2806 multa

69 2832 226 2893 iuventute
238 2831 306 2908 regi
321 2831 445 2906 pedites
461 2827 663 2904 conscripsit,
680 2828 901 2902 ordinatosque
918 2828 1058 2903 proxime

68 2932 183 2978 morem
196 2917 375 2978 Romanum
397 2914 579 2975 instruendo
601 2918 632 2974 et
653 2911 844 2973 decurrendo
866 2911 955 2986 signa
969 2915 1057 2990 sequi

68 3005 96 3058 ct
108 3016 238 3062 servare
254 2999 382 3062 ordines
398 2995 513 3071 docuit,
531 3003 561 3059 et
575 2995 664 3072 operi
678 2995 810 3072 aliisque
824 2995 911 3056 iustis
923 2997 1056 3060 militari-

68 3082 123 3146 bus
143 3085 187 3146 im
208 3083 399 3156 adsuefecit,
420 3090 455 3144 ut
475 3081 562 3142 brevi
576 3097 633 3141 rex
648 3096 710 3140 nen
727 3079 820 3157 equiti
836 3081 932 3156 magis
947 3081 1056 3142 fideret

69 3184 155 3242 quam
177 3167 292 3244 pediti,
316 3168 499 3243 collatisque
514 3181 615 3242 aequo
632 3181 742 3241 campo
758 3165 853 3240 signis
870 3165 949 3226 iusto
964 3181 1051 3241 proe-

67 3250 104 3313 lio
119 3251 408 3329 carthaginiensem
428 3250 549 3313 hostem
564 3256 734 3327 superaret.
766 3248 912 3311 Romanis
929 3266 1053 3328 quoque

67 3335 94 3394 in
108 3337 263 3413 Hispania
277 3337 449 3410 legatorum
463 3336 546 3411 regis
560 3336 712 3396 adventus
724 3349 835 3409 magno
847 3334 1051 3398 emolumento

68 3420 131 3482 brit:
160 3436 299 3497 namque
320 3421 361 3480 ad
387 3421 499 3481 lamam
520 3436 625 3482 eorum
647 3417 842 3480 transitiones
864 3419 990 3486 crebrae
1012 3421 1050 3484 ab

104 3522 130 3563 r.
150 3521 215 3564 mvi
237 3520 316 3564 rans
339 3504 390 3563 lll.
827 3511 845 3564 t
