2428 3892
184 238 241 302 148
358 233 473 294 LIBER
487 231 593 292 xxvi.
616 230 700 292 CAP.
713 239 758 294 ll.
782 239 819 306 [a.
831 231 867 293 U.
883 247 909 291 c.
921 237 984 305 542]

181 393 337 470 proiectus
352 389 391 449 ad
407 385 571 448 exercitum
585 392 641 446 est.
671 400 731 460 quo
747 399 817 446 cum
826 385 973 458 venisset,
990 384 1162 460 adloquen-

181 479 238 538 dos
259 473 390 535 maxime
405 477 525 532 veteres
542 469 667 545 milites,
691 468 743 545 qui
762 468 854 529 unus
872 468 1090 545 superiuerunt
1106 470 1163 528 cla-

180 560 280 636 dibus,
303 564 387 618 rutus
403 555 545 616 contione
560 555 710 614 advocata
724 553 765 613 ita
780 551 941 613 disseruit:
966 563 1078 629 „nemo
1096 561 1163 613 ante

179 660 229 705 me
239 658 339 703 novus
350 640 515 715 imperator
521 637 664 699 militibus
671 637 745 712 suis,
757 637 937 714 priusquam
948 651 1044 713 opera
1054 651 1164 698 eorum

179 743 255 790 usus
270 731 361 802 esset,
376 723 489 800 gratias
505 737 596 799 agere
610 721 675 782 iure
689 736 726 782 ac
740 720 856 783 merito
863 720 975 798 potnit=
997 735 1046 780 me
1060 721 1163 796 vobis,

180 812 358 889 priusquam
374 806 563 884 provinciam
578 812 629 866 aut
647 811 748 868 eastra
762 805 914 880 viderem,
938 803 1089 882 obligavit
1105 805 1162 866 lor-

180 905 270 970 tuna,
292 893 421 971 primum
443 891 526 968 quod
547 907 585 952 ea
604 889 716 967 pietate
738 905 811 966 erga
825 896 942 967 patrem
957 895 1163 967 patruumque

179 995 280 1041 meum
300 977 389 1039 vivos
410 981 609 1052 mortuosque
631 974 744 1049 luistis,
775 974 886 1036 deinde
906 974 988 1050 quod
1015 974 1163 1036 amissam

179 1070 262 1126 tanta
283 1062 370 1124 clade
390 1060 565 1138 provinciae
579 1060 812 1136 possessionem
833 1058 979 1136 integram
999 1065 1030 1119 et
1043 1060 1163 1136 populo

179 1149 323 1209 Romano.
334 1153 363 1208 et
378 1145 552 1208 successori
567 1143 639 1204 mihi
654 1145 764 1205 virtute
777 1149 880 1206 vestra
895 1142 1085 1205 obtinuistis.
1110 1144 1162 1205 sed
1205 1185 1206 1210 2

180 1248 248 1293 cum
262 1232 321 1292 iam
331 1230 516 1308 benignitate
528 1229 617 1290 deum
633 1229 664 1289 id
679 1245 822 1306 paremus
838 1235 930 1304 atque
944 1243 1087 1304 ammas,
1104 1243 1160 1288 non

179 1326 212 1378 ut
226 1317 285 1394 lpsi
300 1330 477 1376 maneamus
492 1315 522 1374 in
530 1313 687 1391 Hispania,
703 1313 759 1375 sed
775 1327 814 1374 ne
827 1311 922 1374 Poeni
935 1319 1092 1388 maneant,
1109 1327 1161 1372 uec

180 1409 212 1462 ut
226 1418 282 1478 pro
297 1401 366 1477 ripa
380 1399 482 1460 Hiberi
504 1404 620 1459 stantes
642 1413 800 1460 arceamus
815 1396 945 1459 transitu
957 1396 1086 1470 hostes,
1110 1396 1161 1457 sed

178 1491 213 1546 ut
232 1488 311 1547 uiuo
333 1491 524 1544 banasamus
545 1482 827 1557 transferamusque
847 1481 974 1559 bellum,
995 1495 1115 1542 vereor
1129 1497 1162 1540 ne

180 1570 227 1629 cui
239 1576 374 1630 vestrum
385 1567 483 1628 maius
496 1568 527 1630 id
540 1567 749 1642 audaciusque
762 1565 922 1627 eonsilium
935 1581 1027 1642 quam
1041 1573 1099 1627 aut
1110 1581 1161 1641 pro

180 1651 325 1712 memoria
346 1650 478 1712 cladium
499 1665 597 1727 nuper
617 1656 812 1726 acceptarum
834 1655 886 1714 aut
899 1665 956 1726 pro
979 1655 1083 1710 aetate
1099 1665 1162 1709 mea

178 1736 325 1798 videatur.
359 1734 509 1796 adversae
529 1749 652 1812 pugnae
672 1733 702 1794 in
717 1733 865 1810 Hispania
880 1734 991 1795 nulius
1007 1734 1037 1793 in
1061 1735 1160 1795 animo

180 1835 271 1896 quam
292 1833 360 1880 meo
376 1816 475 1881 minus
497 1818 649 1880 obliterari
665 1826 811 1896 possunt,
836 1818 951 1895 quippe
966 1818 1013 1880 cui
1029 1825 1123 1894 pater
1136 1825 1161 1893 et

179 1912 304 1982 patruus
320 1905 399 1966 intra
408 1902 528 1980 triginta
540 1902 656 1963 dierum
669 1903 809 1979 spatium,
824 1909 858 1964 ut
872 1901 953 1963 aliud
970 1917 1068 1978 super
1083 1902 1160 1964 eliud

179 1990 382 2050 cumularetur
402 1987 534 2049 lamiliae
553 1993 678 2048 nostrae
698 1987 805 2062 lunas,
828 1986 976 2048 interlecti
997 1991 1089 2048 sums
1111 1985 1160 2047 sed

179 2079 212 2135 ut
226 2073 381 2134 familiaris
393 2087 492 2148 paene
508 2070 622 2132 orbitas
638 2087 674 2132 ac
689 2071 826 2132 solitudo·
840 2071 949 2148 trangit
964 2072 1110 2148 animum,
1125 2070 1160 2131 ita
1204 2135 1205 2154 ,

179 2157 302 2234 publica
325 2172 393 2218 cum
408 2156 530 2217 lortuna
544 2162 606 2216 tum
620 2156 716 2216 uirtus
738 2156 906 2232 desperare
921 2157 960 2216 de
980 2171 1105 2216 summa
1118 2170 1160 2215 re-

177 2259 245 2304 rum
266 2239 416 2318 prohibet.
452 2255 490 2301 ea
508 2241 571 2300 lato
595 2239 729 2316 quodam
752 2239 824 2300 data
843 2239 934 2301 nobis
953 2254 1022 2300 sors
1045 2248 1111 2312 est,
1132 2247 1161 2298 ut

180 2327 297 2402 magnis
309 2325 450 2386 omnibus
461 2324 550 2384 bellis
562 2323 633 2384 victl
645 2323 817 2385 vicerimus.
840 2323 1075 2400 veteraomitto,
1092 2324 1160 2384 Por-

179 2411 286 2486 sinam,
302 2407 415 2483 Gallos,
439 2407 605 2469 Samnitem
628 2407 782 2468 aPunicis
796 2406 884 2468 bellis
900 2408 1056 2485 incipiam:
1090 2413 1161 2484 quot

179 2495 312 2568 classes,
333 2499 410 2569 quot
428 2493 539 2570 duces,
561 2499 636 2568 quot
656 2492 808 2554 exercitus
828 2492 931 2570 priore
950 2492 1033 2554 bello
1058 2492 1159 2553 amissi

179 2582 263 2639 sunt!
287 2578 346 2637 iam
368 2576 522 2652 quidhoc
543 2577 624 2638 bello
645 2583 832 2638 memorem?
858 2576 998 2638 omnibus
1021 2584 1076 2639 aut
1097 2577 1160 2654 ipse

179 2661 263 2722 adlui
279 2659 427 2733 cladibus
444 2666 496 2721 aut
507 2659 618 2736 quibus
634 2661 704 2737 alui,
720 2661 852 2721 maxime
865 2677 943 2723 unus
959 2661 1095 2724 emnium
1110 2676 1159 2720 ess

179 2743 272 2805 sensi.
306 2743 428 2819 Trebia,
448 2743 689 2821 Trasumennus,
713 2745 834 2808 cannae
849 2779 892 2791 -
907 2745 980 2822 quid
995 2746 1080 2806 aliud
1093 2749 1160 2806 sunt

180 2843 271 2905 quam
283 2834 479 2890 monumenta
490 2830 662 2891 occisorum
674 2830 861 2892 exercituum
871 2830 1158 2908 consulumqueRo-

177 2917 358 2973 manorumt
371 2912 452 2974 adde
467 2913 669 2976 deiectionem
683 2915 797 2991 ltaliae,
814 2913 936 2977 Siciliae
951 2914 1076 2977 maioris
1090 2930 1156 2991 par·

177 2996 226 3072 tis,
243 2993 418 3069 Sardiniam
440 2998 521 3060 adde
533 2999 668 3060 ultimum
679 3005 826 3062 terrorem
839 3015 874 3061 ac
886 3015 1042 3076 pavorem,
1062 3004 1158 3058 castra

176 3080 291 3144 Punica
305 3082 383 3143 inter
393 3082 542 3144 Anienem
557 3101 593 3146 ae
608 3083 875 3147 moeniaRomana
889 3084 1000 3161 posita,
1015 3081 1155 3144 alvisum

177 3182 276 3242 prope
291 3167 319 3227 in
336 3167 433 3243 portis
448 3167 801 3230 victoremilannibalem
816 3193 871 3226 -s
894 3169 924 3229 in
939 3169 997 3229 hac
1011 3168 1099 3228 ruina
1112 3181 1155 3225 re·

178 3266 245 3309 rum
267 3250 349 3311 stetit
368 3267 430 3311 una
450 3251 569 3328 integra
583 3257 675 3328 atque
689 3252 852 3314 immobilis
866 3251 963 3314 vlnus
978 3251 1084 3330 populi
1098 3251 1143 3310 Ro
1203 3279 1204 3322 ,

178 3334 274 3404 mani;
304 3334 382 3394 haec
409 3335 511 3395 omnia
531 3340 625 3396 strata
645 3335 728 3396 humi
753 3335 851 3398 erexit
874 3354 911 3398 ac
933 3336 1062 3398 sustulit.
1101 3349 1154 3394 vos
1203 3343 1204 3374 i

179 3415 311 3476 omnium
334 3414 437 3492 primi,
459 3417 585 3490 milites,
611 3424 683 3494 post
697 3417 888 3481 Cannensem
903 3419 1023 3482 cladem
1037 3417 1154 3481 vadenti
1203 3419 1204 3494 J

178 3496 360 3558 llasdmbali
376 3498 524 3576 sonipes
538 3501 725 3576 italiamque,
743 3502 795 3578 qui
811 3505 837 3565 si
853 3520 888 3566 se
901 3520 970 3566 cum
982 3506 1073 3567 tratre
1087 3517 1153 3563 cen·
1203 3519 1204 3578 3
