2428 3892
147 197 208 265 124
293 193 405 256 LIBER
417 193 526 254 xxvi
548 191 634 254 CAP-
652 199 696 256 19.
711 201 758 254 20.
782 199 823 267 [ι.
839 197 877 251 U.
892 215 920 252 e.
934 197 1003 266 eil]

146 357 280 412 maturae
302 351 416 406 uotam
434 358 538 404 rerum
552 343 667 403 molem
686 351 878 417 tantamque
899 339 1071 417 imperium
1086 357 1160 418 per·

146 433 236 494 misit.

229 513 347 573 Adeas
362 509 479 585 copias,
495 525 574 586 quas
589 525 631 570 ex
645 515 754 572 vetere
767 509 912 568 exercitu
926 509 1090 583 Hispania
1105 507 1161 566 ha·

147 597 238 660 bebat
257 608 400 670 quaeque
422 591 590 654 aPuteolis
605 609 676 653 cum
691 593 725 653 0.
739 592 867 652 Nerone
880 593 1037 652 traiectae
1058 599 1162 666 crant

148 685 257 744 decem
271 678 353 738 milia
365 676 492 736 militum
506 685 539 738 et
550 677 635 737 mille
651 677 775 753 equites
797 676 977 736 adduntur=
1000 681 1035 734 et
1049 675 1095 734 ld.
1110 675 1161 734 Iu-

149 761 348 826 nlussilanus
360 768 542 838 propraetor
555 761 679 820 adiutor
689 761 732 820 ad
742 775 795 819 res
807 761 972 835 gerendas
985 758 1084 820 datus
1101 767 1161 818 est

148 851 191 908 ita
204 861 273 906 cum
286 844 407 920 triginta
421 844 546 906 navium
560 845 665 905 classe
683 859 856 904 —omnes
872 850 981 904 autem
998 843 1161 918 quinqua-

148 943 248 992 remcs
270 935 357 990 erant
375 961 419 974 -
439 927 529 988 ostiis
546 928 698 987 Tiberinis
720 926 884 1004 proiectus
908 933 1041 1002 praeter
1067 941 1161 987 oram

147 1013 239 1074 Tusci
252 1013 354 1086 maris,
370 1011 468 1087 Alpes
482 1017 574 1086 atque
588 1011 740 1072 Gallicum
754 1012 859 1071 sinum
875 1018 908 1071 et
922 1011 1044 1070 deinde
1058 1009 1159 1089 Pyre

149 1097 219 1160 uaei
233 1096 454 1158 circumvectus
468 1096 727 1172 promuntorium,
750 1094 911 1171 Emporiis
933 1094 1015 1155 urbe
1033 1095 1161 1155 Graeca

153 1213 190 1228 -
213 1181 333 1241 oriundi
354 1186 385 1240 et
402 1179 464 1254 ipsi
486 1195 505 1239 a
522 1177 666 1240 Phocaea
686 1185 759 1239 sunt
776 1209 823 1226 --
849 1180 963 1254 copias
992 1181 1160 1255 exposuit.

150 1265 223 1328 inde
237 1265 326 1342 sequi
339 1262 470 1323 navibus
491 1263 585 1324 iussis
599 1263 808 1322 Tarraconem
828 1263 967 1339 pedibus
989 1265 1159 1338 prolectas

152 1355 336 1411 conventum
350 1347 485 1408 omnium
496 1347 651 1408 sociamur
664 1379 709 1392 -·
724 1348 839 1408 etenim
853 1347 1034 1424 legationes
1049 1349 1097 1408 ad
1115 1349 1159 1407 la·

152 1447 233 1495 mam
247 1433 313 1492 eius
328 1449 368 1492 ex
382 1431 464 1492 omni
478 1445 514 1492 se
529 1431 689 1508 provincia
703 1428 883 1492 effuderant
894 1464 940 1477 --
953 1431 1077 1492 habuit
1104 1449 1160 1492 na-

151 1531 209 1576 ves
224 1514 266 1574 ibi
279 1515 411 1576 subduci
423 1515 514 1576 iussit
526 1515 667 1575 remissis
683 1521 829 1590 quattuor
842 1516 1024 1576 triremibus
1037 1516 1159 1577 Massi·

154 1596 309 1672 densium,
333 1613 412 1675 quae
426 1597 520 1659 oidcii
534 1613 630 1660 causa
643 1598 683 1659 ab
699 1599 794 1661 domo
809 1607 1001 1676 prosecutae
1017 1601 1159 1662 merant.

153 1698 308 1758 responsa
320 1681 392 1743 iude
402 1683 605 1759 legationibus
616 1684 784 1760 suspensis
796 1685 949 1746 varietate
962 1691 1009 1748 tot
1020 1701 1159 1749 casuum

156 1767 231 1828 darc
250 1767 352 1843 coepit
371 1768 413 1829 ita
425 1767 506 1829 clato
520 1768 560 1844 ab
578 1768 693 1844 ingenti
708 1769 866 1830 vinudum
882 1787 1012 1831 suarum
1034 1771 1159 1832 dducia

157 1849 274 1926 auimo,
304 1858 337 1913 ut
357 1851 472 1912 nullum
497 1854 585 1915 lerox
609 1853 737 1915 verbum
762 1855 940 1931 excideret,
973 1856 1159 1932 ingensque

158 1934 298 1998 omuibus
320 1952 400 2014 quae
425 1937 540 1999 diceret
564 1951 634 1999 cum
658 1939 806 2000 maiestas
832 1939 952 2001 inesset
972 1945 1038 2000 turn
1059 1939 1158 2001 fides.

156 2020 220 2082 XX
240 2021 396 2097 proiectus
417 2022 456 2082 ab
469 2023 641 2082 Tarracone
662 2030 694 2084 et
714 2023 856 2084 civitates
878 2025 1039 2085 sociorum
1061 2031 1096 2085 et
1111 2026 1158 2084 hi-

160 2106 253 2165 berna
267 2106 419 2168 exercitus
431 2106 512 2182 adiit,
527 2106 776 2184 collaudauitque
786 2107 909 2182 militae,
928 2109 1016 2184 quod
1029 2109 1158 2170 duabus

159 2187 248 2248 matis
264 2189 410 2267 deinceps
425 2189 562 2251 cladibus
577 2189 628 2250 icti
644 2191 837 2266 provinciam
852 2192 1073 2266 obtinuissent,
1097 2209 1158 2254 nec

160 2273 289 2332 fructum
303 2276 506 2335 secundarum
526 2289 629 2335 rerum
643 2275 758 2335 sentire
772 2275 882 2337 hostes
899 2277 987 2353 passi
1004 2277 1093 2337 omni
1110 2279 1156 2338 cis

159 2348 303 2419 Hiberum
324 2373 398 2432 agro
420 2373 475 2419 eos
495 2359 683 2433 arcuissent,
706 2360 877 2436 sociosque
893 2375 963 2420 cum
979 2361 1046 2421 lide
1067 2361 1157 2422 uitali

161 2443 274 2498 essent.
311 2439 458 2502 Marcium
478 2458 582 2504 securn
600 2441 736 2505 habebat
756 2458 827 2506 curn
846 2451 931 2506 tanto
953 2445 1095 2521 honore,
1123 2453 1159 2505 ut

162 2520 251 2580 facile
265 2533 429 2596 appareret
442 2525 516 2586 nihil
526 2527 625 2588 minus
637 2543 729 2602 quam
744 2529 854 2602 vereri,
871 2545 911 2589 ne
926 2527 997 2605 quis
1013 2529 1158 2590 obstaret

162 2601 277 2696 gloriae
292 2619 378 2665 suae.
400 2611 550 2673 successit
565 2611 636 2671 inde
650 2612 764 2672 Neroni
779 2611 914 2689 Silanus,
929 2619 961 2672 et
974 2612 1007 2672 in
1022 2612 1157 2673 hiberna

162 2686 272 2745 milltes
296 2691 370 2748 novi
398 2694 529 2757 deducti.
571 2695 676 2772 Scipio
703 2697 863 2773 omnibus,
897 2712 979 2772 quae
1004 2698 1156 2758 adeunda

163 2767 345 2866 agendaque
366 2786 467 2854 erant,
489 2785 605 2842 mature
625 2781 715 2842 aditis
731 2783 929 2859 peractisque
943 2783 1155 2842 Tarraconem

164 2860 326 2913 concessu.
358 2861 453 2926 nihilo
476 2867 574 2928 minor
589 2867 669 2926 lama
684 2868 769 2943 apud
782 2867 890 2928 hostes
906 2865 1067 2941 Scipionis
1091 2872 1156 2926 erat

166 2949 257 3009 (luam
271 2939 354 3030 apud
370 2945 454 3010 cives
470 2951 646 3028 sociosque,
671 2957 701 3012 et
715 2951 863 3014 divinatio
880 2950 1035 3026 quaedam
1053 2950 1154 3022 laturi,

163 3033 340 3116 quominus
356 3032 434 3093 ratio
449 3035 566 3098 timoris
582 3037 671 3098 reddi
687 3042 807 3113 poterat
822 3036 923 3097 oborti
937 3041 1065 3107 temere,
1091 3051 1152 3094 ma·

164 3115 259 3160 lolem
279 3105 415 3174 luserens
437 3127 560 3184 metum.
589 3121 619 3183 in
639 3121 769 3182 hiberna
783 3120 899 3180 diversi
921 3127 1153 3192 concesserant,

163 3183 336 3280 llasdmbal
352 3192 500 3274 Gisgonis
523 3224 623 3284 usque
645 3207 685 3267 ad
700 3204 854 3266 Oceanum
875 3199 906 3264 et
920 3202 1042 3276 Gades,
1063 3202 1152 3278 Mago

165 3281 195 3324 ln
219 3268 445 3346 mediterranea
469 3293 602 3356 maxime
628 3309 723 3369 supra
743 3291 996 3352 Castulonensem
1023 3287 1151 3355 saltum;

164 3347 336 3444 Htsdlubal
344 3355 530 3435 Hamilcaris
546 3375 626 3438 dlius
642 3375 801 3452 proximus
811 3371 927 3434 Hibero
943 3368 1150 3448 circasaefflr

165 3433 227 3488 turn
240 3429 422 3508 hrbamava,
