2466 3900
224 227 334 289 alasa
346 227 451 290 xxiv,
473 227 557 287 cap.
572 235 616 290 ar.
630 236 675 290 aa.
697 233 735 302 [a.
750 193 863 301 osne]
990 227 1033 292 ³3

79 393 132 456 quc
143 395 169 440 ιιι
182 377 390 456 Syracusanos
403 377 513 439 milites
528 377 656 451 fiebant3
679 392 737 438 nec
752 377 791 438 ab
806 379 868 440 ullo
883 385 1031 455 tempera—

80 472 130 524 tum
142 465 226 536 toret,
247 463 277 522 ni
290 461 447 540 Epicydes
462 468 554 537 atquo
567 461 773 539 Hippocrates
789 462 853 523 bae
867 463 1031 524 multitudi-

76 548 115 618 uis
126 546 235 608 obviam
246 546 350 620 issent,
362 563 423 606 non
434 561 453 605 a
464 547 674 606 misericordia
685 552 737 607 aut
747 546 879 607 humano
892 547 1032 624 consilio,

75 631 123 690 scd
136 647 170 690 ne
180 647 263 706 spem
274 630 390 690 reditus
402 630 616 706 praeciderent
626 631 695 705 sibi,
717 640 747 691 et
761 647 829 692 cum
843 631 931 708 ipsos
942 632 1032 693 simul

73 715 168 776 milites
181 715 257 775 lidos
272 714 419 776 baberent
433 715 523 775 simul
544 715 686 789 obsides,
707 723 771 776 tum
792 724 939 791 cognatos
955 733 1031 792 quo·

73 815 125 873 que
144 815 241 860 eorum
260 806 354 873 atque
375 799 491 860 amicos
505 806 589 859 tanto
604 800 710 861 meritc
728 799 876 874 primum,
900 801 970 861 dein
985 801 1032 877 pi·

72 898 154 958 gnore
172 883 227 943 sibi
246 883 453 944 conciliarent
484 883 680 959 expertique,
703 899 795 959 quam
809 901 890 946 vana
904 891 956 947 aut
970 885 1031 946 levi

73 983 136 1028 aura
152 966 256 1028 mobile
269 968 382 1044 vidgus
405 973 503 1041 essct,
525 967 649 1028 militem
664 968 764 1029 nancti
786 985 825 1028 ex
840 985 877 1029 cc
893 982 1030 1045 numero,

74 1051 117 1124 qui
129 1051 155 1110 iu
167 1051 318 1112 Leontinis
333 1051 529 1112 circumsessi
544 1059 638 1127 erant,
654 1051 830 1124 subornant,
852 1063 885 1114 ut
899 1053 1031 1130 Syracu·
1055 1073 1059 1082 ¹

73 1151 117 1194 sas
134 1135 271 1210 perterret
291 1137 429 1196 nuntium
448 1136 681 1196 convenientem
698 1136 744 1196 eis
766 1153 847 1212 quae
867 1137 908 1198 cd
927 1139 1030 1214 Mylan

74 1219 139 1278 lalso
151 1221 279 1281 nuubata
301 1226 401 1292 crant,
424 1227 643 1295 auctoremque
657 1235 692 1280 se
707 1219 881 1290 exhibendo
897 1237 934 1282 ac
949 1222 1032 1282 velut

77 1302 135 1361 risa
146 1319 214 1378 quae
228 1305 326 1366 dubia
340 1310 426 1364 erant
440 1305 593 1364 narrando
610 1304 776 1363 concitaret
788 1304 850 1364 iras
864 1305 1026 1366 hominum

78 1384 173 1447 XXXII.
191 1389 259 1449 huic
270 1403 335 1450 non
350 1389 434 1464 apud
448 1389 574 1463 vulgum
587 1387 680 1448 modo
695 1387 775 1448 tides
790 1388 854 1462 luit,
869 1390 926 1449 sed
941 1403 1031 1448 sena-

78 1473 125 1528 lrm
138 1488 253 1549 quoque
268 1474 302 1533 in
318 1473 431 1534 curiam
446 1473 636 1533 introductus
651 1472 755 1532 movit.
780 1471 864 1534 haud
879 1472 949 1532 vani
965 1471 1029 1547 qui·

74 1554 130 1612 darn
142 1555 274 1618 homines
298 1557 401 1632 palam
414 1558 494 1616 terre
510 1556 644 1632 perbene
659 1557 810 1616 detectam
829 1558 861 1616 in
874 1557 1030 1618 Leontinis

72 1653 130 1698 esse
141 1642 294 1702 avaritiam
308 1648 338 1701 et
352 1641 560 1702 crudelitatem
571 1641 787 1703 Romanorum.
810 1642 927 1713 cadem,
943 1643 971 1702 si
986 1640 1030 1700 in·

72 1729 183 1785 trassent
202 1725 393 1804 Syracusas,
421 1732 474 1787 aut
493 1725 633 1786 foediora
652 1726 758 1801 etiam,
788 1742 849 1801 quo
870 1727 969 1787 maius
989 1725 1030 1785 ibi

70 1807 193 1869 arandae
206 1811 378 1886 praemium
392 1817 483 1882 esset,
501 1810 634 1870 tacturos
646 1809 751 1871 luisse.
773 1808 876 1886 inque
887 1810 1030 1870 clauden-

70 1889 115 1951 das
133 1895 226 1955 cuncti
248 1901 356 1971 portas
371 1901 402 1954 et
422 1894 656 1955 custodiendam
675 1894 782 1954 urbem
803 1909 940 1954 censere.
974 1894 1031 1954 sed

69 1989 118 2034 non
131 1979 166 2038 ab
179 1979 281 2041 isdem
298 1995 405 2039 omnes
421 1980 526 2060 timere
540 1993 598 2038 nec
613 1979 739 2038 eosdem
756 1978 877 2039 odisses
900 1980 940 2038 ad
954 1978 1030 2052 mili-

68 2064 119 2119 tare
131 2077 224 2136 genus
240 2079 332 2124 omne
346 2071 527 2138 partemque
540 2077 682 2138 magnam
696 2061 796 2138 plebis
811 2062 944 2122 invisum
959 2077 1032 2122 esse

68 2148 354 2218 nomenRomanum3
370 2155 529 2223 praetores
544 2146 796 2223 optimatiumque
808 2147 907 2222 pauci,
925 2162 1030 2221 quarn·

68 2243 143 2300 quam
153 2230 249 2293 inflati
260 2247 342 2292 vano
354 2233 460 2293 nuntio
472 2237 567 2306 erant,
581 2239 682 2291 tamen
694 2231 733 2290 ad
745 2231 872 2306 propius
886 2245 1024 2305 praesen·

66 2309 172 2388 tiusque
183 2317 296 2376 malum
309 2317 461 2376 cautiores
473 2331 554 2376 esse.
576 2321 605 2376 et
619 2316 680 2375 iam
691 2316 731 2375 ad
737 2314 931 2391 Hexapylum
947 2321 1031 2374 erant

66 2392 254 2473 Hippocrates
270 2401 536 2478 atqueEpicydes,
553 2400 795 2475 serebanturque
811 2399 965 2473 colloquia
975 2415 1032 2474 per

65 2484 243 2560 propinquos
259 2485 470 2561 popularium,
482 2485 545 2560 -qui
561 2485 590 2544 in
606 2483 741 2544 exercitu
757 2489 856 2558 erant,
878 2490 911 2543 ut
924 2489 1029 2558 portas

66 2567 203 2638 aperirent
216 2569 415 2646 sinerentque
431 2584 623 2630 communem
638 2569 766 2644 patriam
782 2568 907 2629 delendi
922 2568 961 2628 ab
977 2568 1030 2628 im-

67 2655 126 2721 petu
149 2653 367 2715 Romanorum.
406 2655 466 2714 iarn
492 2654 561 2715 unis
589 2653 705 2714 loribus
733 2651 888 2730 Hexapyli
915 2653 1031 2728 apertis

66 2736 153 2810 ccepti
164 2745 250 2798 erant
261 2738 366 2814 recipi,
381 2754 450 2799 cum
462 2745 620 2814 praetores
632 2737 869 2798 intervenerunt
890 2742 920 2796 et
932 2739 1030 2812 primo

66 2814 178 2893 inperio
203 2822 372 2898 minisque,
405 2822 517 2883 deiude
542 2822 719 2883 auctoritate
745 2820 943 2895 deterrendo,
975 2839 1031 2898 po-

66 2907 179 2980 sbemo,
201 2914 236 2967 ut
256 2908 358 2968 omnia
377 2923 459 2966 vana
481 2915 581 2978 erant,
605 2906 690 2967 obliti
704 2902 877 2966 maiestatis*
887 2905 1031 2981 precibus

66 2987 196 3065 agebant,
219 3007 258 3050 ne
279 2992 447 3069 proderent
467 2991 596 3066 patriam
618 2992 739 3069 tyranni
760 2995 830 3049 ante
851 2990 1031 3051 satellitibus

66 3075 88 3128 et
106 3079 164 3133 tum
179 3075 408 3150 corruptoribus
424 3077 586 3135 exercitus.
616 3077 673 3134 sed
688 3075 800 3136 surdae
816 3074 855 3134 ad
871 3088 909 3134 ea
930 3075 1031 3135 omnia

66 3166 144 3216 aures
164 3159 333 3220 concitatae
354 3158 552 3221 multitudinis
568 3166 669 3232 erant,
694 3175 752 3218 nec
766 3158 884 3219 minere
904 3157 985 3217 intus
999 3159 1031 3217 vi

68 3253 145 3310 quam
164 3242 238 3304 loris
261 3252 367 3319 portae
389 3242 642 3319 effringebantur3
672 3243 869 3316 effractisque
889 3241 1030 3301 omnibus

69 3325 119 3382 tcto
132 3325 292 3408 Hexapylo
308 3345 417 3404 agmen
433 3334 590 3404 receptum
604 3334 660 3388 est.
693 3333 852 3403 praetores
867 3325 898 3383 in
912 3322 1031 3384 Achra-

68 3403 156 3469 dinam
165 3427 231 3472 cum
246 3415 402 3474 iuventute
413 3410 607 3490 popularium
622 3410 809 3486 confugiunt.
831 3405 1031 3468 mercennarii

69 3489 390 3642 Μξῑῗνξῖὲᾞῇῗὶιυθ
411 3503 441 3557 et
457 3495 609 3572 quidquid
623 3495 777 3569 regiorum
797 3491 922 3632 rnilitum
938 3491 1030 3565 Syra·
