2448 3900
1062 9 1132 63 'f

207 235 270 298 ato
355 234 471 296 utura
484 233 589 292 xxix.
612 209 696 291 car.
710 239 754 295 aa
769 240 813 294 aa.
836 239 874 306 [a.
889 239 926 290 u.
943 256 969 289 c.
985 239 1052 298 stat

207 389 435 468 quinquaginta,
456 389 570 446 nullum
584 387 755 446 Romanum
770 385 936 446 exercitum
951 385 1104 446 viderant
1120 400 1203 460 prae·

207 483 253 535 ter
267 472 477 550 praedatorias
493 472 627 545 classes,
651 469 763 544 quibus
778 469 980 529 escensiones
995 467 1031 528 in
1047 485 1150 545 agros
1168 474 1203 532 la·

207 569 274 618 ctae
289 566 390 626 erant3
411 555 587 631 raptisque,
610 569 689 628 quae
710 553 802 614 obvia
816 554 880 614 lors
896 554 1030 628 lecerat,
1052 555 1151 628 prius
1163 573 1202 614 re

207 658 328 702 cursum
344 655 467 714 semper
481 641 521 699 ad
532 653 638 712 naves,
656 653 748 714 quam
763 640 878 698 clamor
893 645 1039 714 agrestes
1056 639 1202 714 conciret,

207 728 320 786 luerau
343 740 381 784 eo
396 724 494 784 maior
508 730 569 783 tum
585 725 658 798 luga
672 737 832 798 pavorque
846 722 878 781 in
891 721 969 782 urbe
983 721 1054 781 luit.
1092 731 1127 782 et
1142 724 1201 782 ber·

207 811 275 870 cule
290 824 391 884 neque
413 808 565 867 exercitus
580 807 663 866 domi
683 806 806 866 validus
821 822 922 880 neque
943 806 1011 866 dux
1028 822 1132 881 quem
1153 825 1200 882 op-

206 901 358 970 ponerent
377 899 452 954 erat.
486 890 677 966 Hasdrubal,
696 891 842 966 Gisgonis
857 891 954 964 littus,
976 905 1105 965 genere
1129 892 1200 951 lama

206 977 320 1038 divitiis
341 978 427 1052 regia
448 984 511 1034 tum
533 976 624 1035 etiam
644 975 800 1035 adfinitate
814 975 905 1049 longe
919 974 1044 1049 primus
1069 975 1199 1034 civitatis

206 1069 286 1122 erata
301 1061 358 1120 sed
373 1076 443 1121 etun
458 1058 497 1118 ab
512 1058 564 1120 illo
579 1060 649 1135 ipso
657 1059 803 1135 Scipione
818 1059 934 1133 aliquot
948 1058 1088 1134 proeliis
1105 1059 1199 1120 lusun

206 1147 392 1221 pulsumque
417 1145 448 1203 in
468 1143 618 1219 Hispania
642 1144 855 1218 meminerant,
883 1158 942 1202 nec
961 1141 1070 1218 magis
1094 1144 1198 1203 ducem

206 1229 276 1288 duci
292 1245 397 1305 parem
413 1244 504 1302 quam
517 1228 744 1288 tumultuarium
764 1227 931 1288 exercitum
947 1242 1040 1290 suum
1057 1227 1198 1288 Romano

205 1313 352 1374 exercitui
367 1327 448 1372 esse.
478 1312 580 1387 itaque
594 1313 679 1372 velut
693 1312 720 1372 sl
734 1312 840 1372 urbem
856 1312 1013 1386 extemplo
1029 1311 1198 1386 adgressu-

204 1414 258 1456 rus
275 1397 379 1473 Scipio
395 1397 481 1471 loret7
500 1397 542 1456 ita
555 1396 775 1457 conclamatum
791 1396 831 1456 ad
844 1410 929 1455 arma
944 1402 1003 1470 est,
1025 1404 1198 1471 portaeque

204 1481 314 1554 raptim
330 1482 454 1540 clausae
469 1487 499 1540 et
519 1481 625 1540 armati
640 1481 669 1540 in
685 1479 780 1541 muris
794 1481 981 1555 vigiliaeque
996 1486 1028 1554 et
1043 1480 1197 1542 stationes

205 1565 385 1639 dispositae,
400 1579 437 1624 ac
451 1572 541 1625 nocte
553 1563 727 1640 insequenti
742 1565 898 1642 vigilatum
912 1571 969 1624 est
997 1572 1134 1639 postero
1151 1566 1196 1624 die

204 1649 286 1708 mille
307 1649 442 1724 equites,
466 1649 656 1725 speculatum
681 1649 721 1709 ad
741 1665 825 1709 mare
845 1648 1089 1724 turbandosque
1114 1666 1197 1725 egre·

205 1731 323 1792 dientes
345 1747 384 1790 ex
406 1731 536 1792 navibus
557 1733 659 1808 missi,
682 1733 713 1792 iu
727 1734 876 1794 stationes
891 1733 1110 1794 Romanorum
1126 1735 1194 1794 iuci-

204 1816 323 1875 derunt.
354 1815 413 1876 iam
436 1817 516 1876 enim
531 1816 636 1892 Scipio
659 1819 759 1878 classe
773 1817 892 1878 Uticam
907 1817 1005 1876 missa
1025 1817 1101 1893 ipse
1118 1817 1193 1878 haud

204 1899 245 1960 ita
258 1901 383 1960 multum
403 1915 588 1976 progressus
607 1903 715 1962 amari
730 1902 863 1962 tumulos
877 1901 1040 1976 proximos
1060 1910 1192 1978 ceperat

203 1985 323 2058 equites
348 1991 378 2045 et
402 1985 432 2043 in
458 1985 640 2046 stationibus
665 1986 742 2046 locis
768 1986 889 2046 idoneis
914 1993 1069 2061 posuerat
1090 1993 1123 2048 et
1144 2004 1194 2064 per

204 2084 295 2142 agros
312 2070 436 2130 miserat
451 2069 640 2144 praedatum.
684 2069 788 2130 XXIX.
814 2069 845 2129 hi
861 2085 930 2131 cum
946 2069 1191 2148 Carthaginiensi
1219 2097 1220 2109 κ

203 2153 339 2225 equitatu
352 2153 502 2228 proelium
517 2169 586 2213 cum
601 2154 835 2228 commisissent,
857 2169 975 2228 paucos
991 2155 1022 2213 in
1038 2154 1113 2230 ipso
1132 2171 1189 2215 cer·

201 2236 329 2310 tamine,
353 2237 521 2313 plerosque
542 2237 692 2312 fugientes
715 2239 883 2314 persecuti,
912 2238 943 2299 in
966 2238 1085 2314 quibus
1107 2256 1190 2316 prae·
1218 2281 1219 2291 t

203 2319 316 2380 lectum
333 2337 459 2396 quoque
473 2322 662 2395 Hannonem,
678 2323 811 2383 nobilem
826 2322 978 2397 iuvenem,
1001 2323 1189 2384 occiderunt

202 2402 306 2478 Scipio
322 2421 384 2464 non
405 2421 497 2481 agros
513 2406 606 2466 modo
622 2406 703 2466 circa
723 2407 869 2483 vastavit,
892 2406 949 2466 sed
970 2406 1082 2468 urbem
1103 2410 1188 2470 etiam
1217 2463 1218 2475 ,

201 2487 374 2562 proximam
394 2490 539 2550 Afrorum
560 2490 635 2550 satis
663 2491 839 2566 opulentam
864 2491 960 2567 cepit,
989 2491 1043 2551 ubi
1072 2501 1185 2568 praeter

202 2579 312 2646 cetera,
328 2589 408 2647 quae
423 2577 576 2650 extemplo
592 2575 624 2634 in
638 2590 735 2635 naves
751 2575 908 2635 onerarias
923 2575 1072 2651 imposita
1083 2577 1187 2637 missa·
1216 2635 1217 2659 ,

202 2655 305 2730 quein
320 2654 455 2715 Sioiliam
476 2666 575 2732 erant,
599 2666 669 2720 octo
685 2659 768 2719 milia
785 2657 948 2719 liberorum
964 2676 1188 2736 servorumque

201 2737 335 2812 capitum
349 2747 421 2799 sunt
441 2749 541 2816 capta.
573 2743 758 2804 laetissimus
774 2750 875 2803 tamen
896 2743 1039 2804 omnibus
1055 2745 1088 2803 in
1110 2748 1186 2820 prin·
1215 2801 1216 2822 ,

203 2821 284 2896 cipio
299 2838 400 2884 rerum
414 2828 617 2900 gerendarum
637 2828 788 2888 adventus
804 2828 858 2888 luit
872 2827 1073 2900 Masinissae,
1099 2846 1186 2905 quern
1215 2826 1216 2841 ¹

201 2906 323 2980 quidam
347 2924 416 2969 cum
437 2911 575 2971 ducentis
596 2911 681 2972 haud
701 2912 830 2988 amplius
852 2912 1023 2987 equitibus,
1047 2915 1185 2989 plerique

199 3006 269 3050 cum
285 2991 379 3052 duum
393 2994 508 3054 milium
522 2996 656 3070 equitatu
670 2996 793 3056 tradunt
805 2996 939 3056 venisse.
966 3003 1107 3057 ceterum
1123 3015 1184 3058 cum
1214 2993 1215 3025 ³

198 3074 290 3150 longe
301 3077 451 3138 maximus
463 3078 598 3140 omnium
611 3078 719 3140 aetatis
731 3096 808 3140 suae
819 3095 926 3155 regum
938 3079 988 3140 hie
999 3081 1104 3152 luerit,
1123 3083 1182 3159 plu·

197 3159 368 3234 rimumque
383 3178 448 3222 rem
461 3163 632 3222 Romanam
646 3163 763 3236 iuverit,
788 3179 902 3240 operae
917 3165 1049 3239 pretium
1066 3165 1183 3227 videtur
1213 3151 1214 3208 l

198 3241 351 3302 excedere
373 3246 495 3319 paulum
518 3246 558 3304 ad
585 3247 803 3322 enarrandum,
837 3265 927 3324 quam
948 3247 1036 3307 varia
1065 3251 1181 3311 fortuna
1212 3293 1213 3298 η

198 3339 276 3384 usus
293 3326 332 3384 sit
348 3327 379 3384 in
395 3328 560 3388 amittendo
577 3332 853 3408 recuperandoque
868 3338 994 3407 paterno
1008 3349 1121 3408 regno.
1212 3313 1213 3392 l

281 3407 418 3469 Militanti
439 3426 495 3485 pro
513 3411 811 3486 Carthaginiensibus
832 3416 863 3474 in
877 3415 1027 3492 Hispania
1049 3425 1141 3491 pater
1160 3421 1181 3478 ei

198 3488 338 3550 moritur·⁴
369 3491 462 3552 Galae
487 3509 598 3553 nomen
622 3503 695 3554 erat.
738 3514 866 3572 regnum
890 3499 930 3558 ad
953 3500 1078 3559 nauem
1104 3504 1180 3577 regis
