2428 3892
241 204 360 268 umisa
375 209 468 270 xiiv.
491 213 863 303 mansonario]
1003 225 1044 291 er

51 355 141 416 ribus
167 355 289 420 firmata
312 359 463 423 habuisse
492 372 522 426 et
545 365 633 444 ipsos
658 379 784 448 paratos
810 375 1045 458 instructosque

49 439 160 500 tuisse.
184 446 214 501 et
233 442 276 502 ita
297 459 333 503 se
353 461 406 506 res
419 445 527 510 habet=
549 453 651 528 adid,
674 458 759 532 quod
774 473 813 518 ne
828 461 969 524 timeatur
983 465 1044 525 ior·

47 529 123 582 tuna
138 525 229 601 iacit,
244 526 369 588 mininie
383 531 439 591 tuti
454 539 525 593 sunt
539 534 694 614 homines,
712 541 785 616 quia
800 545 884 618 quod
900 549 1042 623 neglexe-

37 607 87 666 ris
110 606 271 670 incautum
292 617 388 687 atque
409 623 548 689 apertum
563 617 690 682 habeas.
722 624 796 685 nihil
812 628 946 690 omnium
962 647 1043 693 ninic

37 690 150 750 minus
172 700 314 755 metuunt
334 695 443 760 hostes
475 713 568 774 quain
591 715 631 763 ne
655 706 777 769 obsessi
798 713 891 772 modo
919 713 981 789 ipsi
996 719 1041 776 at·

37 789 106 850 que
122 781 297 852 oppugnati
314 787 417 842 castra
431 799 489 843 sua
502 787 582 848 iutro
598 805 822 866 oppugnemus.
861 795 1039 872 audeamus,

34 859 132 932 quod
148 861 235 920 credi
250 879 313 923 non
328 871 434 938 potest
449 869 582 930 ausuros
599 887 667 932 nos.
698 890 735 935 eo
751 877 836 952 ipso,
860 880 944 954 quod
960 881 1039 942 diiii-

37 941 192 1004 ciliimum
206 945 345 1022 videtur,
367 949 487 1010 facilius
503 953 567 1013 erit.
603 957 692 1017 tertia
706 957 810 1033 vigilia
824 964 923 1023 noetis
939 964 1039 1026 silenti

35 1025 167 1099 agmine
183 1027 297 1095 ducam
310 1047 379 1092 vos.
401 1035 598 1110 exploratum
612 1037 713 1102 habeo
729 1059 790 1102 non
807 1044 977 1120 vigiliarum
990 1065 1026 1108 or

33 1109 148 1169 dinem
163 1127 228 1172 non
244 1114 394 1176 stationes
409 1115 507 1179 iustas
522 1135 603 1181 esse.
627 1125 786 1187 clamorin
802 1129 899 1203 portis
915 1131 1038 1193 auditus

34 1199 70 1252 et
95 1193 220 1270 primus
244 1195 381 1274 impetus
408 1208 512 1263 castra
541 1208 666 1280 ceperit.
701 1215 766 1269 tum
793 1210 871 1272 inter
896 1213 1037 1290 torpidos

38 1293 155 1339 somno
169 1289 388 1360 paventesque
403 1285 445 1344 ad
460 1289 677 1365 necopinatum
691 1293 852 1354 tumultum
863 1301 893 1355 et
903 1294 1036 1358 inermes

36 1360 72 1418 tn
89 1361 244 1425 cubilibus
261 1367 326 1428 suis
344 1383 518 1444 oppressos
533 1372 584 1433 illa
600 1375 713 1436 caedes
730 1376 851 1452 edatur,
868 1393 887 1437 a
902 1396 964 1455 qua
978 1395 1036 1440 vos

34 1442 187 1506 hesterno
205 1447 256 1509 die
269 1459 437 1513 revocatos
452 1469 547 1531 aegre
561 1457 716 1520 terebatis.
740 1460 805 1521 scio
821 1461 924 1522 audax
937 1461 1036 1523 videri

32 1529 221 1607 consitium,
248 1535 357 1595 sedin
378 1538 474 1598 rebus
493 1541 614 1616 asperis
636 1549 666 1602 et
685 1543 768 1604 tenui
789 1560 847 1621 spe
868 1546 1035 1608 fortissima

31 1629 186 1690 quaeque
212 1619 342 1680 consilia
361 1621 516 1683 tutissima
537 1631 624 1696 sunt,
648 1627 736 1701 quia,
761 1628 788 1687 si
807 1628 838 1688 in
860 1629 1033 1691 occasionis

27 1705 205 1774 momento,
222 1701 310 1762 cuius
322 1708 532 1778 praetervolat
545 1710 768 1784 opportunitas,
785 1719 946 1774 cunctatus
957 1729 1032 1789 pau·

27 1783 94 1841 lum
127 1782 242 1859 tueris,
274 1789 465 1864 nequiquam
492 1808 566 1853 mox
594 1792 741 1855 omissam
769 1813 911 1870 quaeras.
952 1813 1032 1858 unus

27 1867 195 1928 exereitus
209 1868 241 1928 in
255 1871 435 1948 propinquo
451 1881 508 1951 est,
525 1876 587 1936 duo
600 1875 803 1954 haud'prooul
814 1880 934 1940 absunt.
950 1895 1032 1940 nunc

27 1949 291 2025 adgredientibus
307 1971 382 2031 spes
398 1958 503 2032 aliqua
518 1965 582 2029 est;
607 1965 637 2020 et
650 1960 710 2020 iarn
723 1964 894 2038 temptastis
909 1967 1030 2022 vestras

26 2040 127 2108 atque
156 2035 283 2099 illoriun
307 2039 402 2100 vires.
440 2042 467 2101 si
494 2043 576 2103 dieni
601 2045 786 2118 proterimus
812 2053 843 2105 et
865 2045 1030 2105 hesternae

25 2119 208 2194 eruptionis
230 2113 314 2183 sarna
329 2125 483 2186 contemni
499 2126 697 2203 desierimus,
718 2128 888 2204 periculum
903 2132 965 2202 est,
986 2143 1029 2188 ne
1081 2173 1083 2177 -

24 2217 143 2264 omnes
159 2204 269 2281 duces,
286 2222 395 2268 omnes
411 2209 523 2284 copiae
539 2211 733 2272 conveniant.
766 2219 829 2272 tres
846 2209 1027 2306 deindedu-

24 2301 92 2361 ees,
105 2292 174 2348 tres
190 2291 348 2352 exercitus
364 2291 587 2354 sustinebimus
603 2295 744 2370 hostiurn,
760 2311 840 2370 qnos
856 2293 908 2354 Cn.
920 2292 1026 2368 Scipio

24 2369 178 2432 incolumi
195 2374 336 2436 exercitu
351 2393 414 2439 non
430 2376 597 2438 sustinuit?
622 2384 655 2438 ut
670 2378 835 2438 dividendo
850 2378 957 2473 copias
973 2392 1025 2451 pe-

25 2454 108 2514 rtore
130 2455 231 2518 duces
252 2459 369 2535 nostri,
390 2457 441 2521 ita'
455 2461 622 2535 scparatim
644 2477 680 2521 ac
701 2461 792 2522 divisi
807 2475 938 2537 opprinn
952 2476 1024 2558 pos·

24 2545 99 2598 sunt
113 2538 237 2601 hostes.
261 2542 322 2603 alia
336 2543 409 2604 belli
423 2544 552 2620 gerendi
567 2546 618 2604 via
632 2545 715 2604 nulla
729 2549 785 2604 est.
807 2544 938 2620 proinde
952 2543 1024 2640 nibil

22 2629 153 2696 practer
169 2625 272 2688 noctis
287 2627 451 2702 proximae
468 2628 726 2703 opportunitatem
741 2633 967 2724 exspectemus.
983 2634 1024 2687 ite

22 2707 92 2766 deis
108 2707 193 2769 bene
208 2709 398 2786 iuvantibus,
414 2727 549 2786 corpora
564 2719 682 2786 curate,
701 2719 735 2773 ut
747 2711 856 2786 integri
870 2716 1021 2786 vigentes·

22 2807 84 2864 que
97 2793 214 2852 eodem
226 2794 329 2856 animo
343 2795 373 2854 in
386 2801 488 2855 castra
499 2795 634 2856 hostiurn
645 2795 828 2869 irrumpatis,
845 2810 908 2871 quo
920 2800 1022 2854 vestra

23 2875 111 2934 tutati
127 2877 238 2936 estis“.
881 2961 887 2974 ·

106 2959 198 3022 Laeti
213 2968 245 3022 et
258 2963 389 3024 audiere
404 2963 443 3022 ab
458 2978 541 3023 novo
558 2962 637 3021 duce
652 2975 765 3023 novum
781 2961 956 3056 consilium,
980 2965 1018 3031 et,

25 3060 84 3117 quo
107 3045 264 3106 audacius
279 3036 367 3122 erat,
383 3045 483 3121 magis
497 3046 648 3122 placebat.
682 3045 834 3118 reliquum
849 3044 909 3103 diei
924 3056 1017 3116 expe-

25 3127 146 3188 diendis
172 3130 269 3191 armis
296 3136 335 3191 et·
352 3130 513 3191 curatione
542 3141 707 3205 corporum
732 3133 961 3202 consumptum,
988 3127 1019 3180 et

24 3212 120 3272 maior
141 3229 219 3288 pars
235 3214 338 3274 noctis
356 3213 450 3290 quieti
466 3215 538 3274 data
552 3219 608 3272 est.
643 3217 751 3288 quarta
764 3211 867 3304 vigilia
882 3220 1015 3267 movere.

23 3292 153 3357 XXXIX.
179 3305 271 3360 erant
287 3298 369 3360 ultra
383 3299 527 3375 proxima
542 3302 645 3356 castra
659 3313 716 3356 seii
730 3295 842 3354 mitium
858 3287 1016 3386 mtervallo

26 3378 173 3443 distantes
196 3383 278 3444 aliae
300 3383 413 3459 copiae
435 3383 617 3443 Poenorum.
648 3381 746 3440 valles
761 3389 843 3473 'cava
863 3375 1013 3464 intererat,

25 3466 183 3528 condensa
204 3467 383 3529 arboribus.
420 3466 450 3526 in
465 3465 557 3526 huius
579 3464 674 3525 silvae
689 3460 789 3520 medio
802 3458 897 3530 tenne
914 3457 1014 3530 spatio

61 3566 86 3607 r.
108 3567 176 3611 uiui
198 3569 279 3614 raus
301 3552 352 3610 ΙΙΙ.
789 3549 805 3600 ⁷
