2466 3900
193 237 235 306 88
308 239 424 302 LIBER
437 239 544 302 xxiv.
567 237 650 300 cal'.
665 245 709 302 36.
723 243 767 302 at.
782 247 827 302 38.
849 243 886 312 [ι.
901 243 936 298 ll.
952 259 977 296 a.
991 243 1053 313 5³8]

193 392 273 456 sidio
280 393 420 454 Romano
435 390 551 467 recipit,
566 389 619 451 ubi
634 389 775 451 frumeuti
784 403 897 465 magna
907 389 956 450 vis
971 396 1153 451 conmeaoa·
1201 433 1202 444 ,

194 494 255 558 que
270 477 368 539 omnis
385 475 507 551 generis
522 473 663 535 convecti
677 480 765 534 erant
776 471 934 534 Romanis.
1201 463 1202 542 J

276 559 425 622 XXXVII.
446 559 498 620 Ad
508 557 587 619 hanc
599 557 803 619 deiectionem
814 557 906 617 erecti
921 562 993 618 suut
1003 561 1033 618 et
1045 557 1153 617 almum
1201 563 1202 574 ¹

192 644 357 706 civitatium
377 642 485 714 cuinuh
513 641 732 718 praesidiaque
751 641 892 702 Romana
912 647 964 702 aut
983 640 1155 717 pellebantur

192 729 314 790 arcibus
335 732 387 789 aut
401 726 524 803 prodita
536 741 594 803 per
607 725 745 788 baudem
766 724 1026 801 opprimebantur.
1053 723 1152 800 llenna,

191 813 318 874 excelso
334 813 403 872 loco
425 827 462 871 ac
476 818 642 887 praerupto
663 809 801 884 undique
816 810 889 885 sita,
911 826 982 872 cum
996 809 1064 870 loco
1083 808 1154 868 inex·

191 894 366 973 pugnabilis
388 901 468 970 erat,
497 901 561 956 tuna
581 894 770 976 praesidium
790 895 821 953 in
842 909 914 954 arce
926 893 1062 954 validum
1080 907 1154 968 prae

191 981 369 1056 lectumque
384 978 531 1056 praesidii
545 977 630 1040 haud
643 993 718 1039 sane
732 985 940 1055 opportunum
958 975 1154 1058 insidiantibus

191 1063 332 1124 babebat.
369 1063 403 1123 L.
417 1062 554 1123 Pinarius
569 1068 649 1139 erat,
670 1063 720 1122 vir
732 1077 805 1124 acer
817 1069 849 1123 et
863 1062 917 1139 qui
931 1064 1002 1139 plus
1016 1061 1046 1122 in
1059 1076 1108 1134 eo,
1125 1074 1155 1119 no

190 1155 300 1225 posset
315 1147 425 1224 decipi,
445 1163 537 1222 quam
550 1147 581 1207 in
596 1146 659 1208 lide
674 1146 848 1209 Siculoruun
860 1152 1034 1223 reponeret.
1064 1150 1092 1205 et
1103 1150 1153 1204 tun

189 1233 382 1294 intenderant
396 1247 466 1294 eum
480 1231 520 1292 ad
532 1231 661 1292 cavendi
676 1231 779 1292 omnia
789 1247 894 1292 curam
907 1237 953 1293 tat
967 1230 1087 1292 auditae
1095 1241 1153 1304 pro·

190 1317 322 1378 ditiones
344 1316 597 1392 defectionesque
619 1314 737 1377 urbium
758 1323 790 1377 et
810 1314 916 1376 clades
936 1313 1152 1393 praesidiorum.

190 1401 294 1478 itaque
315 1407 405 1462 nocte
419 1400 532 1476 dieque
550 1399 636 1460 iuxta
650 1405 758 1476 parata
777 1400 990 1476 instructaque
1004 1397 1102 1460 omnia
1113 1411 1153 1455 cu·

189 1485 300 1546 stodiis
315 1499 352 1546 ao
369 1484 480 1560 vigiliis
494 1491 596 1556 erant,
617 1499 675 1544 nec
690 1484 729 1544 ab
749 1483 842 1544 armis
857 1489 910 1547 aut
923 1485 995 1545 loco
1011 1498 1068 1544 suo
1082 1479 1149 1540 miles

190 1567 387 1630 abscedebat„
421 1567 507 1642 quod
525 1567 577 1628 ubi
597 1565 808 1629 Hennensium
830 1568 987 1645 principes
1010 1568 1069 1628 iarn
1088 1559 1152 1640 pacti

191 1669 260 1714 cum
273 1651 443 1712 Himilcone
464 1652 504 1711 de
524 1650 698 1727 proditione
712 1653 859 1729 praesidii
880 1651 1151 1717 animadverterunt

189 1737 263 1797 nulli
278 1735 436 1797 occasioni
447 1735 742 1798 iraudisRomaruum
757 1744 871 1812 patere,
887 1745 996 1813 aperte
1009 1735 1064 1797 rati
1078 1745 1152 1808 ogau

181 1822 271 1883 dum.
293 1821 401 1881 urbem
416 1835 580 1895 arcemque
595 1834 671 1881 suae
685 1822 846 1897 potestatis
862 1821 947 1883 aiunt
962 1822 1075 1884 debere
1088 1828 1153 1887 csse,

189 1905 216 1965 si
231 1904 319 1966 liberi
332 1905 363 1964 in
378 1905 571 1978 societatem,
593 1919 655 1964 non
670 1905 753 1965 servi
774 1905 804 1965 in
820 1905 993 1968 custodiam
1007 1901 1103 1968 traditi
1115 1913 1153 1958 es·

190 1988 423 2052 seutRomanis.
445 1989 550 2064 itaque
562 1989 666 2048 claves
683 1989 763 2048 arcis
779 1996 1001 2067 portarumque
1011 1987 1095 2051 reddi
1107 1979 1154 2044 sibi

189 2088 322 2148 aequuum
336 2078 479 2135 censent:
502 2072 591 2133 bonis
607 2071 701 2134 sociis
715 2073 809 2133 lidern
823 2089 912 2136 suam
925 2075 1088 2136 maximum
1099 2067 1152 2127 vin·

189 2160 291 2220 culum
312 2173 399 2233 esse,
423 2157 514 2219 etita
535 2155 594 2217 sibi
615 2159 762 2232 populum
775 2158 948 2220 Romanum
969 2162 1153 2227 senatumque

187 2243 301 2316 gratias
321 2241 510 2318 babianum,
532 2241 559 2302 si
571 2242 712 2302 volentes
733 2256 770 2302 ac
784 2257 846 2303 non
862 2243 962 2305 coacti
985 2236 1154 2304 mansissent

187 2325 218 2385 in
240 2325 381 2387 amicitia
412 2327 452 2386 ad
470 2341 508 2386 ec
527 2327 686 2388 Romanus
707 2341 743 2386 se
763 2325 794 2386 iu
816 2327 974 2402 praesidio
996 2322 1153 2404 impositum

187 2425 260 2469 esse
273 2410 376 2471 dicere
391 2409 430 2470 ab
445 2410 629 2486 imperatore
640 2425 707 2485 suo,
724 2411 892 2487 clavesque
903 2419 1060 2488 portarum
1074 2415 1101 2468 et
1112 2417 1153 2463 ou·

188 2493 319 2553 stodiam
334 2493 414 2568 arcis
430 2493 468 2553 ab
485 2509 522 2553 eo
538 2493 709 2568 accepisse,
725 2509 805 2570 quae
819 2510 877 2556 neo
891 2512 949 2558 suo
965 2495 1153 2558 necltcuueu·

189 2577 269 2639 sium
284 2576 412 2638 arbitrio
420 2575 548 2636 haberet
562 2577 620 2636 sod
633 2576 700 2638 eius
712 2578 764 2653 qui
775 2581 990 2642 commisisset
1013 2569 1152 2656 pracsidio

188 2660 340 2721 decedere
360 2660 445 2736 apud
459 2661 615 2730 Romanos
631 2663 741 2738 capital
761 2677 848 2740 esse,
871 2673 902 2725 et
915 2681 992 2727 neco
1006 2663 1153 2725 liberoruu

188 2745 278 2806 etiarn
300 2760 425 2806 suorum
447 2759 515 2804 eam
535 2760 649 2806 noxam
664 2753 807 2822 parentes
828 2749 980 2810 sanxisse.
1012 2743 1153 2810 consulem

187 2828 364 2890 Marcellum
385 2829 469 2891 haud
489 2831 597 2905 procul
619 2845 704 2892 esse:
732 2833 771 2892 ad
793 2848 863 2894 eum
876 2835 1028 2896 mitterent
1040 2831 1152 2905 legawb

153 2956 155 2960 .
187 2912 275 2974 cuius
291 2913 365 2976 iuris
380 2919 473 2989 atquo
488 2914 602 2976 arbitrii
617 2922 710 2978 esset
732 2931 768 2976 se
782 2932 856 2978 vero
871 2933 985 2994 negare
999 2917 1045 2984 illi¹
1056 2912 1152 2974 missu·

186 3013 249 3074 ros,
263 2999 440 3075 testarique,
456 2999 483 3059 si
496 2999 601 3060 verbis
616 3000 690 3061 nihil
704 3009 839 3077 agerent,
855 3002 1021 3065 vindictam
1035 2999 1153 3071 aliquam

186 3082 333 3145 libertatis
351 3099 433 3144 suae
457 3084 662 3160 quaesituros.
695 3092 757 3146 tura
777 3086 931 3148 Pinariusz
952 3094 983 3148 at
1002 3085 1058 3159 illi,
1077 3078 1102 3141 si
1120 3069 1153 3166 all

187 3171 345 3230 consulem
365 3175 565 3244 gravarentur
584 3169 717 3246 initiare,
739 3169 796 3230 sibi
812 3173 919 3232 saltem
934 3172 1041 3232 darent
1060 3157 1153 3243 populu
1201 3219 1202 3222 ,

186 3253 357 3328 concilium,
373 3258 407 3314 ut
421 3253 558 3329 sciretur,
574 3260 673 3318 utrum
689 3269 859 3329 paucorum
873 3271 911 3317 ea
925 3249 1106 3336 denuntiatio
1119 3248 1151 3300 al

185 3338 347 3416 universae
373 3337 505 3399 civitatis
531 3345 624 3400 esset
668 3353 823 3400 consensa
847 3339 877 3400 in
904 3346 1058 3417 posterum
1082 3331 1151 3392 duan

186 3424 297 3485 annua
338 3461 339 3465 =
1201 3441 1202 3506 u

269 3505 430 3568 XXXVlll.
457 3507 625 3584 Postquam
640 3508 679 3569 ab
700 3524 738 3570 eo
754 3504 910 3586 colloquio
923 3507 955 3570 in
977 3513 1076 3570 arcera
1089 3501 1150 3558 sose
1201 3519 1202 3556 1
