2448 3900
234 255 351 316 mena
361 256 466 318 xxm
491 257 686 319 onumen.
710 261 867 336 namq
987 258 1049 321 aaa

67 408 156 470 iussu
179 414 232 470 aut
250 410 408 471 uoluntate
422 409 455 473 P.
471 409 625 486 Scipionis
646 411 727 472 lacta
742 427 829 486 esse,
850 413 969 487 legatos
985 413 1051 474 mit-

67 499 168 555 terent
186 493 379 554 Messanam
400 494 442 554 ibi
463 509 499 555 ee
520 511 590 555 cum
611 495 741 556 consilio
760 498 961 571 cogniturum.
993 498 1051 558 Lo·

66 593 196 638 erenses
217 580 352 655 praetori
372 579 559 653 legatisque,
582 579 701 640 serratui
724 595 760 640 ao
780 581 898 656 populo
912 582 1051 644 Romano

65 663 182 738 gratias
207 669 349 738 egeram:
381 677 417 722 se
441 662 481 723 ad
504 663 681 723 Pleminium
705 666 914 726 accusandum
939 667 1051 736 ituros;

67 747 261 822 Scipionem,
283 762 468 822 quamquam
489 762 597 823 parum
618 748 736 809 iniuriis
757 749 886 810 civitatis
904 766 981 810 suae
996 752 1051 812 do-

66 833 165 907 luerit,
181 847 250 892 eum
266 847 339 892 esse
352 831 451 891 virum
468 845 559 907 quem
574 832 705 894 amicum
720 833 780 894 sibi
795 850 886 909 quam
898 834 1050 896 inimicum

67 917 193 975 mallent
206 929 288 976 esse.
309 931 366 992 pro
382 922 466 976 certo
482 931 517 976 se
531 915 646 976 habere
660 932 762 994 neque
777 918 866 979 iussu
881 935 982 995 neque
996 936 1050 980 vo·

65 1001 183 1060 luntate
202 999 234 1058 P.
249 999 404 1075 Scipionis
424 1005 470 1061 tot
490 1007 551 1060 tam
571 1002 704 1062 nefanda
725 1002 904 1064 commissa=
928 1004 985 1063 sed
1000 1009 1052 1064 aut

65 1084 213 1144 Pleminio
228 1085 353 1144 niarium
369 1091 422 1145 aut
436 1084 494 1144 sibi
509 1099 617 1159 parum
634 1087 798 1158 credibam3
821 1096 873 1148 ant
886 1095 996 1148 natura
1006 1087 1049 1146 in-

66 1169 158 1229 situm
174 1168 358 1244 quibusdam
373 1185 454 1244 esse,
470 1175 503 1229 ut
516 1170 613 1244 magis
628 1171 751 1245 peccari
765 1173 875 1246 nolint,
894 1187 986 1248 quam
1001 1187 1050 1232 sa·

65 1253 106 1313 tis
127 1252 218 1312 animi
241 1254 280 1313 ad
298 1252 485 1313 vindicanda
505 1259 634 1328 peecata
653 1255 793 1316 habeant.
827 1264 857 1316 et
872 1256 1006 1331 praetori
1022 1263 1052 1316 et

67 1337 198 1399 oonsilio
218 1338 301 1398 haud
323 1337 479 1398 mediocre
501 1352 580 1398 onus
601 1339 757 1414 demptum
771 1341 889 1399 eraldo
905 1340 1050 1416 Scipione

66 1421 293 1496 cognoscendi:
325 1421 504 1482 Pleminium
525 1427 557 1482 et
577 1422 618 1483 ad
639 1423 700 1484 duo
720 1429 752 1484 et
771 1425 893 1499 triginta
909 1424 1050 1486 homines

67 1521 139 1565 oum
159 1520 196 1565 eo
212 1505 433 1568 damnaverunt
454 1511 547 1581 atque
567 1506 598 1565 in
619 1507 735 1566 eatenis
750 1509 877 1569 Romam
891 1510 1049 1570 miserunt.

66 1589 129 1664 ipsi
150 1590 190 1649 ad
205 1589 380 1664 Scipionem
402 1590 547 1667 protecti,
568 1597 602 1651 ut
616 1607 653 1650 ea
668 1607 809 1667 quoque,
832 1609 912 1668 quae
927 1594 1049 1668 vulgata

67 1673 263 1734 sermonibus
286 1681 372 1741 erant
386 1675 426 1735 de
443 1677 527 1735 cultu
541 1690 578 1734 ac
594 1674 713 1736 desidia
727 1676 921 1751 imperatorie
936 1680 1050 1739 soluta·

67 1773 131 1832 que
145 1757 306 1832 disciplina
321 1758 453 1834 militiae,
469 1764 626 1835 comperta
640 1760 738 1821 oculis
752 1762 902 1822 referrent
911 1763 1049 1822 Romam.

63 1842 158 1902 XXII.
181 1843 374 1903 venientibus
389 1843 427 1904 iis
443 1841 618 1921 Syracusas
635 1843 740 1919 Scipio
755 1861 807 1905 res
822 1862 884 1905 non
899 1846 994 1906 verba
1010 1847 1050 1906 ad

65 1927 261 2002 purgandum
288 1941 359 1986 sese
380 1928 508 2003 paravit.
548 1927 715 1988 exercitum
736 1944 855 1989 omnem
877 1945 914 1989 eo
938 1945 1048 1989 conve·

64 2011 149 2085 nire,
171 2012 302 2070 classem
324 2011 463 2087 expediri
482 2012 586 2083 iussit,
608 2018 763 2087 tamquam
784 2012 989 2072 dimicandum
1012 2029 1049 2073 eo

63 2097 117 2156 die
130 2101 214 2155 terra
233 2096 373 2170 marique
390 2112 459 2156 cum
475 2095 774 2170 Carthaginiensibus
791 2101 883 2156 esset.
922 2113 986 2171 quo
1001 2096 1050 2155 die

65 2185 218 2240 venerunt
231 2179 364 2254 hospitio
377 2181 503 2240 comiter
513 2179 659 2255 acceptis,
675 2186 801 2256 postero
812 2181 863 2240 dle
875 2186 1050 2240 terrestrem

65 2265 270 2340 navalemque
292 2264 474 2337 exercitum,
503 2279 565 2324 non
590 2263 756 2325 instructos
777 2264 886 2336 modo,
912 2265 970 2324 sed
991 2264 1049 2324 hos

65 2349 275 2421 decurrentes,
292 2349 424 2408 classem
438 2349 469 2407 in
484 2354 575 2424 portu
590 2348 786 2408 simulacrum
801 2355 831 2408 et
844 2347 944 2423 ipsam
956 2349 1049 2408 eden·

65 2440 127 2492 tem
142 2433 260 2492 navalis
277 2447 414 2507 pugnae,
431 2432 578 2502 ostendit3
599 2438 662 2493 turn
678 2432 759 2492 cirea
773 2433 1006 2492 armamentaria
1020 2438 1051 2492 et

65 2517 179 2578 horrea
198 2521 348 2592 altumque
367 2519 438 2578 betta·
455 2523 637 2594 apparatam
650 2516 813 2576 visendum
829 2523 952 2591 praetor
965 2516 1048 2590 lega-

64 2601 151 2676 tique
166 2601 266 2671 dueti3
289 2607 434 2676 tantaque
448 2601 608 2661 admiratio
624 2600 811 2676 singularum
822 2601 1048 2661 universarum-

65 2701 128 2760 que
143 2701 246 2746 rerum
261 2685 397 2759 incussa,
418 2692 452 2746 ut
465 2686 540 2746 satis
556 2685 716 2746 crederent
730 2692 782 2746 aut
795 2685 847 2745 illo
863 2685 943 2745 duce
958 2692 1050 2761 atque

64 2769 204 2830 exercitu
227 2769 309 2829 vinci
331 2769 611 2845 Carthaginiensem
636 2772 784 2845 populum
811 2776 863 2831 aut
883 2770 943 2830 alio
966 2770 1049 2830 nullo

65 2869 180 2928 posse,
196 2853 412 2931 iuberentque,
431 2852 515 2929 quod
530 2854 560 2914 di
574 2854 654 2914 bene
669 2861 837 2928 verterent,
858 2854 1004 2927 traicere,
1020 2860 1050 2914 et

66 2939 134 3012 spei
158 2945 341 3012 conceptae,
358 2954 421 3013 quo
443 2939 493 2998 die
515 2937 599 2998 illum
621 2953 728 2998 omnes
745 2939 900 2998 centuriae
914 2939 1048 3014 priorem

66 3024 224 3083 consulem
251 3021 417 3097 dixissent,
443 3023 541 3098 primo
568 3037 692 3099 quoque
716 3030 854 3097 tempore
876 3028 1069 3107 compotem⁸
1123 3039 1124 3042 ¹

67 3108 216 3182 populum
236 3107 408 3168 Romanum
430 3103 542 3167 laoe're.
575 3108 717 3182 adeoque
737 3107 825 3166 laetis
846 3105 918 3166 inde
939 3104 1047 3164 animis

68 3191 198 3266 proiecti
212 3197 296 3266 suat,
318 3197 474 3267 tamquam
494 3191 668 3259 uictoriam,
689 3207 752 3250 non
767 3189 837 3250 belli
852 3185 1048 3262 magnificum

67 3285 249 3353 apparatum
264 3276 429 3338 nuntiaturi
445 3276 572 3336 Romam
591 3280 706 3335 essent.

149 3361 315 3422 Pleminius
339 3362 454 3436 quique
467 3361 498 3420 in
520 3360 628 3420 eadem
650 3361 859 3429 nausearent,
881 3361 1046 3452 postquam

67 3447 194 3508 Romam
209 3453 393 3507 estuantem
409 3445 585 3521 extemplo
577 3461 608 3504 m
624 3457 778 3504 carcerem
792 3439 915 3500 conditi.
936 3437 1046 3512 capri

67 3545 115 3590 mo
131 3530 273 3607 producti
290 3531 330 3590 ad
343 3531 493 3608 populum
508 3530 546 3589 ab
562 3505 690 3588 tnbunis
702 3524 786 3600 apud
797 3525 1043 3600 praeoccupatos
