2428 3892
191 231 233 294 82
362 229 477 292 LIBER
487 229 580 290 XXV.
602 227 686 289 CAP.
698 237 741 290 25.
755 235 800 289 at.
823 233 861 300 [ι.
874 230 907 284 U.
920 247 944 284 c.
957 229 1021 296 did]

192 389 237 446 les
263 383 373 446 avidus
394 382 529 459 praedae
549 397 610 442 non
632 388 750 458 posset
786 379 877 456 legati
898 395 939 442 eo
960 379 1001 440 ab
1021 378 1157 459 'lychaet

191 467 320 544 Neapoli
335 483 404 528 cum
418 465 522 526 intulis
537 472 567 527 et
582 464 761 526 velamentis
774 469 926 524 venerunt
940 469 1115 540 precantes,
1132 469 1157 524 ut

192 571 211 614 a
226 551 373 613 caedibus
388 557 418 610 et
432 549 471 610 ab
486 549 636 610 incendiis
652 554 838 624 parceretur.
874 549 913 608 de
929 564 1063 624 quorum
1078 547 1156 622 preci·

192 638 252 697 bus
273 649 365 710 quam
385 632 548 708 postulatis
568 631 667 708 magis
687 631 817 693 consilio
838 631 943 694 habito
957 631 1117 692 Marcellus
1129 646 1158 689 ex

193 718 327 782 omnium
341 716 491 778 sententia
504 715 600 778 edixit
612 715 765 788 militibus,
784 730 823 775 ne
836 715 907 791 quis
920 715 1051 776 liberum
1063 729 1158 790 corpus

193 803 328 873 violaret,
344 808 445 861 cetera
460 799 595 876 praedae
609 800 718 862 lutura.
742 805 906 874 castraque
922 797 1013 860 tectis
1028 799 1158 874 parietum

192 901 251 962 pro
276 899 362 945 muro
388 891 505 960 saepta.
540 883 638 959 portis
661 883 788 957 regione
813 883 983 958 platearum
1006 881 1158 958 patentibus

193 968 345 1030 stationes
358 967 576 1044 praesidioque
591 967 759 1043 disposuit,
774 982 812 1027 ne
828 965 898 1042 quis
915 965 945 1026 in
962 966 1104 1026 discursu
1118 965 1158 1022 mi·

193 1054 278 1114 litum
292 1052 422 1127 impetus
437 1051 468 1110 in
483 1057 584 1112 castra
598 1050 663 1111 lieri
679 1057 796 1126 posset.
822 1049 893 1110 inde
908 1048 1002 1125 signo
1016 1049 1087 1110 dato
1101 1047 1159 1107 mili·
1187 1032 1188 1118 l

193 1146 239 1200 tes
255 1135 480 1205 discurrerunt;
508 1133 710 1210 retractisque
725 1134 844 1196 toribus
859 1149 929 1194 cum
945 1133 1051 1196 omnia
1063 1138 1159 1194 terrore
1187 1123 1188 1170 t

194 1237 231 1282 ac
246 1220 375 1282 tumultu
388 1224 570 1295 streperent,
585 1235 604 1278 a
618 1218 766 1280 caedibus
782 1223 881 1278 tamen
896 1223 1100 1293 temperatum
1112 1221 1159 1275 est=

194 1304 311 1381 rapinis
326 1304 428 1364 nullus
452 1310 523 1364 ante
535 1301 646 1362 modus
661 1301 717 1362 tuit
731 1318 824 1377 quam
839 1301 941 1362 omnia
956 1302 1098 1363 diuturna
1111 1297 1158 1358 ieli-

194 1389 284 1450 citate
300 1389 452 1449 cumulata
465 1387 549 1460 bona
563 1399 719 1460 egessere.
742 1385 820 1446 inter
835 1385 911 1444 lraec
927 1393 958 1446 et
968 1383 1159 1454 Philodemus,

195 1489 263 1534 cum
278 1487 353 1548 spes
368 1469 472 1531 auxilii
486 1471 569 1530 nullo
583 1474 675 1544 esset,
691 1468 753 1530 ilde
764 1474 902 1544 accepta,
916 1475 952 1530 ut
962 1468 1121 1530 inviolatus
1131 1465 1158 1525 al
1188 1490 1189 1578 q

194 1555 355 1634 Epicyden
380 1552 508 1627 rediret,
536 1552 669 1614 deducto
697 1552 855 1628 praesidio
882 1551 1010 1613 tradidit
1032 1552 1157 1614 tumulum
1188 1589 1189 1606 ,

195 1637 352 1700 Romanis.
388 1637 506 1698 aversis
528 1636 668 1697 omnibus
682 1636 723 1697 ad
738 1638 897 1700 tumultum
912 1650 953 1696 ex
969 1642 1057 1713 parte
1071 1639 1159 1710 capta

196 1723 280 1785 urbis
292 1720 443 1782 Bomilcar
457 1726 578 1782 noctem
592 1735 660 1780 cam
675 1726 793 1794 nactus,
811 1735 873 1795 qua
887 1727 1018 1796 propter
1030 1720 1090 1780 vim
1102 1725 1158 1779 ten·

196 1806 325 1885 pestatis
350 1811 433 1865 stare
454 1805 494 1866 ad
518 1819 663 1865 ancoram
683 1804 713 1864 in
735 1806 802 1866 salo
822 1806 964 1866 Romana
987 1803 1096 1866 classis
1113 1816 1160 1860 non

198 1897 319 1969 posset,
340 1905 409 1952 cum
430 1887 550 1965 triginta
571 1888 707 1964 quinque
728 1888 859 1948 navibus
880 1902 920 1948 ex
935 1896 1033 1964 portu
1047 1887 1159 1968 Syracu-

197 1991 273 2038 sano
295 1973 451 2052 proiectus
472 1974 568 2034 libero
589 1971 664 2032 mari
684 1971 754 2032 vela
774 1972 805 2032 in
820 1974 914 2034 altum
935 1972 1026 2035 dedit
1045 1971 1160 2048 quinque

197 2066 228 2120 et
242 2058 461 2136 quinquaginta
472 2055 602 2118 nauibus
612 2055 773 2136 Epicydae
784 2061 815 2116 et
826 2054 1038 2135 Syracusanis
1049 2052 1160 2118 relictisr

197 2144 378 2221 edoctisque
393 2140 706 2217 carthaginiensibus,
727 2141 759 2201 in
781 2146 896 2216 quanto
910 2155 962 2201 res
979 2139 1161 2220 Syracusana

197 2227 371 2290 discrimine
392 2233 490 2302 esset,
512 2241 580 2288 cum
602 2231 723 2286 centum
745 2224 875 2286 navibus
892 2231 964 2301 post
977 2240 1096 2302 paucos
1109 2219 1159 2280 dies

198 2313 283 2388 redit,
298 2312 415 2383 multis,
431 2318 463 2371 ut
478 2312 557 2371 lama
572 2317 627 2384 est,
644 2309 733 2372 donis
749 2324 789 2369 ex
803 2309 946 2370 Hieronis
961 2324 1041 2384 gaza
1055 2309 1092 2370 ab
1106 2303 1158 2378 Epi·

198 2396 280 2475 cyde
294 2397 436 2459 donatus.

281 2480 389 2542 xxvt.
417 2477 579 2540 Marcellus
594 2477 731 2558 Euryalo
745 2486 870 2556 recepto
885 2477 1105 2555 praesidioque
1120 2471 1161 2532 al-

199 2564 261 2626 dito
281 2581 344 2626 una
364 2577 438 2624 cura
458 2569 524 2624 erat
537 2561 628 2638 liber,
650 2578 689 2623 ne
705 2580 768 2640 qua
781 2563 821 2624 ab
836 2571 922 2639 tergo
937 2563 986 2625 vis
1001 2562 1128 2626 hostium
1139 2554 1161 2613 in

198 2663 300 2710 arcem
315 2653 442 2723 accepto
456 2646 592 2710 inclusos
606 2646 833 2724 impeditosque
847 2648 1011 2711 moenibus
1026 2661 1100 2709 suos
1114 2649 1160 2704 tur·

199 2732 294 2794 haret.
313 2731 519 2792 Achradinam
534 2729 606 2793 inde
619 2731 705 2792 trinis
721 2733 831 2794 castris
846 2747 903 2810 per
916 2733 1031 2795 idonea
1046 2723 1159 2804 disposi⁴

199 2815 237 2878 tls
251 2817 328 2892 loca,
344 2831 401 2893 spe
416 2816 455 2878 ad
469 2815 603 2894 inopiam
617 2816 751 2878 omnium
764 2832 868 2879 rerum
883 2817 1023 2879 inclusos
1039 2815 1160 2876 redactu-

200 2917 275 2975 rum,
291 2899 494 2964 circumsedit
527 2917 596 2962 cum
610 2917 666 2978 per
680 2900 797 2978 aliquot
812 2902 880 2963 dies
896 2901 1017 2978 quietae
1032 2896 1161 2962 stau'oncs

199 2985 351 3062 utrimque
366 2986 502 3062 luissent,
517 2991 644 3064 repente
658 2986 809 3047 adventus
823 2985 1021 3062 Hippocratis
1036 2989 1066 3044 et
1075 2975 1162 3040 Himil-

200 3069 286 3133 conis
303 3078 335 3133 ut
348 3072 426 3133 ultro
440 3070 576 3148 undique
591 3077 844 3147 oppugnarentur
857 3069 987 3132 Romani
1002 3067 1079 3129 iecit
1105 3073 1161 3153 nam

200 3162 230 3217 et
248 3154 452 3233 Hippocrates
477 3155 586 3217 castris
612 3155 652 3216 od
671 3169 814 3230 magnum
839 3162 962 3231 portum
988 3144 1162 3214 communita

200 3239 351 3316 signoque
364 3239 401 3300 iis
416 3239 498 3313 dato,
514 3239 566 3316 qui
577 3238 783 3300 Achradinam
797 3240 950 3314 tenebant,
966 3235 1161 3299 castraretur

201 3323 408 3384 Romanorum
429 3323 556 3383 adortus
577 3328 638 3398 est,
661 3320 772 3399 quibus
789 3323 949 3399 crispinus
971 3321 1122 3399 praeeratr
1140 3311 1163 3366 θῑ

202 3405 357 3485 Epicydes
379 3405 570 3482 eruptionem
587 3406 618 3466 in
633 3406 782 3468 stationes
796 3405 934 3468 Marcelli
949 3404 1036 3475 iecit;
1058 3407 1087 3462 et
1100 3398 1162 3458 clas·

203 3486 246 3547 sla
267 3487 382 3549 Punica
406 3486 501 3564 litori,
531 3490 615 3566 quod
640 3491 718 3552 inter
742 3489 850 3551 urbem
871 3496 902 3551 et
924 3497 1026 3552 castra
1046 3487 1164 3548 Romana
