2466 3900
225 259 338 321 Llltalt
352 259 459 321 xxlv.
482 259 566 321 car.
580 270 607 324 u.
623 271 666 324 ro.
688 259 726 339 [ι.
742 267 775 320 c.
790 263 854 342 art]
990 261 1031 328 11

69 431 99 476 ac
118 413 271 474 discrimen
293 427 429 474 summac
450 427 551 473 rerum
574 411 742 490 iaciebant,
775 430 815 475 ne
837 413 908 490 quis
929 421 982 476 aut
1001 415 1031 476 in

66 498 221 575 exemplum
242 498 419 573 exquireret
439 505 491 558 aut
511 504 690 573 suspectum
711 495 890 573 cupiditatis
911 498 1031 575 imperii
1122 496 1132 510 “

63 585 207 642 consulem
227 581 368 642 haberet:
392 581 466 657 quin
486 580 653 642 laudabant
665 581 771 658 potlus
791 581 1032 658 magnitudinem

63 665 153 742 animi,
164 666 245 741 quod
256 681 326 726 cunr
334 681 453 726 summo
466 665 650 741 imperatore
662 680 734 726 esse
745 681 826 742 opus
837 665 1032 743 reipublicae

63 752 151 824 sciret,
166 765 261 825 seque
272 756 336 809 tum
345 748 429 808 haud
441 748 534 810 dubie
545 763 626 825 esse,
637 749 764 810 minoris
775 749 922 810 invidiam
934 767 1031 827 suern,

63 835 85 894 si
96 850 152 909 qua
163 850 199 893 ex
209 849 243 894 re
255 839 402 908 oreretur,
415 849 506 908 qnam
516 833 674 895 utilitatem
685 833 730 893 rei
741 832 884 910 publicae
896 835 1031 896 iecisset.

135 917 170 978 X.
196 917 260 993 Quo
277 917 330 978 die
343 916 554 992 magistratum
574 916 706 977 inierunt
720 917 881 993 consules,
905 926 1031 980 senatus

63 1003 89 1061 in
109 1002 244 1078 Capitolio
267 1009 318 1063 est
337 1000 475 1076 habitus,
503 1001 721 1076 decretumque
741 1002 877 1064 omnium
891 1003 1030 1079 primurn,

63 1094 91 1146 ut
104 1089 235 1148 consules
250 1085 436 1147 sortirentur
450 1092 702 1161 compararentve
716 1085 796 1146 inter
809 1101 858 1158 so,
879 1091 948 1148 uter
960 1103 1031 1147 cen-

65 1171 169 1232 soribus
180 1170 325 1231 creandis
337 1169 460 1231 comitia
470 1169 605 1245 haberet,
621 1170 800 1246 priusquam
810 1171 851 1230 ad
865 1171 1031 1232 exercitum

67 1255 304 1330 proficisceretur.
321 1259 520 1330 prorogatum
530 1253 642 1313 deinde
653 1254 814 1329 imperium
826 1253 967 1316 omnibus
978 1255 1032 1330 qui

71 1339 104 1397 ad
122 1340 258 1402 exercilus
284 1345 386 1413 erant,
409 1337 549 1413 iussique
563 1338 594 1398 in
615 1337 783 1413 provinciis
805 1352 944 1410 manere,
966 1338 1031 1398 Tib.

69 1421 200 1484 Gracchus
211 1424 372 1497 Luceriae,
386 1421 440 1483 ubi
452 1437 522 1483 curn
532 1423 677 1483 volonum
691 1420 828 1481 exercitu
839 1428 913 1496 erat,
929 1421 963 1480 G.
974 1422 1030 1482 Te-

67 1507 161 1567 rentius
174 1509 276 1578 Varro
297 1507 329 1567 in
349 1523 424 1583 agro
439 1507 568 1583 Piceno,
589 1505 640 1566 Μ’.
654 1503 843 1581 Pomponius
858 1505 889 1564 in
905 1505 1031 1581 Gallico,

66 1598 90 1649 et
100 1598 246 1666 praetores
265 1591 378 1668 prioris
393 1591 464 1651 anni
476 1606 533 1667 pro
548 1596 690 1667 praetore
702 1589 736 1663 0.
748 1589 867 1650 Muclus
883 1588 1033 1651 obtineret

66 1673 225 1753 Sardiniam,
240 1677 284 1736 M.
297 1676 439 1736 Valerius
452 1675 493 1736 ad
502 1674 700 1738 Brundisium
715 1688 789 1734 orae
804 1673 971 1734 maritimae
986 1673 1031 1734 in-

66 1765 148 1820 tentus
168 1760 322 1822 adversus
346 1775 453 1820 omnes
468 1765 570 1821 motus
584 1757 716 1835 Philippi
729 1757 1032 1834 Macedonumregis

67 1852 219 1919 praeesset3
248 1845 283 1904 P.
307 1844 448 1907 Cornelio
469 1843 597 1904 Lentulo
619 1840 754 1919 praetori
776 1841 881 1902 Sicilia
908 1842 1032 1902 decreta

65 1929 213 2006 provincia,
235 1929 271 1988 Τ.
284 1928 410 1990 Otacilio
427 1927 537 1990 classis
552 1922 670 2001 eadam,
691 1942 782 2005 quam
798 1927 949 1988 adversus
961 1927 1031 1986 Car-

64 2009 257 2089 thaginienses
272 2013 376 2089 priore
390 2028 471 2073 anno
485 2011 655 2072 habuisset.
676 2019 679 2024 '

132 2097 275 2174 Prodigia
290 2113 328 2158 eo
343 2113 424 2157 anno
440 2097 534 2156 multa
547 2097 685 2156 nuntiata
701 2102 780 2172 sunt,
798 2109 877 2171 quae
893 2108 954 2169 quo
969 2108 1032 2151 rna-

64 2179 102 2253 gis
122 2183 286 2242 credebant
307 2181 464 2256 simplices
487 2195 522 2240 ac
543 2178 678 2254 religiosi
700 2177 858 2253 bominac,
885 2193 923 2237 eo
945 2176 1033 2253 plura

64 2264 279 2328 nuntiabantur:
295 2264 424 2326 Lanuvii
438 2265 469 2324 in
485 2263 563 2324 aede
578 2263 659 2324 intus
671 2261 815 2339 Sospitae
827 2261 951 2321 lunonis
964 2276 1030 2322 cor·

64 2362 111 2408 vos
130 2348 232 2410 nidum
252 2349 381 2420 iecisse3
410 2348 441 2407 in
462 2346 577 2424 Apulia
595 2347 728 2423 palmam
751 2346 879 2406 viridem
899 2343 1032 2414 arsisse;
1094 2417 1097 2420 ,

64 2429 188 2494 llantuae
208 2441 352 2509 stagnum
373 2431 505 2494 eiiusum
517 2431 630 2491 Mincio
647 2431 728 2490 amni
743 2439 902 2491 cruentum
914 2428 1031 2500 visum,

64 2521 88 2574 et
100 2517 214 2580 Calibus
237 2524 320 2578 creta
340 2523 371 2578 ct
383 2517 500 2577 Romae
515 2516 545 2575 in
566 2517 634 2576 loro
649 2513 778 2574 bovario
794 2514 944 2589 sanguine
967 2514 1032 2590 plu·

67 2598 149 2674 tisse3
164 2603 239 2662 etin
255 2602 324 2662 vico
339 2601 453 2662 Insteio
467 2602 582 2660 lontem
596 2599 654 2660 sub
669 2605 781 2660 terram
795 2598 924 2660 tentavi
939 2615 1033 2674 aqua-

64 2698 120 2743 rum
132 2685 276 2762 llmrisse,
297 2693 331 2748 ut
344 2685 443 2746 serias
465 2684 624 2759 doliaque,
648 2698 728 2760 quae
747 2683 777 2743 in
793 2699 831 2743 eo
846 2684 915 2742 loco
938 2691 1033 2756 erant,

66 2771 214 2840 provoluta
233 2771 317 2832 velut
337 2770 469 2846 impetus
490 2768 633 2829 torrentis
653 2768 771 2839 tulerit;
793 2773 874 2828 tacta
892 2767 930 2826 de
947 2767 1033 2827 caelo

66 2853 160 2914 auium
179 2855 336 2932 publicum
356 2853 387 2913 in
403 2853 568 2930 capitolio,
592 2852 700 2912 aedem
720 2853 752 2912 in
768 2866 878 2926 campo
893 2850 1033 2925 Vulcani,

67 2951 161 2998 nucem
181 2941 211 3001 in
227 2938 366 3014 Sabinis,
386 2938 603 3014 publicamque
625 2936 707 2997 viam
722 2951 840 2997 murum
863 2949 899 2996 ac
914 2942 1035 3011 portam

67 3017 166 3082 Gabiis.
199 3023 259 3084 iam
278 3024 338 3084 alia
359 3023 482 3098 vulgata
503 3021 650 3081 miracula
671 3028 771 3081 orante
793 3019 913 3080 hastam
927 3018 1033 3080 Martis

67 3099 214 3168 Praeneste
233 3123 291 3168 sua
312 3113 422 3184 sponte
442 3111 631 3184 promotam;
652 3104 765 3165 bovem
786 3105 816 3166 in
832 3103 936 3164 Sicilia
950 3105 1034 3164 locu·

68 3190 133 3260 tum;
148 3191 290 3253 infantem
304 3191 335 3252 in
350 3197 437 3252 utero
447 3189 552 3251 matris
566 3191 596 3249 in
603 3189 785 3250 Marrucinis
801 3189 850 3249 “io
862 3186 1033 3263 triumphe„

70 3269 219 3347 clamasse;
253 3292 294 3337 ex
317 3275 444 3338 muliere
469 3275 586 3351 Spoleti
612 3274 710 3334 virum
735 3274 862 3343 iactum;
901 3271 1034 3331 Hadriae
1068 3292 1073 3302 ·
1151 3275 1154 3282 '

71 3366 139 3416 tram
152 3357 181 3418 in
195 3361 281 3421 caclo
297 3360 483 3436 speciesque
494 3359 651 3419 hominum
665 3358 777 3418 circum
793 3370 861 3415 eam
877 3370 946 3415 curn
962 3371 1033 3414 cau·

73 3433 132 3498 dida
149 3451 231 3505 veste
245 3445 331 3505 visas
346 3458 428 3504 esse.
459 3442 532 3519 quia
546 3443 664 3502 Rornae
680 3453 802 3513 quoque
817 3437 847 3494 in
869 3438 939 3510 ipsa
958 3436 1034 3496 urbe

74 3526 221 3589 secundum
239 3544 332 3606 apum
353 3541 481 3588 exanren
502 3526 533 3586 in
548 3526 616 3586 loro
630 3523 732 3582 visum
754 3518 951 3578 adfirmantes
966 3519 1035 3592 qui·
