2466 3900
165 203 276 265 LIBER
289 203 382 264 XXV.
405 202 489 265 cAP.
505 213 531 264 2
543 210 570 268 d.
593 209 631 280 [ι.
642 209 679 267 tt.
691 225 716 266 c.
728 213 790 270 bid
805 229 830 268 a.
843 214 876 273 C.
888 215 951 283 21²]
1009 209 1051 274 5³

81 355 220 424 decemvir
231 369 403 416 emturum.
427 354 459 416 in
472 355 591 418 Lentuli
604 357 706 418 locum
719 357 760 420 ld.
774 357 932 422 Cornelius
944 358 1047 424 cetae

79 453 142 514 gns,
166 437 195 498 in
213 438 330 522 Papinii
355 439 408 500 cn.
430 438 581 502 Servilius
602 440 717 518 caepio
741 442 903 518 pontitlccs
929 443 1050 508 suffecti

76 529 151 596 suut,
171 533 267 600 cumn
292 532 417 586 creatus
437 525 471 584 L.
487 523 647 599 Quinctius
669 525 873 604 Flamininus,
894 527 1051 590 decemvir

73 621 220 670 sacrarum
232 607 266 670 L.
283 607 446 670 menalius
460 609 620 671 Lentulus.

148 691 343 754 comitiorum
358 693 567 756 cunsmaritnn
582 693 643 756 iam
657 697 824 772 appetebat
836 704 973 774 tempus,
992 698 1050 759 sed

73 776 137 850 quia
149 778 292 839 canadas
307 777 423 840 abella
437 779 572 841 intentos
586 775 719 842 evadare
733 797 796 842 nan
810 782 961 857 placebat,
983 781 1049 844 Tib.

71 858 260 940 Sempronius
282 864 394 924 consul
415 864 606 926 comitiorum
621 879 718 926 eausa
732 865 910 928 dictatorem
925 866 1002 928 dixit
1016 865 1049 932 C.

74 944 215 1007 claudam
236 946 418 1008 centonem.
447 945 485 1008 ab
502 962 539 1010 eo
554 948 701 1023 magister
721 949 857 1024 equium
879 956 926 1010 ast
947 948 1048 1010 dictus

73 1028 230 1104 9.Fulvius
244 1031 391 1094 Flaccus.
427 1032 558 1096 dictator
579 1033 676 1108 primo
698 1031 843 1094 condidi
862 1033 914 1094 die
934 1034 1050 1094 amavit

73 1117 214 1177 consulem
228 1117 264 1193 Q.
276 1117 422 1178 Fulvium
431 1115 578 1180 Flaccum
592 1117 770 1192 magistrum
785 1116 931 1193 eqmtmn,
946 1119 1047 1193 ctAp.

74 1199 213 1261 Claudium
236 1201 424 1276 Pmchnm,
454 1202 504 1262 eui
529 1200 634 1262 Sicilia
662 1200 823 1276 provincia
847 1201 877 1262 in
904 1209 1048 1277 praetura

77 1282 166 1344 tuerat.
189 1293 254 1347 tum
269 1292 435 1362 praetores
450 1286 543 1346 creati
559 1285 612 1347 cn.
627 1285 754 1346 Fuluius
767 1284 897 1346 Flaccus
913 1284 945 1344 c.
961 1284 1046 1345 clau·

80 1365 134 1425 dius
151 1368 225 1432 lieno
239 1370 282 1432 Μ.
300 1370 408 1433 lunius
423 1369 547 1432 Silanus
564 1368 597 1430 Ρ.
615 1369 775 1432 cornelias
792 1368 886 1430 Sulla.
918 1367 1046 1430 comitiis

75 1451 197 1524 perlectis
218 1454 358 1517 dietmar
371 1454 551 1530 magistratu
566 1454 648 1516 abiit.
684 1453 794 1515 aedilis
809 1453 924 1514 curulis
939 1451 995 1513 luit
1010 1467 1047 1514 eu

75 1550 143 1596 anno
163 1553 231 1600 cum
251 1540 296 1600 M.
314 1539 457 1602 Commio
472 1538 607 1614 cethego
628 1538 661 1600 Ρ.
678 1537 839 1600 cumdius
854 1536 976 1613 Scipio,
998 1537 1046 1598 cui

72 1627 132 1693 post
148 1623 297 1688 anteana
326 1625 385 1686 init
408 1636 591 1700 cognomen.
625 1623 698 1685 huie
723 1622 838 1698 petenti
863 1621 1048 1683 aedilitatem

74 1717 130 1764 cum
152 1707 343 1771 absisterent
361 1707 475 1770 luibani
497 1707 612 1783 plebis,
641 1712 790 1782 negantes
811 1707 960 1768 rationem
981 1705 1047 1768 eius

74 1785 231 1854 habandam
245 1809 339 1870 esse,
362 1794 447 1870 quod
462 1792 600 1854 nondum
613 1791 655 1851 ad
669 1790 834 1867 petendum
848 1789 983 1866 legitima
996 1805 1047 1849 ae·

73 1877 111 1933 tus
125 1884 217 1954 asset,
239 1879 291 1955 „si
306 1883 376 1940 rne“
397 1877 497 1954 inquit
510 1891 639 1951 „omnes
653 1874 784 1950 Quirites
799 1875 930 1936 aedilem
944 1874 1048 1933 lacera

72 1958 176 2036 volunt,
196 1965 274 2027 satis
292 1979 444 2025 annorum
458 1961 589 2023 habeo‘t
621 1967 706 2024 tauta
721 1959 794 2020 inde
808 1959 914 2020 iuvare
929 1957 969 2016 ad
983 1957 1046 2018 sui·

73 2040 188 2116 ingiam
208 2048 373 2110 terendum
388 2048 420 2108 in
435 2047 534 2108 tribus
552 2045 727 2106 discursum
742 2051 804 2120 cst,
825 2050 859 2103 ut
872 2039 985 2101 tribuni
1000 2055 1047 2100 re-

75 2133 155 2198 pente
168 2129 294 2209 incepto
312 2131 494 2194 destiterint
524 2129 666 2190 aedilicia
678 2127 798 2203 largitio
812 2126 889 2188 baec
905 2123 968 2196 linit,
983 2123 1045 2218 ludi

72 2207 188 2275 Romani
208 2233 268 2292 pro
283 2215 433 2294 temporis
447 2215 529 2275 illius
544 2214 644 2290 copiis
658 2210 820 2287 magnifiee
835 2209 906 2270 iacti
922 2213 953 2268 et
967 2206 1047 2267 diem

74 2309 156 2356 unum
174 2299 351 2377 instaumti,
373 2308 405 2362 et
424 2299 526 2376 congii
540 2299 601 2360 olei
615 2299 646 2358 in
661 2298 749 2359 viem
764 2294 905 2370 singulm
920 2289 991 2351 dati.
1013 2290 1046 2352 L.

73 2376 169 2444 Villius
183 2386 346 2463 Tappulus
367 2392 399 2446 et
411 2383 452 2445 Μ.
467 2383 646 2445 Fundanius
663 2378 822 2442 Fundulus
844 2377 960 2438 aediles
982 2375 1046 2450 ple·

74 2459 115 2520 bai
133 2468 248 2546 aliquot
272 2478 431 2532 matronas
453 2469 538 2545 apud
558 2469 707 2543 populun
728 2461 833 2539 probri
853 2467 1046 2534 accusarunt,

75 2551 210 2618 quasdam
232 2571 274 2616 ex
296 2555 341 2615 eis
358 2555 519 2615 damnatas
536 2551 567 2611 in
582 2550 722 2611 exsilium
738 2553 873 2622 egerunt.
905 2544 968 2606 ludi
982 2545 1046 2620 ple-

74 2626 125 2691 beii
144 2651 199 2710 per
216 2639 345 2700 biduum
366 2635 527 2698 instaurati
550 2641 580 2696 et
593 2633 675 2693 lovis
696 2633 821 2707 epulum
836 2629 892 2691 luit
906 2629 1046 2691 ludunum

76 2726 166 2778 causa.

146 2803 194 2865 III.
217 2807 252 2883 Q.
264 2807 391 2869 Fulvius
402 2807 533 2866 Flaccus
547 2801 667 2865 tertium
679 2799 802 2875 Appius
815 2796 959 2860 claudius
975 2812 1046 2858 ecn-

78 2882 194 2950 sulntum
212 2892 329 2953 ineunt.
357 2897 388 2951 et
408 2895 568 2966 praetores
590 2883 767 2962 provincias
788 2881 887 2943 sortiti
907 2889 993 2954 sunt,
1013 2879 1046 2939 P.

78 2963 220 3037 camelus
243 2975 329 3038 Sulla
354 2975 506 3036 urbanam
526 2977 557 3033 et
577 2968 786 3046 pereffluam,
812 2981 892 3043 quac
916 2966 1047 3027 duorum

79 3057 137 3112 ante
154 3072 220 3121 sors
239 3062 353 3135 iuerat,
376 3058 428 3120 cn.
445 3057 572 3119 Fulvius
585 3054 716 3114 Flaccus
731 3051 889 3128 Apuliam,
912 3049 942 3111 c.
959 3049 1046 3111 clau·

79 3130 136 3196 dius
149 3139 225 3206 Nero
243 3144 440 3217 Suessulam,
462 3139 624 3200 dilanias
641 3137 765 3197 Silanus
778 3137 906 3196 Tuscos.
933 3147 1046 3194 consu-

79 3213 146 3282 libus
163 3225 276 3291 bellum
297 3244 366 3289 eum
380 3223 552 3287 Hannibale
572 3229 603 3284 et
624 3221 715 3282 binae
736 3220 873 3296 legiones
889 3215 1046 3277 decretales

81 3300 143 3364 altbr
160 3325 178 3370 a
197 3311 229 3386 Q.
245 3309 343 3374 Fabio
364 3309 535 3386 superioris
558 3307 627 3368 anni
649 3305 790 3377 consule,
811 3303 887 3363 alter
906 3298 1045 3360 aFulvia

83 3380 237 3458 Centumalo
253 3397 419 3474 acciperet.
453 3399 630 3470 praemium
643 3388 741 3450 Fulvii
754 3385 871 3458 Flacci,
896 3398 976 3460 quae
989 3380 1045 3444 Lu·

85 3470 168 3536 eeliac
186 3481 242 3542 sub
263 3480 397 3542 Aemilio
419 3483 576 3555 praetore,
602 3471 732 3534 Neronis
754 3466 886 3546 claudii,
914 3483 993 3546 quae
1015 3465 1044 3524 in
