2448 3900
267 267 382 329 LIBER
395 267 486 328 xxx.
510 269 593 329 cap.
607 279 649 330 ro.
662 280 704 332 11.
727 270 881 348 [acrae]
1012 271 1074 336 331

84 417 208 481 moveri
228 417 266 478 ab
287 417 429 480 hostibus
449 418 606 496 viderunt,
627 427 691 483 tum
709 421 832 483 demum
847 425 1004 486 onerarias
1020 426 1074 487 ad·

81 501 275 578 gradiuntur.
313 518 365 564 res
394 510 460 565 arat
488 503 610 564 nainime
639 505 797 566 certamini
825 508 927 568 navali
955 508 1072 581 similis,

83 587 229 663 proxime
244 585 380 662 speciem
391 601 496 648 muros
509 588 751 664 oppugnantium
762 591 895 651 navium.
915 592 1074 653 altitudine

81 671 276 747 aliquantum
305 669 464 732 onerariae
495 672 696 748 superabanu
736 688 776 733 ex
807 674 948 736 rostratis
978 674 1073 737 Poeni

81 771 170 814 vana
183 755 339 830 pleraque,
355 760 462 830 utpote
476 756 588 831 supino
603 756 693 831 iactu,
707 759 768 817 tela
778 756 809 816 in
820 757 921 819 locum
933 759 1072 836 superio·

82 854 154 899 rem
167 839 339 909 mittebant;
361 839 485 913 gravior
499 855 535 900 aa
550 840 689 915 pondere
702 839 772 915 ipso
787 840 924 902 libratior
938 858 1073 918 superne

84 938 130 982 ex
145 921 292 984 onerariis
308 923 386 984 ictus
398 930 476 984 erat:
492 924 718 1008 speculatoriae
729 939 825 984 naves
837 941 874 985 ac
888 926 969 986 levia
979 925 1071 1006 [ipsa]

83 1007 220 1082 navigia,
236 1021 316 1082 quae
328 1007 386 1068 sub
403 1007 564 1070 constratis
575 1007 713 1084 pontium
726 1023 782 1083 per
793 1008 952 1070 intervalla
963 1025 1072 1072 exaur-
1091 1039 1096 1046 ·

82 1090 210 1164 rebant,
232 1091 331 1167 primo
353 1093 442 1168 ipsae
461 1097 545 1154 tanto
560 1091 676 1167 impetu
690 1098 721 1153 et
733 1092 943 1168 magnitudine
955 1101 1071 1155 rostra·

82 1183 187 1236 tarum
208 1173 430 1245 obruebantur;
457 1175 569 1236 deinde
590 1182 621 1236 et
640 1176 923 1252 propugnatoribus
946 1193 1072 1255 quoque

84 1259 301 1321 incommodae
316 1266 412 1334 erant,
429 1260 512 1335 quod
527 1261 697 1335 permixtae
713 1275 781 1322 cum
794 1259 929 1323 hostium
940 1261 1072 1322 navibus

84 1343 226 1404 inhibere
246 1358 338 1419 saepe
356 1345 418 1404 tela
432 1344 584 1420 cogebant
596 1351 694 1420 metu,
715 1359 755 1405 ne
769 1344 913 1422 ambiguo
928 1345 990 1407 ictu
1006 1345 1071 1406 suis

83 1427 265 1488 inciderent
288 1435 445 1503 postremo
459 1443 584 1490 asseres
599 1429 699 1490 ferreo
713 1444 795 1491 unco
807 1429 939 1506 praefixi
949 1465 992 1476 —
1002 1429 1070 1490 har—

84 1526 227 1586 pagones
242 1519 392 1573 vocantur
401 1544 443 1557 -
455 1519 495 1572 ex
507 1512 630 1574 Punicis
645 1513 775 1575 nauibus
785 1512 857 1574 inici
872 1513 902 1574 in
914 1515 1069 1575 Romanas

84 1596 200 1670 coepti.
221 1613 300 1672 quos
316 1613 386 1657 cum
400 1611 502 1672 neque
516 1596 604 1673 ipsos
618 1612 720 1673 neque
735 1604 860 1659 catenas
875 1595 988 1680 quibu*
1001 1614 1069 1659 sus·

86 1679 178 1755 pensi
192 1679 392 1742 iniciebantur
406 1680 541 1741 incidere
553 1689 700 1757 possent,
723 1687 757 1743 ut
771 1697 915 1758 quaeque
928 1691 1011 1745 retro
1025 1683 1070 1744 io·

84 1763 184 1824 hibita
196 1771 329 1825 rostrata
342 1765 513 1826 onerariam
526 1765 702 1826 haerentem
716 1782 796 1827 unco
811 1766 955 1842 traheret,
970 1765 1071 1829 scindi

84 1846 211 1907 videres
236 1848 373 1923 vincula,
399 1849 511 1924 quibus
539 1848 599 1909 alia
625 1849 692 1910 aliis
717 1848 933 1925 innexuerat,
959 1851 1071 1912 seriem

85 1930 177 1991 aliam
203 1931 293 1992 simul
316 1932 447 2009 plurium
471 1932 595 1994 navium
619 1932 706 1994 trahi.
742 1933 803 1993 hoe
823 1933 956 1993 maxime
976 1934 1069 1994 modo

86 2015 213 2076 lacerati
234 2017 357 2092 quidem
379 2032 486 2078 omnes
508 2023 637 2092 pontes,
659 2020 690 2076 et
702 2016 755 2076 vix
768 2013 960 2077 transiliendi
975 2017 1005 2078 in
1020 2033 1070 2079 se

86 2100 223 2160 cundum
238 2099 376 2161 ordinem
390 2100 513 2162 nauum
525 2100 657 2176 spatium
669 2100 952 2177 propugnatoribus
966 2100 1069 2162 datum

85 2189 146 2243 est.
182 2199 239 2245 sex
260 2185 354 2244 ferme
379 2185 538 2247 onerariae
564 2184 721 2260 puppibus
748 2185 921 2244 abstractae
945 2184 1069 2247 Cartha-

84 2267 188 2343 ginem
208 2274 288 2330 sunt.
324 2268 421 2331 maior
442 2285 535 2344 quam
551 2284 608 2345 pro
622 2283 657 2328 re
670 2268 798 2342 laetitia,
819 2268 877 2328 sed
893 2284 930 2327 eo
947 2268 1069 2344 gratior,

85 2351 174 2426 quod
194 2350 272 2412 inter
294 2351 440 2413 adsiduas
462 2353 566 2413 clades
587 2367 624 2412 ae
643 2353 785 2412 lacrimas
800 2368 894 2414 unum
909 2357 1069 2427 quantum-

86 2451 220 2510 cumque
245 2451 285 2496 ex
309 2434 465 2512 insperato
493 2436 638 2511 gaudium
667 2436 835 2496 adfulserat
861 2451 929 2496 cum
956 2450 1009 2508 eo,
1036 2441 1069 2496 ut

87 2527 253 2594 appareret
265 2518 348 2580 haud
362 2521 469 2596 procul
482 2520 575 2582 exitio
589 2519 688 2580 luisse
697 2519 866 2580 Romanam
882 2519 1023 2594 classem,
1037 2518 1069 2580 ni

86 2608 243 2664 cessatum
265 2604 461 2679 apraelectis
478 2619 604 2670 suarum
624 2603 749 2664 nauum
771 2604 850 2664 loret
870 2610 901 2664 et
916 2601 1022 2678 Scipio
1037 2603 1065 2663 in

87 2694 226 2763 tempore
241 2687 445 2750 subvenisset

171 2772 221 2832 Xl.
242 2770 300 2833 Per
320 2773 447 2834 eosdem
463 2772 542 2833 forte
557 2772 623 2832 dies
638 2785 708 2832 eum
721 2771 843 2832 Laelius
858 2775 889 2831 et
902 2769 1068 2833 Masinissa

86 2855 193 2931 quinto
209 2855 328 2917 decimo
345 2859 439 2919 terme
454 2855 505 2916 die
518 2857 548 2915 in
562 2855 733 2916 Numidiam
749 2855 971 2931 pervenissent,
985 2853 1068 2916 Mae-

86 2937 167 3013 sulii,
183 2955 311 3016 regnum
325 2949 485 3017 paternum
499 2939 693 3014 Masinissae,
709 2939 779 3000 laeti
794 2945 829 2999 ut
841 2939 881 2999 ad
895 2954 1000 3014 regem
1015 2938 1068 2998 diu

85 3023 294 3086 desideratum
315 3041 509 3088 concessere.
547 3024 677 3104 Syphax
697 3023 796 3099 pulsis
817 3023 889 3084 inde
903 3022 1068 3098 praelectis

85 3108 313 3185 praesidiisque
334 3109 399 3170 suis
416 3117 519 3171 vetere
533 3124 569 3170 se
584 3107 759 3170 continebat
770 3121 876 3182 regno,
891 3105 1069 3181 neutiquam

87 3191 256 3266 quieturus.
294 3194 467 3255 stimulabat
484 3208 611 3269 aegrtm
632 3206 736 3253 amore
755 3205 836 3252 uxor
850 3205 1018 3266 socerque,
1039 3196 1068 3250 et

86 3282 128 3335 rte
150 3275 225 3336 viris
246 3278 398 3353 equisque
419 3275 609 3351 abundabat,
629 3283 665 3337 ut
684 3275 842 3335 subiectae
863 3273 961 3334 oculis
981 3273 1067 3350 regni

85 3373 143 3434 per
166 3362 278 3422 multos
304 3360 441 3422 florentis
467 3377 565 3422 annos
590 3361 673 3420 vires
699 3357 789 3418 etiam
812 3357 915 3418 minus
936 3357 1067 3428 barbaro

85 3449 178 3517 atque
206 3445 362 3522 impotenti
391 3443 491 3505 animo
520 3443 647 3519 spiritus
676 3447 806 3518 possent
830 3442 941 3503 iacere.
977 3439 1068 3515 igitur

86 3527 238 3605 omnibus,
255 3529 307 3606 qui
320 3529 402 3591 bello
416 3529 478 3605 apti
490 3535 584 3602 erant,
600 3527 631 3586 in
641 3542 735 3587 unum
747 3525 862 3585 coactis
872 3539 972 3596 equos
983 3539 1069 3584 arma
